1732 2526
566 33 1002 67 ΕΝΝΕΑΚΑΙΔΕΚΑΤΗ
1369 32 1457 73 215

114 151 219 182 στου
246 147 324 182 τοῦ
351 140 718 195 ἐπιβουλεύματος
745 137 985 192 γενομένου
1013 142 1289 191 κολασθεῖεν,
1309 142 1454 197 χρόνῳ

117 208 162 252 δὲ
194 217 252 267 τῷ
286 207 418 260 αὖθις
448 209 518 251 καὶ
551 216 601 265 τῇ
634 208 704 250 ἀπ’
741 208 877 250 αὐτοῦ
911 207 1053 250 ἐλπίδι
1085 211 1378 265 παραδιδόναι
1405 211 1456 251 τὰ

116 281 255 322 πάντα
299 281 357 331 ὡς
399 278 811 336 παραγενησομένης
853 280 971 328 τινὸς
1015 279 1163 328 αὐτοῖς
1207 279 1458 335 ἐπικουρίας

115 352 310 406 τυχαίου·
349 351 463 404 <45>
496 350 625 399 αὐτὸς
666 346 746 404 μὲν
777 349 859 403 γὰρ
897 348 982 390 ὑπὸ
1026 351 1169 404 γήρως
1200 349 1457 405 ἀφῃρῆσθαι

80 423 194 475 ῦτὴν
233 420 302 463 ἐπὶ
340 421 529 463 τοιοῖσδε
568 422 743 474 τόλμαν.
808 419 918 460 (τῶν
961 418 1110 472 μέντοι
1149 417 1191 472 γ’
1235 419 1320 461 ὑπὸ
1362 427 1458 473 σοῦ,

116 490 300 547 Χαιρέα,
342 489 646 533 συντεθέντων
688 489 758 531 καὶ
800 489 1030 544 ῥηθέντων
1069 488 1353 544 ἀσφαλε’στερ’
1403 490 1457 531 ἂν

116 565 218 611 ἴσως
249 562 516 616 ὑποθοίμην,
550 559 867 616 εὐπρεπέστερα
901 557 948 601 δὲ
980 567 1070 609 πῶς
1102 560 1156 602 ἄν
1188 576 1252 609 τις
1277 559 1347 601 καὶ
1382 561 1458 601 δύ-

113 631 278 682 ναιτο;’
311 632 425 685 <46>
458 630 529 673 καὶ
562 633 741 685 Κλήμης
772 628 852 685 μὲν
885 630 942 679 ὡς
975 630 1108 672 αὑτὸν
1137 630 1333 684 ἀναλύει,
1366 632 1458 671 δια-

114 705 306 759 λογισμῷ
333 709 420 743 τῶν
446 700 481 743 τ’
515 700 827 757 ἀκροαθέντων
847 699 918 742 καὶ
944 700 1120 743 ὁπόσων
1140 700 1269 749 αὐτὸς
1295 702 1457 754 εἰρήκει

61 786 93 810 10
113 774 471 827 περιφερόμενος·
508 771 693 827 Χαιρέας
725 769 773 813 δὲ
812 772 957 820 δείσας
994 771 1051 821 ὡς
1083 772 1336 824 Κορνήλιον
1369 774 1457 812 Σα-

111 845 241 896 βῖνον
273 843 488 897 ἠπείγετο,
519 840 591 883 καὶ
623 841 757 883 αὐτὸν
795 839 875 895 μὲν
913 844 1141 896 χιλιάρχον
1183 842 1302 894 ὄντα,
1341 840 1457 891 ἀξιό-

112 916 246 966 λογον
274 910 312 954 δ’
343 913 484 961 ἄλλως
510 912 839 966 ἐξεπιστάμενος
864 911 999 953 αὐτὸν
1019 910 1090 952 καὶ
1111 918 1189 954 τοῦ
1216 911 1455 966 ἐλευθέρου

112 982 299 1037 ἐραστὴν
331 981 399 1024 καὶ
441 981 498 1023 δι’
535 983 640 1024 αὐτὸ
679 988 729 1037 τῇ
768 982 1025 1024 καταστάσει
1064 989 1150 1024 τῶν
1190 982 1455 1036 πραγμάτων

111 1055 327 1107 πολεμίως
360 1054 651 1107 διακείμενον,
685 1053 798 1106 <47>
829 1050 999 1107 χρῄζων
1033 1051 1078 1093 ἐκ
1110 1058 1188 1093 τοῦ
1221 1051 1340 1102 ὀξέος
1372 1054 1456 1107 ἔχε-

27 1137 92 1175 ,ι5
112 1127 218 1165 σθαι
261 1131 349 1165 τῶν
394 1122 683 1177 ἐγνωσμένων
730 1128 805 1176 τῆς
851 1122 1136 1177 ἐγχειρήσεως
1178 1118 1255 1163 ὑπ’
1304 1123 1454 1176 αὐτοῦ,

111 1193 220 1235 καλὰ
252 1195 434 1247 νομίσας
466 1189 578 1234 εἶναι
604 1191 900 1248 προσθέσθαι,
931 1191 1003 1233 καὶ
1031 1191 1119 1234 δέει
1146 1193 1203 1246 μὴ
1231 1193 1314 1235 ὑπὸ
1340 1195 1456 1247 Κλή-

111 1278 266 1318 μεντος
298 1262 547 1318 ἐκφοίτησις
578 1262 755 1317 γένηται
795 1263 957 1317 αὐτῶν,
997 1263 1138 1312 ἄλλως
1175 1278 1218 1304 τε
1251 1264 1325 1313 τὰς
1357 1267 1456 1317 μελ-

113 1334 256 1386 λήσεις
287 1332 358 1375 καὶ
389 1340 477 1374 τῶν
509 1341 673 1388 καιρῶν
706 1334 780 1382 τὰς
812 1332 1031 1387 ἀναβολὰς
1062 1334 1171 1389 πρὸς
1206 1341 1293 1374 τῶν
1325 1333 1456 1388 ὑπερ-

111 1402 396 1458 βαλλομένων
427 1402 670 1458 τιθέμενος.

59 1490 93 1514 20
201 1474 314 1528 (48)
354 1472 446 1515 ἐπεὶ
488 1471 527 1514 δ’
577 1472 750 1530 ἀσμένῳ
792 1472 863 1514 καὶ
905 1480 963 1530 τῷ
1003 1476 1184 1531 Σαβίνῳ
1222 1475 1273 1515 τὰ
1314 1474 1454 1516 πάντα

112 1542 180 1598 ἧν,
221 1544 292 1585 ἅτε
331 1543 402 1585 καὶ
441 1545 555 1600 αὐτῷ
596 1545 772 1598 γνώμης
809 1541 889 1598 μὲν
928 1543 1006 1599 οὐχ
1045 1544 1304 1599 ὑστεροῦντι
1347 1548 1456 1599 ἴσης,

113 1614 273 1670 ἀπορία
305 1612 353 1656 δὲ
384 1614 492 1669 πρὸς
523 1612 658 1655 ὅντιν’
697 1613 751 1655 ἂν
777 1614 913 1655 εἰπὼν
940 1613 1138 1669 ἀσφαλὴς
1169 1619 1235 1668 εἴη
1269 1615 1319 1656 τὰ
1348 1617 1457 1670 πρὸς

114 1684 307 1734 ἐκείνους
339 1691 437 1740 σιγῇ
469 1685 776 1739 παραδιδόντι,
802 1709 858 1712 —
891 1683 981 1726 ἐπεὶ
1014 1681 1096 1727 οὖν
1128 1684 1290 1740 ἀνδρὸς
1320 1686 1456 1738 ηὐπό-

113 1771 217 1810 ρητο
269 1756 321 1797 οὐ
372 1757 510 1809 μόνον
555 1753 724 1808 στέγειν
775 1754 799 1796 ἃ
840 1755 1029 1797 πύθοιτο
1073 1755 1456 1810 προσθησομένου,

61 1839 94 1865 25
114 1825 223 1867 ἀλλὰ
254 1824 326 1867 καὶ
359 1826 538 1879 γνώμην
570 1831 868 1880 φανεροῦντος
893 1825 972 1878 τὴν
999 1825 1150 1879 αὑτοῦ,
1176 1829 1322 1882 πολλῷ
1350 1830 1456 1880 μᾶλ-

113 1899 194 1938 λον
224 1893 330 1951 ἦρτο
363 1895 434 1937 καὶ
467 1893 606 1950 μηδὲν
638 1897 700 1946 εἰς
732 1895 950 1950 ἀναβολὰς
982 1895 1120 1938 ἐδεῖτο
1146 1902 1225 1938 τοῦ
1253 1895 1455 1952 Χαιρέου.

112 1966 226 2020 <49>
257 1965 493 2019 τρέπονταί
520 1962 567 2007 θ’
605 1966 662 2015 ὡς
686 1968 997 2020 Βινουκιανόν,
1031 1967 1181 2017 αὐτοῖς
1206 1965 1286 2022 μὲν
1313 1966 1456 2021 ἐπιτη-

113 2037 258 2078 δεύσει
291 2036 444 2091 ἀρετῆς
475 2034 547 2077 καὶ
578 2042 636 2091 τῷ
665 2035 860 2094 ὁμοζήλῳ
888 2043 965 2078 τοῦ
991 2039 1322 2092 μεγαλόφρονος
1351 2049 1455 2090 συγ-

111 2113 234 2161 γενῆ,
266 2109 307 2148 Γ
304 2109 385 2164 αι”ῳ
424 2105 464 2148 δ’
506 2106 702 2148 ὕποπτον
739 2113 814 2161 τῆς
844 2108 1042 2149 Λεπίδου
1080 2111 1299 2162 τελευτῆς·
1337 2108 1455 2149 πάνυ

58 2189 93 2215 30
113 2177 195 2232 γὰρ
235 2178 289 2231 δὴ
327 2180 448 2232 φίλοι
487 2175 688 2229 ἐγένοντο
729 2179 1021 2227 Βινουκιανός
1060 2193 1104 2219 τε
1149 2176 1220 2220 καὶ
1265 2176 1456 2226 Λέπιδος

113 2246 185 2289 καὶ
224 2248 391 2302 δείματι
430 2247 653 2289 κινδύνων
691 2254 778 2290 τῶν
815 2246 916 2289 καθ’
960 2248 1129 2298 αὑτούς.
1197 2249 1309 2302 <50>
1350 2253 1456 2288 πᾶσι
