1732 2526
586 87 994 120 EHTAKAIAEKATH
1406 86 1431 127 9
1438 87 1459 126 1

119 195 313 248 γονυιάς,
345 192 415 235 καὶ
449 193 588 236 ὁπόσα
621 194 726 246 μετὰ
758 201 846 235 τῶν
869 194 1055 246 Φερώρα
1087 201 1311 246 γυναικῶν
1326 190 1463 236 Ἀντι-

118 265 266 321 πάτρῳ
298 263 510 318 ἠσέλγητο
542 261 636 317 μετ’
673 267 800 305 οῖ’νου
831 261 903 305 καὶ
931 264 1094 317 λύσσης
1120 263 1342 319 ἐρωτικῆς,
1375 272 1462 306 τῶν

118 350 161 376 τε
194 335 400 389 βασάνων
431 334 506 383 τὰς
537 333 785 388 ἀνακρίσεις
817 332 888 375 καὶ
921 334 1060 376 ὁπόσα
1085 342 1337 389 μαρτυριῶν
1371 334 1463 389 ἐχό-

117 420 238 458 μενα.
311 405 451 447 πολλὰ
496 402 544 446 δὲ
589 403 660 445 καὶ
704 411 891 446 παντοῖα
934 402 990 458 ἧν
1030 405 1082 445 τὰ
1132 402 1212 458 μὲν
1261 419 1463 459 προητοι-

82 488 98 512 ῦ
117 474 330 530 μασμένα,
360 475 412 516 τὰ
446 472 493 515 δὲ
525 475 633 529 πρὸς
663 475 712 516 τὸ
758 473 888 524 ὀξέως
922 474 1282 528 ἀπαγγέλλεσθαί
1315 490 1358 516 τε
1392 474 1461 515 καὶ

117 547 410 599 βεβαιοῦσθαι
443 543 727 599 ἐφευρημένα.
766 545 910 598 <122>
943 546 990 586 οἱ
1016 545 1098 598 γὰρ
1126 545 1355 599 ἄνθρωποι
1381 544 1463 586 κᾶν

117 620 162 657 εἴ
193 631 233 657 τι
272 616 378 656 κατὰ
417 617 560 669 φόβον
599 622 678 657 τοῦ
712 613 1012 670 Ἀντιπάτρου,
1045 616 1102 669 μὴ
1143 616 1324 669 διαδρὰς
1356 615 1464 669 ἀμύ-

117 701 239 728 νοιτο
279 685 452 738 αὐτούς,
491 691 591 740 σιγῇ
629 686 944 739 παρεδίδοσαν,
982 686 1170 740 ὁρῶντες
1207 686 1342 728 αὐτὸν
1375 686 1464 728 ἐπι-

117 758 252 810 βατὸν
292 763 384 805 ταῖς
423 758 703 810 κατηγορίαις
743 763 832 797 τῶν
873 755 1100 810 ἀρξάντων
1141 759 1355 810 γεγονότα
1392 755 1463 798 καὶ

64 840 97 863 10
116 828 196 880 τήν
239 841 341 868 ποτε
385 828 554 880 πολλὴν
601 827 716 883 αὐτῷ
764 833 986 869 συστᾶσαν
1041 828 1177 882 τύχην
1227 835 1465 882 προφανῶς

117 897 251 939 αὐτὸν
283 904 373 947 τοῖς
405 896 582 952 ἐχθροῖς
613 898 992 950 παραδεδωκυῖαν,
1028 900 1091 950 [οἳ
1113 896 1202 950 καὶ]
1237 898 1464 952 ἀπλήστως

117 970 271 1022 μίσους
314 973 392 1009 τοῦ
436 969 546 1020 πρὸς
588 967 723 1010 αὐτὸν
775 967 1080 1022 ἐνεφοροῦντο.
1151 969 1294 1022 <123>
1343 967 1464 1010 κατέ-

117 1039 280 1080 σπευδε
321 1035 368 1079 δὲ
400 1043 528 1079 τοῦτο
563 1037 615 1079 οὐ
652 1044 865 1080 τοσοῦτον
905 1040 1043 1094 ε”χθρα
1080 1046 1168 1080 τῶν
1201 1038 1464 1094 ἐπικεχειρη-

116 1110 258 1151 κότων
301 1115 560 1161 κατηγορεῖν
605 1108 664 1158 ὡς
707 1107 884 1163 μεγέθει
933 1111 1094 1162 τόλμης
1143 1105 1205 1150 ὧν
1256 1109 1462 1163 ἐπενόησε

24 1233 29 1237 “
63 1190 96 1217 15
117 1186 295 1233 κακιῶν,
327 1177 398 1220 καὶ
431 1180 692 1232 δυσμενείας
722 1185 799 1232 τῆς
829 1180 937 1232 πρὸς
968 1181 1045 1221 τὸν
1076 1178 1239 1233 πατέρα
1265 1179 1335 1221 καὶ
1362 1182 1464 1229 τοὺς

116 1249 351 1304 ἀδελφούς,
390 1249 580 1299 στάσεως
621 1248 693 1290 καὶ
732 1249 1104 1304 ἀλληλοφθοριῶν
1150 1249 1465 1304 ἀναπεπληκὼς

115 1321 192 1362 τὸν
225 1317 363 1374 οἷκον,
395 1319 467 1362 καὶ
498 1322 603 1374 μήτε
635 1322 751 1374 μίσει
793 1322 900 1362 κατὰ
942 1322 1070 1374 δίκην
1101 1322 1206 1375 μήτε
1242 1324 1368 1377 φιλία
1400 1319 1457 1363 δι’

116 1392 296 1433 εὔνοιαν
327 1392 564 1445 χρώμενος,
595 1389 689 1432 ἀλλ’
728 1391 785 1440 ὡς
816 1393 1023 1445 μελλήσοι
1061 1390 1176 1448 αὐτῷ
1211 1391 1463 1446 συμφέρειν.

117 1463 261 1515 <124>
313 1457 375 1508 ὧν
425 1461 632 1503 ἁπάντων
684 1460 730 1503 ἐκ
778 1459 964 1510 πλέονος
1013 1460 1161 1510 αὐτοῖς
1211 1462 1257 1503 οἱ
1307 1462 1463 1505 πολλοὶ

63 1544 98 1568 20
118 1531 576 1586 προανεσκοπημένοι,
620 1532 742 1585 οἵπερ
790 1532 842 1585 δὴ
887 1532 1072 1585 μάλιστα
1115 1531 1245 1586 ἀρετῇ
1295 1535 1464 1585 κρίνειν

116 1603 365 1657 πεφύκασιν
397 1601 466 1644 ἐπὶ
497 1610 588 1651 τοῖς
619 1603 842 1657 πράγμασι
875 1603 948 1643 διὰ
980 1604 1028 1644 τὸ
1060 1601 1132 1644 καὶ
1165 1603 1297 1657 ὀργῆ,Ί
1329 1603 1464 1657 ἀπηλ-

117 1672 343 1727 λαγμένως
382 1671 657 1727 ἐπιψηφίζειν
694 1680 785 1721 τοῖς
823 1671 1121 1726 γιγνομένοις,
1159 1674 1374 1727 καταβοὰς
1416 1673 1463 1715 ἐν

117 1751 208 1792 τοῖς
238 1741 344 1797 πρὶν
376 1742 625 1798 εἰρχθέντες
655 1747 896 1797 ποιεῖσθαι,
926 1743 1284 1798 παραγενομένης
1316 1743 1465 1794 ἀδείας

119 1812 326 1868 ἐξέφερον
358 1814 420 1863 εἰς
450 1811 586 1867 μέσον
619 1813 758 1855 ὁπόσα
790 1814 960 1855 εἰδεῖεν.
1011 1813 1156 1867 <1:25>
1193 1814 1468 1869 πολύτροποί

66 1895 100 1922 25
119 1900 163 1926 τε
194 1891 358 1926 κακιῶν
391 1883 634 1933 ἀποδείξεις
659 1880 787 1937 ἦσαν,
814 1883 1070 1939 οὐδαμόθεν
1094 1885 1289 1935 ψεύδους
1321 1886 1464 1926 αἰτίαν

120 1954 399 2008 ἐγκαλεῖσθαι
445 1953 686 2007 δυνάμεναι
732 1954 804 1995 διὰ
848 1955 896 1996 τὸ
935 1951 1031 2008 μητ’
1075 1954 1227 2011 εὐνοία
1265 1961 1314 2009 τῇ
1355 1958 1465 2009 πρὸς

111 2022 318 2081 ἹΙρώδην
350 2023 494 2078 λέγειν
525 2026 629 2074 τοὺς
658 2025 864 2079 πολλούς,
896 2023 1001 2080 μηθ’
1039 2025 1209 2082 ὑποψίᾳ
1239 2026 1464 2068 κινδύνων

119 2101 243 2149 σιγῆς
287 2092 354 2150 ἐφ’
404 2089 469 2144 οἷς
512 2097 654 2148 ἔχοιεν
697 2096 836 2137 εἰπεῖν
881 2095 1219 2151 ἐγκαλουμένης,
1257 2096 1367 2138 ἀλλὰ
1404 2103 1462 2153 τῷ

118 2165 290 2220 πονηρά
322 2163 369 2207 θ’
400 2165 606 2219 ἡγεῖσθαι
639 2166 688 2207 τὰ
718 2166 963 2221 πράγματα,
989 2165 1061 2208 καὶ
1086 2168 1164 2208 τὸν
1182 2165 1464 2221 Ἀντίπατρον

66 2247 101 2273 30
122 2236 203 2278 οὐκ
235 2235 452 2292 ἀσφαλείᾳ
482 2234 753 2291 τῇρΗρώδου
784 2240 974 2294 πονηρίᾳ
1006 2235 1054 2279 δὲ
1085 2243 1135 2292 τῇ
1163 2237 1299 2279 αὑτοῦ
1324 2238 1465 2291 πάσης

120 2305 244 2356 ἄξιον
275 2309 494 2362 τιμωρίας.
556 2308 700 2361 (126)
725 2308 865 2350 πολλά
890 2305 927 2349 τ’
964 2305 1020 2361 ἦν
1045 2307 1117 2349 καὶ
1142 2309 1259 2363 παρὰ
1287 2311 1464 2350 πολλῶν
