1732 2526
195 594 237 625 65

252 54 338 94 370
809 54 1038 87 ΙΩΣΗΠΟΤ

254 166 337 203 θεν
370 162 481 216 ἔχοι,
513 160 657 216 <335>
689 162 887 211 εἰπόντος
920 158 957 202 δ’
991 160 1037 203 ἐκ
1068 166 1142 215 τῆς
1176 161 1283 202 κατὰ
1307 162 1437 203 πόλιν
1464 159 1599 216 ἁρπα-

254 239 351 286 γῆς,
404 231 574 274 ἐκεῖνον
619 230 699 286 μὲν
742 236 928 286 πληγαῖς
971 232 1177 284 ἐκόλασα,
1227 239 1317 281 τοῖς
1360 227 1404 273 δ’
1451 232 1600 282 ἄλλοις

253 303 415 343 ἅπασιν
453 302 665 356 ἠπείλησα
702 303 831 356 μείζω
863 304 1075 357 τιμωρίαν
1114 301 1343 355 ἐπιθήσειν
1383 302 1441 356 μὴ
1478 304 1599 356 κομί-

254 384 382 413 σασιν
415 373 475 421 εἰς
506 370 757 427 τούμφανὲς
787 372 868 414 ὅσα
899 372 1162 426 ἡρπάκεσαν.
1218 375 1394 414 πολλῶν
1420 369 1468 413 δὲ
1495 383 1599 414 συν-

253 440 496 496 αχθέντων,
529 441 693 500 ἑκάστῳ
727 450 814 484 τῶν
848 441 1082 498 Τιβεριέων
1115 443 1162 484 τὸ
1190 440 1467 496 ἐπιγνωσθὲν
1499 441 1599 484 ἀπέ-

253 514 383 554 δωκα.

342 583 487 637 <336>
513 584 705 637 γεγονὼς
732 580 772 625 δ’
799 583 992 626 ἐνταῦθα
1017 591 1092 638 τῆς
1118 584 1359 638 διηγήσεως
1383 584 1600 638 βούλομαι

253 656 360 708 πρὸς
387 652 582 696 Ἰοῦστον
614 653 687 696 καὶ
718 654 852 696 αὐτὸν
878 656 959 708 τὴν
984 653 1082 709 περὶ
1108 655 1277 697 τούτων
1303 656 1600 708 πραγματείαν

255 726 525 779 γεγραφότα,
564 726 673 779 πρός
712 740 756 766 τε
797 726 898 774 τοὺς
938 725 1099 774 ἄλλους
1139 727 1240 774 τοὺς
1283 725 1479 779 ἱστορίαν
1520 721 1600 779 μὲν

254 795 441 850 γράφειν
472 794 866 850 ὑπισχνουμένους,
898 793 997 850 περὶ
1025 793 1072 836 δὲ
1098 796 1177 850 τὴν
1203 794 1418 849 ἀλήθειαν
1445 795 1598 848 ὀλιγώ-

254 881 359 919 ρους
398 863 470 907 καὶ
511 863 567 906 δι’
606 866 774 920 ἔχθραν
815 865 840 919 ἣ
882 865 1010 921 χάριν
1050 866 1098 906 τὸ
1140 866 1302 915 ψεῦδος
1340 865 1421 907 οὐκ
1458 864 1600 920 ε’ντρε-

253 935 492 990 πομένους,
524 936 654 990 μικρὰ
688 936 897 978 διελθεῖν.
959 936 1104 990 <337>
1135 936 1373 988 πράττουσι
1405 933 1486 990 μὲν
1516 935 1600 991 γὰρ

256 1006 410 1061 ὅμοιόν
462 1021 501 1046 τι
552 1013 643 1055 τοῖς
685 1004 785 1058 περὶ
836 1008 1117 1060 συμβολαίων
1160 1006 1328 1047 πλαστὰ
1370 1006 1614 1061 γράμματα

254 1078 580 1129 συντεθεικόσι,
614 1083 673 1133 τῷ
708 1074 756 1117 δὲ
788 1077 1003 1131 μηδεμίαν
1044 1077 1205 1130 ὁμοίως
1241 1078 1454 1131 τιμωρίαν
1495 1076 1601 1118 ἐκεί-

257 1163 349 1197 νοις
382 1146 575 1189 δεδιέναι
600 1153 929 1202 καταφρονοῦσι
955 1153 1030 1201 τῆς
1056 1146 1276 1201 ἀληθείας.
1326 1147 1472 1201 <338>
1494 1143 1599 1189 Ἰοῦ-

255 1230 354 1266 στος
394 1224 505 1271 γοῦν
549 1217 821 1272 συγγράφειν
866 1218 940 1266 τὰς
981 1216 1080 1272 περὶ
1123 1224 1281 1259 τοῦτον
1326 1216 1601 1272 ἐπιχειρήσας

253 1287 429 1342 πράξεις
459 1289 536 1330 τὸν
567 1290 774 1342 πόλεμον,
805 1285 915 1341 ὑπὲρ
943 1294 1022 1330 τοῦ
1049 1289 1196 1330 δοκεῖν
1221 1290 1462 1343 φιλόπονος
1487 1284 1601 1330 εἶναι

256 1358 362 1413 ἐμοῦ
407 1356 486 1412 μὲν
530 1357 837 1411 κατέψευσται,
881 1358 1100 1412 ἠλήθευσε
1145 1354 1188 1398 δ’
1237 1355 1340 1399 οὐδὲ
1382 1357 1482 1412 περὶ
1525 1364 1601 1412 τῆς

254 1429 474 1483 πατρίδος.
525 1429 633 1470 ὅθεν
666 1427 1048 1484 (ἀπολογήσασθαι
1077 1429 1159 1483 γὰρ
1185 1433 1269 1470 νῦν
1296 1427 1491 1483 ἀνάγκην
1517 1430 1598 1484 ἔχω

255 1497 882 1554 καταψευδομαρτυρούμενος)
915 1498 998 1553 ε’ρῶ
1030 1499 1081 1540 τὰ
1113 1497 1238 1554 μέχρι
1269 1505 1354 1541 νῦν
1387 1510 1599 1554 σεσιωπη-

256 1569 375 1623 μένα.
435 1570 578 1623 <339>
611 1568 683 1611 καὶ
714 1571 772 1624 μὴ
805 1569 1014 1625 θαυμάσῃ
1046 1586 1111 1619 τις
1142 1570 1209 1611 ὅτι
1246 1570 1303 1623 μὴ
1336 1570 1469 1611 πάλαι
1500 1569 1599 1624 περὶ

256 1641 423 1681 τούτων
467 1639 684 1694 ἐδήλωσα·
735 1646 794 1697 τῷ
839 1640 922 1694 γὰρ
968 1640 1164 1695 ἱστορίαν
1208 1640 1508 1695 ἀναγράφοντι
1549 1642 1599 1683 τὸ

255 1708 334 1764 μὲν
368 1710 604 1764 ἀληθεύειν
636 1710 897 1765 ἀναγκαῖον,
936 1710 1072 1761 ἔξεστι
1111 1709 1149 1751 δ’
1186 1711 1303 1765 ὅμως
1340 1712 1398 1765 μὴ
1436 1718 1600 1766 πικρῶς

254 1782 328 1830 τὰς
360 1788 493 1822 τινῶν
524 1783 736 1836 πονηρίας
774 1780 988 1836 ἐλέγχειν,
1029 1781 1081 1823 οὐ
1123 1782 1196 1823 διὰ
1236 1782 1316 1836 τὴν
1353 1784 1461 1835 πρὸς
1493 1780 1600 1823 ἐκεί-

257 1867 358 1901 νους
389 1851 517 1906 χάριν
550 1850 659 1893 ἀλλὰ
692 1852 765 1892 διὰ
796 1853 876 1905 τὴν
909 1851 1044 1893 αὑτοῦ
1076 1853 1344 1906 μετριότητα.

342 1921 486 1974 <34Ο>
516 1928 606 1970 πῶς
639 1917 720 1962 οὖν
755 1919 845 1976 (ἵνα
877 1929 946 1974 φῶ
979 1922 1087 1975 πρὸς
1118 1921 1253 1963 αὐτὸν
1283 1921 1340 1970 ὡς
1370 1920 1600 1977 παρόντα),

252 1989 426 2044 Ἰοῦστε,
460 1992 679 2033 δεινότατε
712 1990 1004 2045 συγγραφέων
1037 1991 1184 2046 (τοῦτο
1211 1992 1293 2046 γὰρ
1327 1992 1471 2047 αὐχεῖς
1500 1992 1599 2047 περὶ

256 2060 460 2116 σεαυτοῦ)
502 2066 631 2103 αἴτιοι
676 2063 918 2116 γεγόναμεν
960 2061 1043 2115 ἐγώ
1087 2077 1130 2103 τε
1171 2061 1244 2103 καὶ
1281 2064 1507 2104 Γαλιλαῖοι
1547 2068 1599 2117 τῇ

255 2132 430 2185 πατρίδι
464 2143 544 2173 σου
577 2137 650 2184 τῆς
680 2133 789 2185 πρὸς
813 2130 1049 2186 Ῥωμαίους
1080 2131 1151 2173 καὶ
1178 2133 1285 2187 πρὸς
1310 2133 1386 2174 τὸν
1417 2131 1599 2186 βασιλέα

1620 809 1653 834 10

1620 1160 1653 1186 15

1619 1512 1653 1538 20

1618 1862 1651 1888 25

256 2201 463 2250 στάσεως;
507 2201 650 2254 <341>
692 2204 908 2256 πρότερον
949 2203 1030 2256 γὰρ
1074 2202 1098 2255 ἢ
1138 2200 1211 2256 ἐμὲ
1250 2208 1326 2256 τῆς
1362 2204 1598 2252 Γαλιλαίας
1615 2214 1651 2240 30

256 2272 496 2324 στρατηγὸν
529 2271 614 2313 ὑπὸ
647 2277 725 2313 τοῦ
763 2279 916 2314 κοινοῦ
953 2280 1041 2314 τῶν
1067 2270 1427 2326 Ἱεροσολυμιτῶν
1457 2288 1598 2328 χειρο-
