1732 2526
498 64 779 100 ADNOTATIO
806 65 1004 102 CRITICA.
1363 68 1430 102 XV

80 170 203 205 αὐτῶν
228 170 268 205 τὸ
294 169 380 214 περὶ
406 169 469 205 τὸν
496 175 653 214 συγγενῆ
680 176 849 206 τοιοῦτον
875 174 1027 216 γεγονός
1051 173 1114 208 Ns.
1138 195 1180 198 —
1203 178 1221 216 5
1245 178 1312 208 246
1338 175 1428 208 Καί-

80 229 175 273 σαρά
201 241 242 273 γε
269 228 346 271 Bk„
372 228 547 273 Καίσαρά
572 242 610 264 τε
637 229 711 273 vlg.
733 250 776 255 —
798 234 816 272 5
845 234 911 265 247
940 231 1004 265 καὶ
1030 233 1186 276 μανιάν·
1216 233 1263 272 ὡς
1289 235 1429 277 μανίαν

80 287 143 323 Ns.
165 309 207 313 ——
229 291 248 330 5
269 290 336 321 247
363 292 619 332 κατακρινεῖν·
647 288 714 324 fut.
736 287 841 325 Coeo.
863 291 929 325 est.
954 310 993 315 ——
1016 294 1033 332 5
1055 294 1122 324 247
1151 291 1330 335 ἁμαρτεῖν
1351 292 1430 336 Ns„

79 346 307 396 ἁμαρτάνειν
332 346 407 391 vlg.
441 367 483 372 —
517 350 535 388 ξ
563 350 631 381 248
658 347 814 392 τροπήν·
848 346 968 392 ῥοπήν
995 349 1058 383 Ns.
1093 371 1135 374 —
1170 354 1188 392 5
1216 354 1283 384 248
1316 350 1428 386 inser.

79 406 157 442 Hw.
185 406 242 446 ὡς.
269 426 313 431 --
339 409 358 448 5
386 409 453 440 249
480 406 598 450 νομὴν
625 407 754 450 αὐτῆς·
787 407 920 452 κοινὴν
946 408 1062 451 αὐτήν
1088 409 1213 444 AME.
1242 430 1286 434 —
1313 413 1332 451 5
1360 414 1426 444 252

79 464 315 505 στασιαστάς·
350 465 552 505 στασιώτας
577 465 623 508 Ε,
650 466 878 509 στρατιώτας
898 467 1004 501 codd.
1038 488 1080 492 —
1115 472 1133 509 5
1159 471 1227 502 253
1256 469 1318 516 βίᾳ
1344 469 1422 502 eiic.

77 523 144 560 Bk.
170 544 214 549 —-
241 527 260 566 5
287 527 354 558 255
380 525 542 559 τοσῶνδε
566 524 647 568 Bk„
673 526 827 560 τοιῶνδε
856 526 927 570 vlg.
955 548 998 552 —
1026 530 1045 568 5
1072 530 1139 560 255
1166 527 1318 571 refingit
1342 527 1426 562 Ns.:

78 582 116 618 οἵ
137 582 205 628 μὲν
230 583 294 618 τὸν
322 580 556 628 ἱππόδρομον
582 583 835 630 ἀπολαβόντες
860 590 924 619 τοῦ
952 583 1052 629 ἱεροῦ
1079 584 1171 630 πρὸς
1196 587 1428 633 μεσημβρίαν

76 640 336 687 τετραμμένοι,
371 643 435 676 καὶ
467 647 539 677 τῶν
571 642 612 677 δὲ
645 645 783 677 λοιπῶν
815 643 883 678 δύο
910 650 1030 688 μερῶν
1058 642 1096 679 οἷ
1117 644 1184 689 μὲν
1210 645 1250 679 τὸ
1278 645 1425 692 βόρειον

76 698 188 745 εἶχον,
214 707 326 746 μοῖρα
352 702 392 736 δὲ
414 702 548 736 αὐτῶν.
569 722 612 726 -
633 706 652 744 5
673 705 741 735 255
762 701 1020 747 τετραμμένοι·
1048 702 1298 748 τετραμμένου
1321 703 1424 740 Cocc.

76 779 119 785 —-
156 764 174 801 5
210 763 278 794 258
314 759 467 804 συνέστη
503 760 580 804 Df.‚
617 761 745 807 συνῄει
771 762 843 806 vlg.
881 781 923 788 ·-
961 766 981 804 5
1017 766 1085 796 259
1120 765 1256 807 πολλῆς
1290 763 1423 808 μάχης·

74 821 222 858 πολλοῖς
253 818 400 864 ἀμάχου
432 819 471 856 Ρ.
505 820 550 855 cf.
577 819 642 855 Ns.
668 820 785 865 praef.
811 820 894 856 Vol.
923 821 971 855 ΠΙ
999 834 1034 866 p.
1062 821 1191 857 XXIII.
1227 843 1270 848 —
1304 826 1322 864 5
1355 826 1424 857 259

75 874 115 912 ἐκ
146 879 256 914 inser.
289 878 405 914 Huds.
434 879 498 913 Ns.
536 899 579 904 —
615 883 634 921 5
671 883 737 913 262
775 879 794 914 ὁ
830 879 870 914 δὲ
907 880 1062 922 ξύλωσιν
1097 880 1285 926 παρέχων·
1323 881 1345 925 ἡ
1382 881 1423 917 δὲ

74 936 225 980 ξύλωσις
250 936 464 982 παρέχουσα
491 938 620 974 ΑΜΕ.
654 959 697 963 —
732 942 751 980 5
779 943 846 973 262
873 943 989 986 κηρῷ,
1018 939 1063 974 cf.
1090 940 1184 974 Plin.
1212 940 1308 975 Hist.
1336 941 1421 976 Nat.

73 995 193 1032 XXXI
219 1000 264 1030 14
289 996 349 1030 fin.
377 996 456 1032 Hw.
490 1018 533 1022 -—
567 1001 585 1039 5
618 1001 684 1031 262
719 995 833 1032 εἶκεν·
872 995 962 1043 ἐκάη
990 998 1054 1033 Ns.
1090 1020 1131 1024 —
1164 1003 1182 1041 5
1216 1003 1282 1034 262
1316 998 1424 1034 κατέ-

73 1056 202 1102 λαβεν·
223 1055 503 1102 κατελάμβανεν
523 1055 564 1090 Ε.
586 1077 629 1081 -
651 1060 669 1098 5
692 1059 760 1090 264
780 1055 980 1097 ὠσθέντες·
1007 1057 1355 1102 παρακομισθέντες
1375 1058 1422 1102 M,

75 1113 260 1155 σωθέντες
283 1114 325 1150 Ε.
353 1136 395 1139 -
423 1119 442 1157 5
470 1118 537 1149 265
564 1120 709 1153 κτενεῖν
735 1115 799 1151 Ns.
827 1115 927 1159 Cob.‚
955 1118 1114 1151 κτείνειν
1139 1117 1214 1162 vlg.
1241 1139 1286 1142 —
1313 1121 1332 1159 5
1354 1121 1422 1152 267

73 1173 193 1219 χρόνῳ
218 1172 266 1216 Ε,
292 1173 428 1218 χρόνου
455 1174 562 1209 codd.
590 1195 633 1199 -—
660 1178 679 1216 5
706 1178 773 1208 267
802 1171 1023 1219 ἐλευθερίαν
1048 1176 1116 1220 τὴν
1142 1176 1316 1220 πάτριον·
1353 1177 1421 1221 τὴν

56 1229 295 1277 ’ἐλευθερίαν
321 1232 505 1278 πατρικήν
526 1232 567 1268 Ε.
588 1254 632 1258 -—
655 1237 673 1275 5
695 1237 762 1267 268
789 1233 962 1279 ἄγνωμον
982 1235 1108 1278 ΑΜΕ,
1136 1235 1324 1280 εὔγνωμον
1347 1236 1421 1280 vlg.

72 1312 115 1317 —
145 1295 164 1334 5
185 1295 253 1326 268
279 1291 678 1337 κατασταθησομένου·
704 1292 1028 1338 καταστησομένου
1047 1294 1136 1329 ΑΜ.
1160 1316 1201 1319 -
1224 1298 1243 1336 5
1264 1298 1332 1329 270
1351 1294 1422 1340 γάρ

71 1350 183 1386 inser.
217 1350 284 1385 Bk.
328 1372 372 1376 —
415 1355 434 1394 5
472 1355 541 1386 270
572 1350 756 1399 Ἀχιάβου·
789 1350 1018 1399 Ἀλκιβιάδου
1055 1353 1178 1389 codd!
1215 1375 1259 1379 -—
1294 1358 1313 1395 5
1356 1358 1423 1388 273

0 1434 4 1437 -
71 1411 222 1459 ἀκρισίᾳ
247 1410 351 1455 Em.,
383 1411 545 1455 ἀκρασία
572 1411 678 1446 codd.
711 1432 754 1436 -——
787 1415 806 1454 5
834 1415 903 1445 274
933 1411 978 1446 τὰ
1011 1409 1343 1458 ἐγκατειλημμένα·
1376 1413 1422 1447 τὰ

71 1466 427 1515 ἐγκαταλελειμμένα
447 1469 534 1515 vlg.‚
560 1470 692 1505 eadem
711 1471 826 1505 verba
845 1471 958 1515 paulo
979 1471 1077 1506 infra
1103 1471 1273 1516 delenda,
1299 1471 1419 1507 Herw,

71 1549 113 1554 -—
143 1532 163 1571 5
192 1532 260 1563 274
286 1528 527 1573 συνεστηκόσι
552 1528 650 1573 Ern.,
678 1526 890 1574 ἐνεστηκόσι
911 1530 1016 1565 codd.
1043 1552 1086 1556 -
1115 1534 1133 1572 ξ
1160 1534 1227 1565 275
1255 1529 1319 1565 ὑπ’
1343 1531 1420 1574 Ns„

70 1586 138 1622 ἀπ’
166 1587 241 1632 vlg.
276 1608 320 1613 —
357 1592 375 1630 5
409 1591 476 1622 275
504 1594 749 1632 στρατιωτῶν·
784 1595 995 1634 στρατηγῶν
1021 1589 1086 1624 Ns.
1123 1611 1166 1614 —
1203 1594 1222 1631 5
1256 1593 1323 1623 278
1356 1590 1417 1624 καὶ

70 1645 134 1681 διὰ
160 1645 227 1691 τὴν
252 1646 395 1691 ἡδονὴν
420 1652 485 1682 τοῦ
503 1637 570 1682 ἐπὶ.
590 1641 718 1691 princ„
745 1651 794 1694 τῷ
814 1647 1003 1693 κτώμενόν
1026 1660 1064 1682 τε
1085 1648 1201 1693 αὐτὴν
1221 1647 1360 1693 ἡδονῆς
1380 1650 1419 1692 Ρ,

69 1704 241 1750 κτωμένω
278 1703 320 1740 δέ
355 1705 481 1741 ΑΜΕ.
517 1726 560 1731 --
597 1709 616 1748 5
649 1709 717 1740 278
752 1706 946 1751 ἀνάλωμα·
983 1707 1200 1752 ἀναλώμασι
1236 1707 1340 1742 codd.
1377 1729 1420 1733 —

70 1767 89 1806 5
115 1767 184 1798 279
210 1763 405 1811 πρόβλημα
431 1764 488 1799 ed.
516 1776 588 1810 pr.‚
620 1765 788 1810 πρόεχμα
813 1765 858 1809 Ρ,
883 1765 1081 1811 πρόλημμα
1106 1765 1194 1800 AM.
1229 1756 1271 1791 '—
1304 1770 1323 1809 5
1350 1770 1417 1800 282

69 1822 281 1868 διάφευξις·
308 1823 492 1866 διάζευξις
517 1823 558 1859 Ε.
586 1828 675 1873 -Ιξ
702 1828 769 1859 282
797 1821 969 1869 ἐμπεσεῖν
994 1825 1033 1869 Ρ,
1062 1822 1102 1859 έν
1127 1830 1242 1860 πᾶσιν
1267 1825 1343 1860 rell.
1374 1847 1414 1851 —

69 1886 89 1925 5
115 1885 183 1916 282
209 1887 272 1927 τῆς
297 1888 486 1927 στρατιᾶς·
519 1888 562 1931 τῇ
590 1887 740 1932 στρατιᾷ
767 1883 847 1919 Hw.
873 1883 938 1919 Ns.
972 1905 1015 1909 —-
1049 1888 1068 1927 5
1095 1888 1163 1918 283
1189 1884 1420 1929 τοιουτοτρό-

68 1954 153 1981 ποις
179 1940 300 1986 Cocc.‚
330 1942 513 1982 τοιούτοις
537 1943 687 1987 τρόποις
711 1943 795 1988 vlg..
813 1963 857 1968 —
885 1947 904 1985 5
923 1946 1001 1993 ’284
1025 1941 1289 1988 λελυπημένος·
1317 1946 1418 1978 λελυ-

69 1998 179 2046 μένος
202 2000 328 2036 ΑΜΕ.
362 2021 404 2026 -
438 2005 457 2042 5
484 2004 552 2035 285
580 1998 835 2046 ἐμποιοῦντες·
871 2001 1119 2042 καθιστάντες
1144 2003 1192 2037 Μ.
1225 2023 1268 2028 -
1302 2006 1321 2045 5
1348 2005 1416 2036 287

62 2061 282 2105 ,συμμαχίαν
309 2060 394 2095 add.
420 2059 461 2095 E.
497 2081 538 2086 --
574 2065 592 2103 5
624 2064 692 2094 287
724 2065 830 2106 χεῖρα
855 2061 948 2105 ΑΜ,
985 2062 1109 2106 χώραν
1135 2062 1178 2105 Ρ,
1207 2072 1277 2097 om.
1303 2061 1344 2096 Ε.
1371 2083 1418 2087 -—

6 2157 11 2164 Ι
71 2122 90 2160 5
117 2122 185 2154 288
212 2118 248 2154 οἳ
272 2118 319 2163 Ε,
347 2118 383 2154 οἳ
407 2120 497 2164 περί
518 2119 614 2163 ΓΘΗ,
648 2121 752 2165 οἵπερ
779 2119 900 2154 Herw.
935 2142 977 2146 —
1010 2125 1029 2163 5
1057 2123 1124 2154 289
1150 2121 1291 2165 προϊών
1317 2120 1415 2165 Ern.,

69 2178 232 2222 προσιών
256 2178 331 2223 vlg.
364 2199 407 2204 -
441 2182 460 2221 5
488 2181 554 2213 291
589 2175 893 2214 ἔντετελευκότων
920 2179 1005 2222 Bk,
1037 2179 1416 2224 συντετελευτηκότων

66 2235 142 2281 vlg.
164 2257 206 2262 —-
229 2241 248 2279 5
262 2240 330 2272 293
352 2236 596 2277 συνελθόντες
615 2239 742 2278 αὐτοῖς
761 2240 840 2272 καί·
863 2238 1110 2279 συνελθόντος
1130 2239 1255 2278 αὐτοῖς
1275 2238 1321 2278 ὡς
1335 2237 1415 2274 Hw.

67 2314 113 2320 —
134 2299 153 2338 5
175 2299 244 2331 294
268 2295 618 2342 προαπηντήκασιν·
645 2296 982 2342 προαπηντήκεσαν
1003 2298 1124 2335 HerW.
1146 2318 1189 2323 —-
1210 2301 1278 2333 296
1305 2297 1416 2332 οὐδα-
