1732 2526
631 84 969 115 EKKAIAEKATII
1416 80 1471 121 53

129 190 209 232 δύο
254 185 345 230 κατ’
393 190 521 244 ἰσχὺν
563 188 635 230 καὶ
674 187 861 243 μέγεθος
903 190 1158 243 τιμώμενοι,
1196 186 1474 238 Ἰούκουνδος

127 259 198 301 καὶ
236 260 473 315 Τύραννος.
535 256 657 301 οὗτοι
689 259 1074 314 προσκρούσαντος
1107 259 1255 309 αὐτοῖς
1287 266 1365 301 τοῦ
1397 262 1474 313 βα-

128 329 283 379 σιλέως
314 329 585 384 ἀπεωσμένοι
617 336 707 379 τοῖς
739 328 838 384 περὶ
865 329 1154 384 Ἁλέξανδρον
1180 327 1291 383 ἦσαν
1320 341 1473 371 συνιπ-

127 403 360 455 παζόμενοι
392 398 464 441 καὶ
496 400 603 441 κατὰ
636 402 885 454 γυμνασίαν
910 401 1164 454 τιμώμενοι,
1196 402 1272 441 καί
1299 417 1339 441 τι
1371 416 1475 455 χρυ-

94 485 109 510 5
129 474 227 514 σιόν
258 470 330 513 καὶ
363 471 528 526 δωρεὰς
560 471 693 519 ἄλλας
726 469 987 525 ἐλάμβανον.
1050 470 1195 525 <315>
1228 470 1366 519 εὐθὺς
1393 468 1475 512 οὖν

127 540 198 584 καὶ
231 542 413 590 τούτους
445 541 467 583 ὁ
499 542 707 595 βασιλεὺς
740 541 851 596 ἔχων
884 540 931 582 ἐν
964 541 1173 591 ὑποψίαις
1209 540 1475 595 ἐβασάνιζεν.

128 615 173 654 οἳ
202 609 250 653 δὲ
282 613 702 666 διακαρτερήσαντες
732 613 875 654 πολὺν
906 613 1069 666 χρόνον
1103 611 1290 665 ὕστερον
1322 613 1476 665 ἔλεγον

128 683 194 724 ὅτι
225 684 375 734 πείθοι
407 683 616 737 φονεύειν
648 682 810 732 αὐτοὺς
835 681 1044 737 “Ηρώδην
1059 680 1358 737 Ἀλέξανδρος,
1384 680 1475 723 ἐπεὶ

126 755 230 808 περί
255 768 297 794 τι
328 751 592 807 κυνηγέσιον
625 755 790 808 θηρίον
824 753 998 795 διώκων
1036 753 1298 809 προσβάλοι·
1343 753 1477 794 δυνα-

75 839 107 863 10
127 825 205 866 τὸν
243 824 325 877 γὰρ
365 820 478 865 εἶναι
517 823 661 877 λέγειν
702 824 760 873 ὡς
798 823 881 865 ἀπὸ
919 830 1000 865 τοῦ
1031 824 1166 866 ἵππου
1202 822 1478 879 κατενεχθεὶς

128 893 336 949 ἐμπαρείη
369 902 462 943 ταῖς
488 892 647 936 ἑαυτοῦ
675 896 868 949 λόγχαις·
901 893 972 935 καὶ
998 895 1081 949 γὰρ
1107 896 1324 949 πρότερον
1360 894 1476 950 αὐτῷ

127 971 329 1007 τοιοῦτον
374 963 582 1018 γενέσθαι
626 965 782 1014 πάθος.
855 965 998 1019 (316)
1044 963 1269 1016 ἐπέδειξαν
1315 962 1362 1006 δὲ
1407 963 1478 1006 καὶ

127 1037 311 1090 χρυσίον
344 1035 391 1077 ἐν
425 1036 586 1077 ἱππῶνι
624 1035 1036 1091 κατορωρυγμένον,
1074 1035 1146 1077 καὶ
1184 1037 1261 1077 τὸν
1301 1035 1478 1090 ἀρχικύ-

128 1122 266 1160 νηγον
298 1105 530 1161 ἐξήλεγχον
563 1107 629 1148 ὅτι
660 1105 732 1148 καὶ
759 1108 918 1161 λόγχας
944 1107 1092 1156 αὐτοῖς
1118 1107 1216 1161 δοίη
1250 1107 1478 1160 βασιλικὰς

78 1189 110 1215 15
129 1176 202 1219 καὶ
239 1185 332 1227 τοῖς
365 1176 654 1232 Ἀλέξανδρον
691 1179 1021 1232 θεραπεύουσιν
1055 1177 1180 1230 ὅπλα,
1220 1177 1478 1225 κελεύοντος

131 1247 312 1290 ἐκείνου.

247 1318 392 1373 <317>
426 1320 531 1373 μετὰ
563 1319 746 1369 τούτους
777 1318 800 1361 ὁ
833 1319 1114 1374 φρούραρχος
1144 1317 1477 1372 Ἀλεξανδρείου

131 1388 402 1445 συλληφθεὶς
439 1389 733 1444 ἐβασανίζετο·
772 1388 844 1431 καὶ
886 1390 969 1445 γὰρ
1011 1389 1178 1439 ἐκεῖνος
1216 1390 1359 1430 αἰτίαν
1390 1385 1479 1443 εἶχε

132 1458 337 1511 δέξεσθαι
368 1466 419 1515 τῇ
451 1467 628 1517 φρουρᾷ
654 1459 726 1502 καὶ
751 1459 955 1514 παρέξειν
980 1467 1071 1509 τοῖς
1098 1462 1346 1509 νεανίσκοις
1376 1461 1481 1514 χρή-

77 1544 110 1568 20
130 1547 241 1586 ματα
266 1531 542 1586 ὑπεσχῆσθαι
567 1531 619 1572 τὰ
644 1532 821 1584 κείμενα
840 1537 928 1571 τῶν
947 1532 1188 1584 βασιλικῶν
1218 1528 1310 1571 κατ’
1337 1529 1478 1572 ἐκεῖνο

131 1603 178 1644 τὸ
210 1602 440 1657 φρούριον.
481 1601 625 1655 <318>
645 1600 774 1650 αὐτὸς
800 1598 880 1655 μὲν
913 1597 995 1642 οὖν
1022 1597 1154 1642 οὐδὲν
1181 1601 1480 1655 ὡμολόγησεν,

131 1672 226 1721 υἱὸς
270 1670 308 1713 δ’
359 1671 495 1713 αὐτοῦ
539 1671 777 1727 παρελθὼν
822 1669 942 1712 ταῦτ’
999 1672 1080 1725 ἔφη
1131 1669 1364 1726 γενέσθαι,
1407 1670 1480 1713 καὶ

132 1739 346 1797 γράμματ’
384 1740 601 1784 ἐπέδωκεν
634 1742 691 1792 ὡς
722 1741 892 1783 εἰκάσαι
917 1747 992 1795 τῆς
1007 1739 1300 1797 Ἀλεξάνδρου
1325 1745 1480 1798 χειρός.

132 1812 414 1867 ττελέσαντες,
460 1814 543 1854 σὺν
587 1817 678 1870 θεῷ
725 1814 886 1867 εἰπεῖν,
927 1812 952 1854 ἃ
990 1811 1281 1867 προυθέμεθα
1323 1813 1480 1867 πάντα,

79 1896 112 1920 25
132 1884 292 1938 ἥξομεν
329 1884 438 1938 πρὸς
480 1884 601 1937 ὑμᾶς.
665 1882 774 1924 ἀλλὰ
813 1883 1073 1938 πειράθητε,
1111 1883 1260 1933 καθὼς
1300 1882 1480 1939 ὑπέσχε-

134 1959 232 2008 σθε,
264 1953 475 2004 δέξασθαι
507 1955 618 2008 ἡμᾶς
648 1959 708 2010 τῷ
741 1953 969 2011 φρουρι’ῳ.’
1033 1953 1179 2008 <319>
1211 1955 1316 2008 μετὰ
1349 1960 1478 1996 τοῦτο

133 2027 181 2067 τὸ
225 2032 522 2080 γραμματεῖον
566 2024 588 2066 ὁ
633 2022 714 2079 μὲν
750 2023 952 2080 “Ηρώδης
996 2023 1140 2067 οὐκέτι
1190 2023 1480 2079 ἐνδοιασίμως

135 2093 220 2151 εἶχε
251 2095 351 2151 περὶ
383 2102 457 2150 τῆς
488 2102 577 2137 τῶν
607 2096 779 2137 παίδων
811 2097 874 2145 εἰς
906 2095 1041 2137 αὐτὸν
1080 2094 1330 2150 ἐπιβουλῆς,
1362 2093 1480 2137 Ἀλέ-

136 2166 322 2221 ξανδρος
348 2165 396 2208 δὲ
417 2168 675 2221 Διόφαντον
708 2168 790 2221 ε”φη
824 2168 900 2208 τὸν
926 2165 1178 2221 γραμματέα
1203 2166 1479 2220 μιμήσασθαι

83 2249 117 2273 30
136 2238 214 2279 τὸν
262 2238 415 2291 τύπον,
466 2235 538 2278 καὶ
583 2234 639 2278 δι’
684 2235 970 2292 Ἀντιπάτρου
1019 2240 1384 2291 κακουργηθῆναι
1430 2237 1478 2277 τὸ

135 2308 469 2362 γραμματίδιον·
515 2307 537 2350 ὁ
583 2308 665 2362 γὰρ
710 2309 964 2362 Διόφαντος
1007 2306 1149 2348 ἐδόκει
1198 2307 1249 2348 τὰ
1299 2312 1479 2348 τοιαῦτα
