1732 2526
174 1663 191 1693 7

210 67 296 107 29ss
704 66 1066 99 ΑΡΧΑΙΟΛΟΓΙΑΣ

210 173 365 229 τέρατα
391 171 461 214 καὶ
489 180 659 227 σημεῖα,
685 173 792 214 κατὰ
818 173 897 226 τὴν
923 179 1000 213 τοῦ
1030 176 1140 213 θεοῦ
1167 173 1381 225 πρόνοιαν
1408 174 1555 225 γιγνό-ἰ

211 260 331 299 μενα.
394 242 464 285 καὶ
491 239 646 285 πολλοὶ
678 243 932 292 πεισθέντες
963 248 1038 295 τῆς
1063 242 1319 296 ἀφροσύνης
1343 244 1555 296 τιμωρίαν

210 314 420 369 ὑπέσχον·
477 312 750 368 ἀναχθέντας
798 314 881 367 γὰρ
929 312 1088 361 αὐτοὺς
1139 311 1278 366 Φῆλιξ
1336 307 1552 354 ἐκόλασεν.

211 385 355 438 <169>
388 384 634 439 ἀφικνεῖται
667 383 718 426 δέ
747 400 811 433 τις
843 383 885 433 ἐξ
908 384 1135 436 Αἰγύπτου
1162 383 1269 424 κατὰ
1295 389 1453 425 τοῦτον
1479 383 1555 424 τὸν

211 457 366 508 καιρὸν
400 457 460 504 εἰς
491 456 543 496 τὰ
569 453 866 510 Ἱεροσόλυμα,
898 455 1124 508 προφήτης
1156 451 1268 495 εἶναι
1302 452 1457 507 λέγων,
1485 451 1556 494 καὶ

194 525 528 580 ’συμβουλεύων
569 532 628 581 τῷ
675 527 892 581 δημοτικῷ
937 527 1097 579 πλήθει
1151 526 1233 565 σὺν
1284 524 1399 579 αὑτῷ
1450 525 1558 578 πρὸς

213 598 315 651 ὅρος
353 598 401 638 τὸ
442 598 884 650 προσαγορευόμενον
921 602 1009 636 τῶν
1043 593 1226 636 Ἐλαιῶν
1265 596 1494 649 ἔρχεσθαι,
1535 593 1557 635 ὃ

212 673 287 720 τῆς
330 668 495 715 πόλεως
535 667 740 721 ἄντικρυς
777 667 980 719 κείμενον
1021 663 1168 720 ἀπέχει
1213 665 1369 706 στάδια
1412 663 1558 705 πέντε·

213 736 357 790 <170>
395 735 547 777 θέλειν
584 737 667 789 γὰρ
716 737 904 789 ἔφασκεν
949 735 1095 784 αὐτοῖς
1139 735 1310 777 ἐκεῖθεν
1352 734 1560 784 ἐπιδεῖξαι

213 807 270 856 ὡς
313 807 599 855 κελεύσαντος
643 806 780 847 αὐτοῦ
823 808 974 847 πίπτοι
1017 806 1068 847 τὰ
1111 813 1198 847 τῶν
1240 804 1559 860 Ἱεροσολύμων

213 879 345 932 τείχη,
371 873 429 918 δι’
460 873 521 918 ὧν
548 876 627 929 τὴν
654 877 832 918 εἴσοδον
858 876 1006 925 αὐτοῖς
1031 876 1233 929 παρέξειν
1260 874 1560 929 ἐπηγγέλλετο.

214 947 360 1002 <171>
383 946 521 1001 Φῆλιξ
550 945 587 987 δ’
621 947 678 995 ὡς
712 946 900 988 ἐπύθετο
931 953 1082 999 ταῦτα,
1112 947 1279 988 κελεύει
1310 953 1402 995 τοῖς
1435 957 1562 1000 στρα-

214 1018 387 1066 τιώταις
419 1017 658 1070 ἀναλαβεῖν
691 1018 742 1058 τὰ
775 1017 900 1070 ὅπλα,
930 1016 1003 1058 καὶ
1041 1018 1147 1071 μετὰ
1188 1019 1365 1058 πολλῶν
1399 1015 1563 1058 ἱππέων

193 1103 259 1131 ,τε
299 1086 371 1129 καὶ
414 1090 554 1138 πεζῶν
593 1088 787 1142 ὁρμήσας
825 1087 908 1128 ἀπὸ
946 1094 1034 1128 τῶν
1066 1085 1387 1141 Ἱεροσολύμων
1429 1097 1563 1141 προσ-

216 1158 367 1211 βάλλει
399 1166 489 1207 τοῖς
519 1156 618 1211 περὶ
650 1159 727 1199 τὸν
752 1158 1015 1210 Αἰγύπτιον·
1048 1156 1121 1198 καὶ
1152 1158 1458 1211 τετρακοσίους
1483 1154 1563 1210 μὲν

218 1228 363 1270 αὐτῶν
396 1228 558 1282 ἀνεῖλε,
592 1229 844 1276 διακοσίους
877 1225 924 1268 δὲ
959 1230 1119 1278 ζῶντας
1151 1230 1318 1282 ἔλαβεν.
1357 1227 1507 1280 <172>
1541 1227 1563 1269 ὁ

217 1299 256 1339 δ’
281 1299 522 1351 Αἰγύπτιος
554 1298 685 1347 αὐτὸς
717 1298 901 1351 διαδρὰς
933 1297 979 1339 ἐκ
1004 1303 1079 1350 τῆς
1110 1298 1247 1352 μάχης
1272 1297 1443 1351 ἀφανὴς
1474 1296 1565 1351 ε’γέ-

217 1385 330 1410 νετο.
392 1368 524 1409 πάλιν
559 1367 596 1409 δ’
618 1369 682 1409 ὀἱ
705 1367 857 1423 λῃσταὶ
883 1369 962 1409 τὸν
988 1368 1129 1421 δῆμον
1155 1369 1218 1416 εἰς
1243 1368 1320 1408 τὸν
1345 1369 1453 1422 πρὸς
1466 1367 1565 1409 Ῥω-

219 1441 374 1493 μαίους
412 1440 603 1492 πόλεμον
642 1438 868 1492 ἠρέθιζον,
907 1438 963 1491 μὴ
1005 1438 1099 1478 δεῖν
1139 1437 1380 1479 ὑπακούειν
1418 1438 1566 1488 αὐτοῖς

221 1509 436 1563 λέγοντες,
466 1507 538 1550 καὶ
571 1509 645 1557 τὰς
676 1516 763 1550 τῶν
790 1508 1097 1550 ἀπειθούντων
1123 1509 1269 1562 κώμας
1295 1507 1564 1562 ἐμπιμπράν-

219 1596 287 1630 τες
323 1581 572 1634 διήρπαζον.

311 1651 455 1703 <Ut-3>
488 1652 682 1703 γίγνεται
715 1647 763 1690 δὲ
795 1648 865 1690 καὶ
897 1656 985 1690 τῶν
1019 1648 1290 1700 Καισάρειαν
1325 1651 1566 1692 οἰκούντων

214 1720 444 1763 Ἰουδαίων
477 1720 625 1769 στάσις
655 1721 763 1774 πρὸς
795 1721 898 1768 τοὺς
930 1719 977 1760 ἐν
1010 1719 1116 1773 αὐτῇ
1139 1720 1316 1773 Σύρους
1348 1719 1447 1773 περὶ
1477 1721 1567 1762 ι’σο-

219 1792 447 1839 πολιτείας.
511 1791 557 1832 οἱ
585 1788 664 1843 μὲν
696 1791 778 1844 γὰρ
801 1786 1009 1831 Ἰουδαῖοι
1034 1790 1277 1842 πρωτεύειν
1308 1789 1461 1843 ἠξίουν
1493 1791 1566 1831 διὰ

219 1863 267 1903 τὸ
300 1863 377 1902 τὸν
409 1862 587 1913 κτιστὴν
618 1866 694 1913 τῆς
726 1862 990 1914 Καισαρείας
1015 1857 1222 1914 “Ηρώδην
1256 1859 1401 1901 αὐτῶν
1442 1862 1564 1913 βασι-

221 1931 297 1973 λέα
329 1930 557 1984 γεγονέναι
600 1932 648 1971 τὸ
694 1928 820 1983 γένος
855 1928 1088 1972 Ἰουδαῖον·
1135 1931 1277 1984 Σύροι
1317 1928 1365 1972 δὲ
1402 1931 1454 1971 τὰ
1485 1928 1566 1984 μὲν

220 2001 318 2056 περὶ
350 2002 427 2042 τὸν
452 1997 658 2054 ἹΙρώδην
690 2001 964 2054 ὡμολόγουν,
997 1996 1165 2054 ε’φάσαν
1205 1999 1252 2042 δὲ
1289 2001 1368 2054 τὴν
1400 2001 1566 2042 Καισά-

222 2088 344 2125 ρειαν
378 2071 639 2123 Στράτωνος
670 2071 841 2124 πύργον
873 2071 921 2112 τὸ
959 2073 1175 2124 πρότερον
1215 2074 1461 2122 καλεῖσθαι,
1492 2070 1566 2113 καὶ

220 2144 315 2184 τότε
349 2140 514 2196 μηδένα
547 2140 775 2194 γεγονέναι
806 2147 881 2194 τῆς
905 2142 1071 2190 πόλεως
1097 2149 1183 2182 τῶν
1199 2138 1426 2184 Ἰουδαίων
1453 2143 1566 2195 οἰκή-

1580 819 1613 843 10

1586 1169 1617 1195 15

1585 1523 1618 1547 20

1587 1872 1619 1897 25

221 2229 339 2266 τορα.
401 2212 545 2265 <174>
579 2210 698 2253 ταῦτ’
734 2211 1001 2260 ἀκούσαντες
1033 2212 1078 2253 οἱ
1106 2217 1180 2265 τῆς
1204 2212 1346 2266 χώρας
1371 2213 1566 2265 ἔπαρχοι,
1586 2224 1620 2248 30

317 2297 335 2335 ξ
362 2296 429 2326 173
457 2292 500 2326 cf.
528 2292 619 2326 Bell.
646 2291 722 2326 Iud.
750 2292 783 2326 Π
811 2296 864 2335 13,
895 2295 924 2326 7.
