1732 2526
627 57 968 88 ΕΚΚΑΙΔΕΚΑΤΗ
1414 54 1440 95 3
1448 56 1467 95 l

123 164 206 217 γὰρ
248 162 295 205 ἐν
336 169 386 218 τῇ
427 164 625 218 βασιλείᾳ
667 161 739 203 καὶ
780 163 929 204 συνὼν
970 141 1472 220 αὐτῷ,’κεχαρισμένως

125 234 276 291 ἐκείνῳ
304 231 375 274 καὶ
400 231 502 274 καθ’
526 232 769 286 ὑπηρεσίαν
796 231 1030 287 γέγραφεν,
1056 236 1205 287 μόνων
1232 234 1471 288 ἁπτόμενος

119 312 208 346 τῶν
240 305 348 358 πρὸς
379 304 580 345 εὔκλειαν
613 303 729 359 αὐτῷ
755 305 996 357 φερόντων,
1028 305 1167 345 πολλὰ
1201 302 1249 345 δὲ
1280 303 1350 345 καὶ
1382 311 1471 345 τῶν

125 375 328 430 ἐμφανῶς
372 373 537 415 ἀδίκων
581 373 1011 424 ἀντικατασκευάζων
1060 373 1132 415 καὶ
1182 375 1288 429 μετὰ
1331 374 1471 428 πάσης

87 459 102 484 5
124 447 318 500 σπουδῆς
350 443 733 499 ἐπικρυπτόμενος·
777 445 921 499 <185>
954 445 1001 494 ὅς
1032 461 1079 498 γε
1112 444 1183 486 καὶ
1215 446 1293 486 τὸν
1325 447 1470 498 ΑΜαρι-

121 517 264 571 άμμης
303 515 502 557 θάνατον
542 514 614 556 καὶ
655 522 742 556 τῶν
782 516 953 556 παίδων
996 516 1128 569 αὐτῆς
1169 515 1307 564 οὕτως
1345 515 1471 568 ὠμῶς

122 592 179 643 τῷ
213 589 388 640 βασιλεῖ
415 584 722 640 πεπραγμένον
755 587 816 635 εἰς
852 585 1115 641 εὐπρέπειαν
1153 585 1333 639 ἀνάγειν
1366 588 1469 639 βου-

120 659 305 711 λόμενος
337 655 503 710 ἐκείνης
534 653 569 697 τ’
608 655 839 709 ἀσέλγειαν
869 655 941 697 καὶ
973 664 1060 698 τῶν
1101 659 1346 698 νεανίσκων
1379 655 1470 697 ἐπι-

119 723 299 781 βουλὰς
325 727 663 779 καταψεύδεται,
710 725 783 768 καὶ
828 726 1093 769 διατετέλεκε
1135 734 1187 782 τῇ
1229 733 1373 782 γραφῇ
1417 727 1469 767 τὰ

66 812 100 837 10
118 795 198 852 μὲν
223 797 505 852 πεπραγμένα
526 799 704 847 δικαίως
723 803 781 854 τῷ
809 800 983 852 βασιλεῖ
1004 799 1310 852 περιττότερον
1336 796 1469 850 ἐγκω-

119 869 299 923 μιάζων,
329 866 439 923 ὑπὲρ
473 865 521 909 δὲ
552 875 640 909 τῶν
665 867 1072 922 παρανομηθέντων
1105 866 1469 922 ἐσπουδασμένως

119 939 486 993 ἀπολογούμενος.
535 940 679 992 <186>
712 939 862 995 ἐκείνῳ
890 936 970 993 μὲν
1003 935 1083 981 οὖν
1115 940 1285 993 πολλὴν
1311 940 1366 980 ἄν
1391 954 1469 991 τις,

120 1010 178 1059 ὡς
210 1012 345 1064 ἔφην,
378 1012 469 1065 ἔχοι
500 1010 580 1063 τὴν
613 1011 897 1063 συγγνώμην·
948 1010 1001 1051 οὐ
1033 1011 1115 1065 γὰρ
1151 1011 1348 1064 ἱστορίαν
1380 1015 1470 1057 τοῖς

121 1081 269 1129 ἄλλοις
313 1077 406 1121 ἀλλ’
453 1080 702 1134 ὑπουργίαν
745 1085 803 1135 τῷ
845 1082 1020 1134 βασιλεῖ
1058 1081 1221 1133 ταύτην
1263 1079 1468 1121 ἐποιεῖτο·

68 1164 101 1189 15
120 1151 263 1204 <187>
294 1150 417 1205 ἡμεῖς
450 1147 497 1191 δὲ
529 1148 600 1191 καὶ
634 1148 789 1203 γένους
822 1151 945 1199 ὄντες
983 1149 1120 1205 ἀγχοῦ
1157 1157 1245 1191 τῶν
1277 1148 1319 1199 ἐξ
1348 1147 1470 1190 Ἀσα-

121 1224 319 1276 μωναίου
360 1219 578 1275 βασιλέων
618 1219 690 1262 καὶ
733 1221 806 1262 διὰ
847 1226 975 1262 τοῦτο
1018 1222 1101 1262 σὺν
1138 1227 1239 1275 τιμῇ
1277 1219 1349 1261 καὶ
1389 1220 1470 1273 τὴν

121 1293 368 1347 ἱερωσύνην
401 1293 591 1347 ἔχοντες,
631 1293 679 1334 τὸ
718 1292 975 1342 ψεύσασθαί
1008 1307 1048 1333 τι
1080 1289 1180 1345 περὶ
1212 1291 1357 1332 αὐτῶν
1391 1290 1471 1332 οὐκ

118 1360 332 1417 εὐπρεπὲς
362 1362 651 1417 ὑπειληφότες
682 1366 889 1417 καθαρῶς
920 1360 992 1403 καὶ
1030 1363 1208 1412 δικαίως
1240 1361 1470 1415 ἐκτίθεμεν

119 1434 194 1483 τὰς
225 1433 421 1488 πράξεις,
459 1435 651 1483 πολλοὺς
691 1431 772 1488 μὲν
810 1440 897 1475 τῶν
935 1433 1132 1487 ἐγγόνων
1170 1440 1259 1474 τῶν
1298 1432 1468 1474 ἐκείνου

65 1519 98 1543 20
118 1505 432 1558 βασιλεύοντας
458 1506 519 1545 ἔτι
546 1502 602 1545 δι’
630 1503 842 1558 ἐντροπῆς
868 1505 1055 1558 ἔχοντες,
1080 1505 1161 1558 τὴν
1188 1500 1227 1545 δ’
1253 1503 1469 1556 ἀλήθειαν

118 1577 203 1628 πρὸ
236 1574 418 1616 ἐκείνων
449 1576 734 1628 τετιμηκότες,
765 1575 835 1628 ἥν,
869 1575 938 1616 ὅτε
967 1576 1145 1624 δικαίως
1177 1574 1373 1628 ἐγίγνετο
1400 1607 1408 1616 .
1431 1608 1438 1615 .
1460 1606 1469 1615 .

120 1645 283 1700 συνέβη
318 1642 366 1687 δὲ
399 1643 499 1699 παρ’
537 1644 685 1695 αὐτοῖς
718 1645 901 1695 ἐκείνοις
932 1646 1065 1699 ὀργῆς
1095 1646 1342 1701 τυγχάνειν.

207 1716 354 1770 <188>
379 1714 582 1771 “Ηρώδης
620 1713 668 1757 δὲ
701 1716 774 1758 διὰ
812 1716 893 1769 τὴν
931 1715 1201 1770 ἐπιχείρησιν
1233 1716 1288 1769 ἣν
1321 1715 1467 1770 ἐποιή-

119 1799 224 1829 σατο
263 1792 321 1844 τῷ
360 1787 507 1843 τάφῳ,
551 1793 699 1841 χεῖρον
738 1786 878 1828 ἐδόκει
916 1786 1121 1841 πράττειν
1160 1785 1208 1828 ἐν
1239 1793 1330 1835 τοῖς
1360 1787 1468 1827 κατὰ

64 1871 98 1896 25
117 1859 198 1912 τὴν
238 1858 401 1910 οἰκίαν,
446 1860 530 1898 εἴτε
575 1858 628 1911 δὴ
670 1863 749 1898 τοῦ
790 1859 1029 1911 μηνίματος
1070 1856 1298 1906 ἐπιδόντος
1337 1857 1398 1906 εἰς
1442 1856 1468 1897 ἃ

118 1928 302 1982 μάλιστα
333 1927 405 1969 καὶ
436 1930 650 1982 πρότερον
683 1927 826 1970 ἐνόσει
857 1930 991 1969 πλείω
1021 1926 1230 1981 γενέσθαι
1256 1925 1327 1968 καὶ
1359 1928 1469 1981 πρὸς

118 1997 384 2052 ἀνηκέστους
415 1998 611 2049 ἐξελθεῖν
645 1999 893 2053 συμφοράς,
930 2003 1014 2040 εἴτε
1047 1997 1120 2040 καὶ
1151 2004 1226 2052 τῆς
1256 1998 1388 2052 τύχης
1420 1997 1468 2039 ἐν

119 2068 303 2119 ἐκείνοις
350 2070 431 2123 τὴν
482 2069 684 2111 ἐπίθεσιν
734 2068 999 2124 ποιουμένης
1048 2068 1096 2110 ἐν
1147 2063 1212 2118 οἷς
1261 2069 1309 2109 τὸ
1359 2068 1466 2109 κατὰ

118 2141 200 2195 τὴν
240 2141 385 2182 αἰτίαν
428 2140 634 2194 εὔκαιρον
679 2140 732 2181 οὐ
775 2140 936 2195 μικρὰν
979 2141 1127 2181 πίστιν
1167 2146 1343 2193 παρεῖχε
1388 2143 1468 2179 τοῦ

66 2225 100 2249 30
121 2211 194 2252 διὰ
236 2212 317 2265 τὴν
361 2209 565 2265 ἀσέβειαν
608 2210 723 2266 αὐτῷ
769 2212 843 2260 τὰς
887 2211 1117 2265 συμφορὰς
1161 2208 1467 2263 ἀπηντηκέναι.

215 2295 233 2334 ξ
262 2294 328 2326 188
355 2291 399 2326 cf.
427 2291 518 2326 Bell.
545 2291 622 2326 Iud.
650 2291 665 2325 I
692 2295 746 2334 ⁶24,
775 2296 806 2327 1.

1495 1727 1514 1756 ΚΟ
