1732 2526
244 69 330 110 338
804 69 1033 102 ῙῼΣΗΠΟΤ

243 177 387 229 <143>
431 175 540 231 πρὸς
581 181 715 217 ταῦτα
758 176 874 231 παρὰ
918 173 998 230 μὲν
1042 183 1130 217 τῶν
1177 178 1476 231 Ταριχαιατῶν
1518 177 1592 219 καὶ

245 245 383 296 ξένων
416 245 625 299 ἐγείρεται
656 249 805 301 φωνή,
842 246 971 302 χάριν
1003 248 1117 300 ἔχειν
1150 246 1487 300 ὁμολογούντων
1519 246 1592 289 καὶ

243 320 432 371 θαρρεῖν
473 316 860 371 προτρεπομένων,
905 318 1133 359 Γαλιλαῖοι
1176 314 1224 358 δὲ
1261 315 1334 358 καὶ
1380 319 1592 372 Τιβεριεῖς

244 395 336 436 τοῖς
366 392 529 441 θυμοῖς
568 386 789 442 ἐπέμενον.
851 386 923 428 καὶ
961 389 1155 440 γίγνεται
1194 387 1343 435 στάσις
1378 387 1487 441 πρὸς
1518 387 1592 428 ἀλ-

244 459 426 510 λήλους,
469 464 557 498 τῶν
600 455 681 511 μὲν
724 457 928 499 κολάσειν
971 456 1272 498 ἀπειλούντων
1315 471 1367 510 με
1411 464 1499 498 τῶν
1543 455 1626 499 δὲὸ

244 535 551 583 καταφρονεῖν.
613 528 758 581 <144>
800 526 949 581 ἐπειδὴ
983 527 1021 568 δ’
1057 527 1380 582 ἐπηγγειλάμην
1411 525 1483 568 καὶ
1521 529 1591 568 Τι-

246 599 418 652 βεριάδι
456 598 795 639 κατασκευάσειν
837 599 956 653 τείχη
995 596 1065 638 καὶ
1103 605 1197 646 ταῖς
1228 598 1380 646 ἄλλαις
1410 598 1591 639 πόλεσιν

246 668 390 709 αὐτῶν
422 675 515 716 ταῖς
546 666 824 720 ἀναγκαιάις,
861 668 1169 716 πιστεύσαντες
1206 667 1464 722 ὑπεχώρουν
1496 667 1591 709 ἔκα-

247 750 345 787 στος
382 739 443 787 εἰς
479 739 559 791 τὴν
597 736 766 779 ἑαυτοῦ.
829 737 947 791 κάγὼ
988 738 1104 792 παρὰ
1135 743 1280 778 πᾶσαν
1313 737 1466 779 ἐλπίδα
1499 739 1591 779 δια-

245 809 400 862 φυγὼν
437 809 514 849 τὸν
551 806 872 862 προειρημένον
908 809 1143 861 κίνδυνον,
1181 808 1287 861 μετὰ
1324 815 1412 849 τῶν
1448 810 1590 862 φίλων
1612 820 1645 845 10

245 876 317 919 καὶ
350 878 539 919 ὁπλιτῶν
570 882 737 920 εἴκοσιν
769 879 830 927 εἰς
861 879 940 932 τὴν
972 879 1116 920 οἰκίαν
1147 876 1408 932 ὑπέστρεψα.

186 959 232 989 30
334 948 479 1002 <145>
511 948 643 990 πάλιν
677 946 716 989 δ’
756 949 802 990 οὗ
830 947 983 1004 λῃσταὶ
1015 947 1087 990 καὶ
1119 955 1194 1002 τῆς
1226 949 1415 998 στάσεως
1446 952 1593 1001 αἴτιοι,

247 1019 468 1067 δείσαντες
511 1017 610 1071 περὶ
655 1017 822 1060 ἑαυτῶν
867 1020 924 1073 μὴ
975 1020 1097 1068 δίκας
1140 1020 1467 1073 εἰσπραχθῶσιν
1510 1016 1606 1060 ὑπ’.

246 1087 352 1142 ἐμοῦ
384 1095 471 1130 τῶν
502 1088 835 1144 πεπραγμένων,
868 1088 1162 1143 ἀναλαβόντες
1194 1087 1446 1139 ἑξακοσίους
1471 1089 1593 1131 ὁπλί-

245 1174 319 1207 τας
350 1155 458 1212 ἧκον
491 1157 560 1200 ἐπὶ
591 1159 671 1212 τὴν
703 1160 846 1200 οἰκίαν
879 1160 992 1200 ἔνθα
1025 1157 1262 1213 διέτριβον,
1298 1158 1592 1212 ἐμπρήσοντες
1612 1171 1644 1196 15

245 1228 393 1282 αὐτήν.
453 1229 596 1282 <146>
629 1228 978 1282 ἀπαγγελθείσης
1009 1227 1061 1269 δέ
1089 1244 1163 1282 μοι
1195 1235 1269 1282 τῆς
1295 1228 1460 1283 ἐφόδου
1486 1229 1592 1283 φεύ-

245 1314 340 1351 γειν
372 1296 452 1353 μὲν
484 1296 670 1353 ἀπρεπὲς
700 1298 944 1353 ἡγησάμην,
978 1300 1128 1352 ἔκρινα
1155 1296 1204 1340 δὲ
1229 1300 1593 1352 παραβαλόμενος

244 1371 500 1424 χρήσασθαί
532 1385 573 1410 τι
611 1367 682 1410 καὶ
720 1370 871 1424 τόλμῃ.
933 1368 1177 1422 προστάξας
1215 1365 1296 1409 οὖν
1338 1368 1593 1411 ἀποκλεῖσαι

245 1445 319 1492 τῆς
351 1440 490 1488 οἰκίας
520 1439 597 1488 τὰς
626 1440 790 1492 θύρας,
828 1438 960 1487 αὐτὸς
999 1437 1066 1480 ἐπὶ
1105 1439 1154 1480 τὸ
1193 1438 1394 1494 ὑπερῷον
1426 1438 1593 1492 ἀναβὰς

244 1510 522 1561 παρεκάλουν
553 1508 785 1563 εἰσπέμψαι
823 1509 945 1558 τινὰς
988 1508 1265 1562 ληψομένους
1295 1509 1347 1550 τὰ
1378 1510 1590 1563 χρήματα·
1611 1522 1646 1547 20

244 1579 390 1633 <147>
425 1580 675 1621 παύσεσθαι
713 1581 794 1633 γὰρ
834 1579 948 1620 οὕτω
985 1585 1060 1632 τῆς
1101 1579 1233 1632 ὀργῆς
1264 1578 1424 1628 αὐτοὺς
1455 1578 1591 1635 ᾤμην.

245 1649 577 1703 εἰσπεμψάντων
604 1646 651 1690 δὲ
677 1650 754 1691 τὸν
779 1649 1059 1702 θρασύτατον
1085 1648 1247 1701 αὐτῶν,
1278 1650 1339 1697 εἰς
1364 1650 1412 1691 τὸ
1438 1651 1591 1704 μυχαί-

245 1735 375 1760 τατον
408 1726 482 1773 τῆς
513 1721 653 1768 οἰκίας
684 1719 939 1773 παρασύρας
970 1717 1040 1760 καὶ
1066 1719 1265 1772 μάστιξιν
1298 1719 1591 1773 αἰκισάμενος,

245 1790 324 1842 τὴν
357 1787 507 1843 ἑτέραν
538 1805 583 1831 τε
614 1797 702 1832 τῶν
734 1796 894 1844 χειρῶν
921 1789 1141 1838 ἀποκόψαι
1166 1789 1372 1838 κελεύσας
1397 1788 1469 1830 καὶ
1495 1804 1591 1843 κρε-

246 1860 385 1912 μάσας
416 1859 463 1901 ἐκ
495 1866 573 1902 τοῦ
604 1862 840 1915 τραχήλου,
878 1865 1081 1901 τοιοῦτον
1114 1858 1319 1912 ἐξέβαλον
1349 1861 1458 1913 πρὸς
1488 1861 1591 1907 τοὺς
1611 1872 1644 1898 25

247 1928 642 1979 ἐξαποστείλαντας.
691 1930 833 1982 <148>
873 1931 975 1978 τοὺς
1013 1925 1053 1970 δ’
1090 1930 1246 1982 ἐλαβεν
1284 1929 1483 1983 ἔκπληξις
1514 1928 1590 1970 ’καὶ

245 2000 383 2053 φόβος
409 2000 505 2040 οὔτι
531 1999 715 2054 μέτριος.
760 2000 981 2048 δείσαντες
1009 1995 1090 2040 οὖν
1111 1997 1182 2040 καὶ
1203 1998 1327 2041 αὐτοὶ
1347 1998 1481 2040 ταύτὰ
1500 2002 1591 2041 πεί-

247 2072 404 2110 σεσθαι
429 2071 469 2109 εἰ
493 2069 666 2122 μένοιεν
692 2069 881 2126 (εἴκαζον
914 2071 996 2123 γὰρ
1029 2069 1160 2110 ἔνδον
1193 2071 1307 2123 ἔχειν
1338 2084 1389 2123 με
1414 2071 1613 2126 πλείους

247 2138 392 2179 αὐτῶν
407 2138 617 2194 ὁπλίτας),
636 2141 696 2189 εἰς
716 2142 864 2194 φυγὴν
879 2141 1098 2194 ὥρμησαν.
1124 2138 1242 2191 κάγὼ
1263 2140 1446 2196 τοιούτῳ
1462 2151 1590 2194 στρα-

245 2210 457 2262 τηγήματι
476 2210 746 2264 χρησάμενος
765 2212 845 2265 τὴν
867 2210 1075 2265 δευτέραν
1097 2208 1334 2263 ἐπιβουλὴν
1364 2209 1644 2263 διε’φυγον.·3ο

342 2293 360 2331 ξ
388 2292 454 2322 145
481 2288 525 2323 ef.
553 2289 643 2324 Bell.
669 2289 748 2325 Iud.
774 2290 807 2324 ΙΙ
835 2294 889 2335 21,
917 2295 948 2325 ὁ.
