1732 2526
217 61 303 102 384
772 61 1000 95 ΙΩΣΗΠοΤ

216 167 436 223 πεμφθεὶς
478 164 515 210 δ’
558 168 643 209 ὑπὸ
689 169 819 210 Τίτου
857 166 1088 223 ΚαίσαροςΙ
1121 169 1204 209 σὺν
1236 167 1460 223 Κερεαλίῳ
1491 163 1576 206 καὶ·

217 242 373 295 χιλίοις
411 239 614 280 ἱππεῦσιν
658 240 719 287 εἰς
755 239 906 292 κώμην
942 239 1039 280 τινὰ
1089 238 1267 279 Θεκώαν
1308 235 1562 290 λεγομένην,

218 311 589 363 προκατανοήσων
621 310 662 350 εί
691 310 820 358 τόπος
852 308 1095 363 ἐπιτήδειός
1128 307 1217 350 ἐστι
1243 307 1409 362 χάρακα
1442 305 1564 355 δέξα-

219 385 342 433 σθαι,
375 380 433 429 ὡς
460 379 631 421 ἐκεῖθεν
657 379 947 435 ὑποστρέφων
980 377 1101 421 εἶδον
1127 380 1317 427 πολλοὺς
1348 376 1563 432 αἰχμαλώ-

218 466 321 499 τους
359 449 775 504 ἀνεσταυρωμένους
817 449 888 492 καὶ
933 457 1048 503 τρεῖς
1092 448 1309 502 ἐγνώρισα
1353 447 1564 499 συνήθεις
1600 460 1616 485 5

220 536 294 575 μοι
326 519 603 574 γενομένους,
636 520 805 574 ἤλγησά
842 536 886 562 τε
924 521 1004 574 τὴν
1042 521 1202 574 ψυχήν,
1241 517 1313 560 καὶ
1351 517 1457 572 μετὰ
1490 516 1564 556 δα-

219 592 368 645 κρύων
412 592 673 644 προσελθὼν
724 593 834 647 Τίτῳ
879 587 1014 632 εἶπον.
1079 590 1237 643 <421>
1278 588 1300 630 ὃ
1340 583 1378 629 δ’
1427 586 1565 634 εὐθὺς

221 660 418 703 ἐκέλευσε
450 660 798 716 καθαιρεθέντας
830 661 990 710 αὐτοὺς
1023 662 1258 713 θεραπείας
1289 655 1564 712 ἐπιμελεστά-

220 746 294 786 της
325 739 485 786 τυχεῖν.
531 730 602 772 καὶ
635 732 680 772 οἱ
708 729 788 786 μὲν
821 732 902 773 δύο
935 735 1167 773 τελευτῶσι
1198 730 1564 783 θεραπευόμενοι,

221 802 244 844 ὁ
277 799 325 843 δὲ
357 804 498 855 τρίτος
531 803 688 855 ἔζησεν.
1586 810 1618 836 10
1658 809 1662 820 ¹

165 885 206 915 76
309 872 453 926 <422>
486 870 576 912 ἐπεὶ
609 868 656 912 δὲ
689 869 928 912 κατέπαυσε
960 871 1035 920 τὰς
1063 870 1109 912 ἐν
1134 876 1184 925 τῇ
1213 868 1406 924 Ἰουδαίᾳ
1436 882 1566 921 ταρα-
1658 854 1660 864 ’

221 943 299 998 χὰς
346 944 492 995 Τίτος,
533 941 708 990 εἰκάσας
750 943 853 990 τοὺς
894 941 1055 996 ἀγροὺς
1098 940 1174 990 οὓς
1218 936 1336 994 εἶχον
1386 937 1434 979 ἐν
1477 944 1567 986 τοῖς

216 1011 541 1068 Ἱεροσολύμοις
584 1011 826 1065 ἀνονήτους
865 1010 1099 1065 ἐσομένους
1136 1026 1210 1064 μοι
1251 1010 1324 1051 διὰ
1356 1009 1435 1063 τὴν
1468 1006 1567 1062 μέλ-

224 1087 390 1125 λουσαν
423 1082 512 1124 ἐκεῖ
540 1080 763 1136 Ῥωμαίων
801 1083 1005 1137 φρουρὰν
1043 1079 1372 1135 ἐγκαθέζεσθαι,
1403 1079 1566 1120 ἔδωκεν

225 1153 376 1207 ἑτέραν
415 1154 562 1208 χώραν
602 1152 648 1194 ἐν
686 1154 839 1209 πεδίῳ·
878 1151 1050 1206 μέλλων
1081 1149 1118 1193 τ’
1161 1151 1362 1204 ἀπαίρειν
1393 1151 1455 1199 εἰς
1486 1149 1566 1202 τὴν
1587 1163 1619 1189 15

216 1223 384 1278 Ῥώμην
416 1224 646 1277 σύμπλουν
678 1222 852 1273 ἐδέξατό
885 1238 951 1276 με,
982 1229 1127 1264 πᾶσαν
1158 1222 1288 1276 τιμὴν
1320 1218 1565 1274 ἀπονέμων.

224 1295 368 1348 <423>
401 1292 491 1335 ἐπεὶ
525 1291 562 1334 δ’
601 1295 662 1343 εἰς
693 1294 772 1347 τὴν
798 1291 965 1347 Ῥώμην
996 1293 1174 1347 ἥκομεν,
1209 1294 1373 1345 πολλῆς
1411 1292 1566 1344 ἔτυχον

223 1365 339 1420 παρὰ
375 1363 685 1406 ’δεσπασιανοῦ
722 1366 950 1418 προνοίας·
995 1361 1066 1404 καὶ
1104 1363 1186 1416 γὰρ
1224 1360 1296 1403 καὶ
1328 1361 1566 1402 κατάλυσιν

226 1436 388 1477 ε”δωκεν
422 1434 469 1476 ἐν
500 1440 551 1489 τῇ
586 1435 701 1490 οἰκία
731 1440 782 1489 τῇ
814 1435 898 1488 πρὸ
924 1440 999 1488 τῆς
1029 1433 1264 1487 ἡγεμονίας
1296 1431 1412 1488 αὐτῷ
1444 1446 1567 1485 γενο·

225 1505 349 1561 μένῃ,
379 1508 575 1562 πολιτείᾳ
606 1521 650 1546 τε
665 1504 887 1560 Ῥωμαίων
920 1505 1093 1559 ἐτίμησε
1124 1503 1197 1546 καὶ
1229 1502 1435 1553 σύνταξιν
1466 1518 1568 1558 χρη-
1588 1516 1621 1541 20

226 1577 373 1630 μάτων
411 1577 593 1630 ἔδωκεν,
632 1574 703 1617 καὶ
740 1583 878 1630 τιμῶν
916 1574 1097 1617 διετέλει
1134 1574 1258 1629 μέχρι
1297 1579 1371 1627 τῆς
1409 1573 1455 1615 ἐκ
1489 1579 1569 1615 τοῦ

226 1649 326 1702 βίου
373 1648 685 1701 μεταστάσεως,
731 1643 863 1688 οὐδὲν
906 1652 981 1700 τῆς
1022 1647 1130 1700 πρὸς
1169 1643 1241 1699 ἐμὲ
1281 1646 1570 1699 χρηστότητος

226 1718 421 1772 ὑφελών·
443 1717 465 1759 ὅ
487 1733 561 1772 μοι
589 1718 661 1758 διὰ
681 1718 759 1759 τὸν
785 1719 962 1771 φθόνον
988 1718 1142 1770 ἤνεγκε
1169 1716 1392 1758 κίνδυνον.
1424 1714 1569 1768 <424>

222 1787 437 1837 Ἰουδαῖος
469 1788 552 1842 γάρ
584 1803 664 1842 τις,
691 1785 906 1841 Ἰωνάθης
931 1788 1141 1841 τοῦνομα,
1174 1786 1326 1828 στάσιν
1355 1784 1570 1839 ἐξεγείρας

228 1858 276 1900 ἐν
307 1860 492 1913 Κυρήνῃ
532 1857 604 1900 καὶ
643 1859 885 1913 δισχιλίους
921 1865 1008 1899 τῶν
1047 1857 1270 1913 ἐγχωρίων
1308 1856 1571 1897 συναναπεί-
1590 1866 1622 1892 25
1678 1859 1680 1874 ¹

229 1941 306 1978 σας
351 1929 533 1977 ἐκείνοις
577 1926 656 1982 μὲν
695 1932 830 1977 αἴτιος
868 1927 1083 1977 ἀπωλείας
1122 1926 1311 1980 ἐγένετο,
1350 1925 1482 1974 αὐτὸς
1526 1923 1563 1966 δ’

228 2000 313 2041 ὑπὸ
346 2005 424 2040 τοῦ
457 2005 530 2052 τῆς
561 2000 703 2054 χώρας
734 1999 1079 2053 ἡγεμονεύοντος
1112 1996 1258 2046 δεθεὶς
1288 1995 1360 2038 καὶ
1393 1994 1462 2037 ἐπὶ
1492 1996 1570 2037 τὸν

230 2069 527 2123 αὐτοκράτορα
570 2067 787 2123 πεμφθεὶς
831 2070 1019 2123 ἔφασκεν
1065 2065 1137 2122 ἐμὲ
1182 2067 1297 2124 αὐτῷ
1343 2066 1455 2108 ὅπλα
1497 2079 1571 2106 πε-

229 2137 453 2193 πομφέναι
489 2137 560 2179 καὶ
599 2141 804 2193 χρήματα.
873 2139 1015 2193 (425)
1054 2138 1107 2179 οὐ
1147 2139 1234 2192 μὴν
1267 2133 1570 2178 ’ὅεσπασιανὸν

230 2210 501 2263 ψευδόμενος
533 2211 707 2262 ἔλαθεν,
740 2209 848 2251 ἀλλὰ
880 2208 1072 2261 κατέγνω
1098 2208 1296 2250 θάνατον
1322 2206 1474 2259 αὐτοῦ,
1499 2203 1569 2246 καὶ
1590 2216 1624 2241 30

230 2278 502 2335 παραδοθεὶς
539 2277 772 2321 ἀπέθανεν.
835 2279 1044 2328 πολλάκις
1083 2276 1130 2320 δὲ
1174 2276 1246 2319 καὶ
1287 2277 1392 2332 μετὰ
1435 2281 1570 2318 ταῦτα
