1732 2526
239 82 325 123 366
797 82 1025 115 ῙῼΣΗΠΟΤ

237 189 581 243 παρεσκεύασαν.
642 189 786 243 (310)
819 191 987 243 ἔφασαν
1021 185 1059 229 δ’
1098 190 1143 230 οἱ
1176 187 1377 243 πρέσβεις
1415 188 1481 229 ὅτι
1513 187 1585 230 καῖ

237 260 313 309 τὰς
339 261 479 310 οἰκίας
504 260 649 301 αὐτῶν
675 260 698 302 ὁ
726 261 861 314 δῆμος
894 260 1095 314 ὥρμησεν
1123 258 1432 313 ἐμπιμπράναι.
1488 260 1585 313 ἔφε-

238 346 319 383 ρον
339 327 387 371 δὲ
407 328 478 371 καὶ
499 330 729 385 γράμματα
750 328 807 371 δι’
833 326 895 371 ὧν
916 330 962 371 οἱ
977 337 1064 371 τῶν
1085 328 1448 383 Ἱεροσολυμιτῶν
1468 336 1584 383 πρῶ-

237 416 316 452 τοι,
349 400 490 441 πολλὰ
522 406 600 442 τοῦ
633 401 776 454 δήμου
809 399 1046 454 δεηθέντος
1073 400 1233 454 αὐτῶν,
1265 397 1361 453 ἐμοὶ
1392 396 1472 453 μὲν
1503 399 1583 453 τὴν

236 476 310 523 τῆς
354 472 589 519 Γαλιλαίας
634 469 771 525 ἀρχὴν
823 469 1078 524 ἐβεβαίουν,
1127 477 1218 519 τοῖς
1267 468 1315 511 δὲ
1364 468 1463 524 περὶ
1506 470 1583 511 τὸν
1619 483 1637 509 5

231 538 448 595 Ἰωνάθην
492 539 785 595 προσέταττον
836 542 896 590 εἰς
945 542 1025 595 τὴν
1076 542 1242 582 οἰκείαν
1289 538 1583 595 ὑποστρέφειν

236 615 411 653 θᾶττον.
474 612 618 665 (311)
658 610 852 666 ἐντυχὼν
885 607 966 652 οὖν
998 618 1092 660 ταῖς
1124 611 1370 660 ἐπιστολαῖς
1401 608 1583 665 εἰς”Αρ-

235 683 346 735 βηλα
378 682 528 736 κώμην
560 681 803 736 ἀφικόμην,
845 683 956 723 ἔνθα
989 683 1182 723 σύνοδον
1214 689 1301 723 τῶν
1334 683 1582 722 Γαλιλαίων

234 752 528 805 ποιησάμενος
555 750 759 793 ἐκέλευσα
786 753 887 801 τοὺς
912 751 1115 806 πρέσβεις
1142 752 1392 806 διηγεῖσθαι
1412 753 1492 806 τὴν
1513 749 1582 793 ἐπὶ

234 828 325 870 τοῖς
355 821 675 876 πεπραγμένοις
710 822 795 864 ὑπὸ
834 829 923 864 τῶν
960 821 1059 873 περὶ
1090 824 1167 865 τὸν
1195 820 1411 876 Ἰωνάθην
1444 822 1581 876 ὀργὴν
1602 836 1636 861 10

234 891 306 934 καὶ
339 895 681 947 μισοπονηρίαν,
721 893 864 946 <312>
902 891 973 934 καὶ
1012 893 1069 942 ὡς
1099 893 1346 947 κυρώσειαν
1380 891 1475 946 ἐμοὶ
1507 898 1582 947 τῆς

233 964 377 1018 χώρας
408 963 552 1005 αὐτῶν
584 964 663 1017 τὴν
694 965 985 1018 προστασίαν,
1026 964 1078 1005 τά
1115 979 1159 1005 τε
1197 965 1307 1018 πρὸς
1343 965 1446 1012 τοὺς
1482 962 1582 1018 περὶ

233 1034 310 1074 τὸν
345 1032 563 1087 Ἰωνάθην
602 1032 878 1088 γεγραμμένα
915 1031 1013 1087 περὶ
1052 1033 1318 1087 ἀπαλλαγῆς·
1358 1035 1466 1089 πρὸς
1504 1033 1581 1083 οὓς
1611 1058 1615 1059 ⁷

235 1104 288 1157 δὴ
316 1102 387 1145 καὶ
414 1104 493 1157 τὴν
521 1103 754 1157 ἐπιστολὴν
781 1102 948 1153 εὐθέως
978 1104 1296 1158 διεπεμψάμην,
1328 1107 1580 1160 πολυπραγ-

234 1181 422 1228 μονῆσαι
454 1176 530 1216 τὸν
562 1177 803 1228 κομίσαντα
840 1175 1046 1224 κελεύσας
1083 1176 1128 1216 τί
1154 1181 1298 1216 ποιεῖν
1330 1174 1578 1228 μέλλουσιν.
1601 1187 1634 1213 15

172 1257 213 1287 61
249 1228 331 1266 f
320 1244 463 1298 <313>
496 1244 723 1298 δεξάμενοι
757 1243 795 1286 δ’
834 1244 991 1286 ἐκεῖνοι
1023 1246 1102 1299 τὴν
1135 1244 1366 1298 ἐπιστολὴν
1403 1242 1475 1285 καὶ
1506 1260 1578 1286 τα-

232 1313 468 1369 ραχθέντες
500 1315 595 1357 οὔτι
634 1317 837 1370 μετρίως,
875 1314 1224 1369 μεταπέμπονται
1263 1316 1341 1357 τὸν
1367 1313 1578 1368 Ἰωάννην

231 1384 302 1426 καὶ
334 1387 437 1434 τοὺς
475 1384 520 1426 ἐκ
552 1392 626 1439 τῆς
665 1388 827 1439 βουλῆς
858 1393 945 1426 τῶν
984 1385 1220 1440 Τιβεριέων
1252 1386 1354 1434 τούς
1384 1401 1429 1426 τε
1461 1400 1578 1439 πρω-

231 1457 436 1504 τεύοντας
468 1455 699 1510 Γαβάρων,
732 1457 899 1509 βουλήν
931 1471 975 1497 τε
1007 1455 1281 1512 προτιθεάσι,
1317 1459 1577 1497 σκοπεῖσθαι

230 1527 480 1575 κελεύοντες
505 1527 550 1567 τί
570 1525 785 1579 πρακτέον
812 1525 930 1567 ἐστὶν
957 1527 1116 1576 αὐτοῖς.
1161 1527 1304 1580 (314)
1330 1528 1577 1581 Τιβεριεῦσι
1597 1540 1632 1565 20

231 1595 310 1651 μὲν
353 1593 434 1638 οὖν
474 1595 734 1651 ἀντέχεσθαι
776 1598 942 1651 μᾶλλον
984 1597 1125 1639 ἐδόκει
1166 1604 1254 1638 τῶν
1293 1596 1576 1651 πραγμάτων·

232 1667 284 1708 οὐ
318 1668 411 1708 δεῖν
443 1667 525 1721 γὰρ
559 1668 727 1721 ἔφασαν
755 1667 1143 1720 ἐγκαταλείπεσθαι
1169 1668 1248 1721 τὴν
1274 1668 1405 1708 πόλιν
1431 1666 1577 1708 αὐτῶν

231 1737 341 1787 ἅπαξ
388 1737 570 1786 ἐκείνοις
612 1737 1005 1793 προστεθειμένην,
1049 1739 1190 1787 ἄλλως
1232 1754 1277 1779 τε
1321 1735 1422 1792 μηδ’
1469 1737 1575 1791 ἐμοῦ

230 1806 465 1862 μέλλοντος
497 1807 641 1849 αὐτῶν
674 1807 931 1862 ἀφέξεσθαι·
976 1814 1105 1850 τοῦτο
1144 1809 1225 1862 γὰρ
1259 1808 1316 1857 ὡς
1347 1808 1575 1862 ἠπειληκό-

229 1893 303 1927 τος
334 1877 441 1932 ἐμοῦ
472 1879 804 1927 κατεψεύδοντο.
867 1878 1012 1933 <315>
1046 1879 1068 1920 ὁ
1102 1876 1150 1920 δε
1176 1876 1382 1932 Ἰωάννης
1414 1878 1467 1919 οὐ
1498 1879 1574 1931 μό-
1594 1891 1627 1916 2²5

230 1964 311 1989 νον
342 1949 513 1997 τούτοις
539 1947 845 2002 συνηρέσκετο,
877 1954 1152 2004 πορευθῆναι
1181 1946 1227 1990 δὲ
1254 1948 1574 2002 συνεβούλευεν

230 2017 374 2059 αὐτῶν
406 2020 508 2067 τοὺς
541 2020 620 2060 δύο
654 2020 1031 2074 κατηγορήσοντάς
1062 2035 1147 2074 μου
1176 2020 1284 2074 πρὸς
1309 2020 1357 2060 τὸ
1389 2021 1573 2072 πλῆθος,

229 2089 295 2130 ὅτι
327 2089 384 2142 μὴ
417 2092 558 2138 καλῶς
589 2089 638 2130 τὰ
665 2091 771 2131 κατὰ
804 2091 883 2144 τὴν
909 2092 1150 2131 Γαλιλαίαν
1183 2090 1350 2142 διοικῶ,
1381 2087 1451 2129 καὶ
1482 2091 1572 2130 πεί-

229 2171 322 2200 σειν
355 2159 517 2214 ῥαδίως
547 2159 707 2209 αὐτοὺς
739 2162 819 2214 ε”φη
854 2161 926 2202 διά
957 2176 1001 2202 τε
1034 2162 1081 2202 τὸ
1111 2160 1277 2213 ἀξίωμα
1309 2157 1379 2200 καὶ
1410 2160 1572 2208 παντὸς

227 2230 429 2283 πλήθους
459 2229 676 2283 εὐτρεπῶς
708 2231 892 2285 ἔχοντος.
954 2231 1098 2285 <316>
1141 2230 1348 2280 δόξαντος
1379 2225 1461 2270 οὖν
1492 2235 1571 2271 τοῦ
1590 2242 1624 2267 30

222 2297 432 2341 Ἰωάννου
465 2301 700 2354 κρατίστην
733 2300 1055 2357 εἰσενηνοχέναι
1093 2302 1294 2356 γνώμην,
1332 2300 1451 2350 ἔδοξε
1490 2301 1570 2342 δύο
