1732 2526
138 367 160 397 4

146 2135 165 2165 6

187 104 243 145 23
679 105 1043 139 APXAIOAOPIAE

186 212 371 253 εἰώθασι
421 211 618 267 χρήματά
667 227 712 253 τε
764 212 857 267 ἱερὰ
901 211 1110 267 φέροντες
1153 210 1427 266 ἀναπέμπειν
1479 212 1541 261 εἰς

178 280 479 337 Ἱεροσόλυμα,
511 281 745 332 ἀκωλύτως
776 289 905 324 τοῦτο
937 282 1231 324 ποιείτωσαν.’

275 353 422 408 <167>
462 352 535 395 καὶ
574 360 709 396 ταῦτα
750 351 830 408 μὲν
868 356 1063 408 Καῖσαρ,
1104 351 1342 408 Ἀγρίππας
1383 350 1430 394 δὲ
1469 351 1540 394 καὶ

187 424 318 474 αὐτὸς
355 425 547 479 ἔγραψεν
584 422 694 479 ὑπὲρ
733 432 822 466 τῶν
855 422 1085 466 Ἰουδαίων
1123 425 1201 466 τὸν
1238 426 1402 478 τρόπον
1440 430 1541 466 τοῦ·

186 511 275 538 τον.
318 494 573 549 (Ἀγρίππας
593 493 806 550 Ἐφεσίων
833 495 1017 550 ἄρχουσι
1043 497 1182 549 βουλῇ
1210 495 1334 551 δήμῳ
1360 497 1539 549 χαίρειν.

186 574 274 608 τῶν
315 567 378 616 είς
417 568 465 608 τὸ
507 566 626 619 ἱερὸν
663 567 711 607 τὸ
753 564 799 606 ἐν
831 564 1155 620 Ἱεροσολύμοις
1195 564 1541 620 ἀναφερομένων

189 637 320 692 ἱερῶν
346 637 580 691 χρημάτων
606 637 686 690 τὴν
714 634 962 690 ἐπιμέλειαν
991 634 1062 677 καὶ
1089 636 1292 690 φυλακὴν
1323 637 1541 691 βούλομαι

189 710 292 757 τοὺς
335 707 382 749 ἐν
419 706 538 763 Ἀσία
575 706 817 756 Ἰουδαιόυς
859 711 1085 749 ποιεῖσθαι
1128 708 1235 749 κατὰ
1279 708 1330 748 τὰ
1370 707 1542 760 πάτρια.

189 779 345 831 <168>
390 779 491 827 τούς
534 793 579 819 τε
622 776 888 827 κλέπτοντας
933 778 1027 831 ἱερὰ
1071 779 1268 832 χρήματα
1310 785 1398 819 τῶν
1435 775 1542 818 Ἰου-

192 851 351 903 δαίων,
395 849 750 903 καταφεύγοντάς
786 865 831 890 τε
870 850 932 898 εἰς
969 849 1044 898 τὰς
1082 848 1286 903 ἀσυλίας,
1326 849 1544 903 βούλομαι

192 920 477 962 ἀποσπᾶσθαι
515 918 587 961 καὶ
624 920 1084 978 παραδίδοσθαιτοϊς
1117 917 1369 973 Ἰουδαίοις,
1407 915 1440 975 ᾧ
1480 920 1545 960 δι-

191 993 299 1048 καίῳ
328 990 610 1032 ἀποσπῶνται
638 990 684 1032 οἱ
709 991 942 1044 ΐερόσυλοι.
994 991 1162 1045 ἔγραψα
1193 987 1241 1031 δὲ
1266 988 1338 1031 καὶ
1365 993 1543 1046 Σιλανῷ

192 1068 250 1118 τςό
293 1067 517 1118 στρατηγῷ
556 1063 630 1103 ἵνα
669 1061 857 1115 σάββασι
890 1059 1041 1115 μηδεὶς
1082 1060 1300 1115 ἀναγκάζῃ
1328 1060 1545 1103 Ἰουδαῖον

192 1131 351 1186 ἐγγύας
383 1131 644 1187 ὁμολογεῖν]

281 1203 439 1257 <169>
495 1203 696 1257 ‘Moepxog
740 1200 979 1257 Ἀγρίππας
1035 1204 1304 1257 Κυρηναίων
1360 1202 1544 1256 ἄρχουσι

190 1276 329 1328 βουλῇ
369 1274 493 1331 δήμῳ
531 1276 713 1329 χαίρειν.
776 1274 821 1315 οἱ
857 1273 905 1315 ἐν
942 1275 1127 1328 Κυρήνῃ
1165 1270 1393 1326 Ἰουδαῖοι,
1434 1270 1544 1327 ὑπὲρ

192 1341 254 1386 ὧν
288 1346 370 1399 ἤδη
405 1345 427 1387 ὁ
460 1345 684 1399 Σεβαστὸς
717 1345 879 1398 ἔπεμψε
911 1345 1020 1400 πρὸς
1051 1345 1129 1386 τὸν
1163 1343 1210 1385 ἐν
1237 1343 1383 1398 Λιβύῃ
1417 1354 1544 1398 στρα-

191 1417 327 1469 τηγὸν
358 1417 454 1457 τότε
488 1417 593 1457 ὄντα
627 1415 824 1457 Φλάειον
862 1413 934 1456 καὶ
971 1416 1080 1470 πρὸς
1117 1417 1218 1464 τοὺς
1250 1415 1411 1464 ἄλλους
1443 1416 1546 1464 τοὺς

192 1493 267 1540 τῆς
309 1486 516 1541 ἐπαρχίας
554 1485 913 1540 ἐπιμελομένους,
955 1487 1029 1527 ἵνα
1067 1485 1403 1534 ἀνεπικωλύτως
1441 1484 1544 1527 ἀνα-

191 1556 409 1611 πέμπηται
447 1558 499 1599 τὰ
545 1557 639 1612 ἱερὰ
678 1558 875 1612 χρήματα
906 1558 968 1606 εἰς
993 1555 1298 1611 Ἱεροσόλυμα,
1336 1556 1393 1606 ὡς
1426 1554 1544 1598 ἐστὶν

192 1628 342 1677 αὐτοῖς
367 1628 567 1682 πάτριον,
598 1628 743 1682 <170>
770 1626 976 1682 ἐνέτυχόν
1003 1643 1077 1681 μοι
1104 1633 1187 1669 νῦν
1214 1627 1273 1676 ὡς
1297 1627 1382 1669 ὑπὸ
1409 1633 1544 1668 τινῶν

193 1707 484 1754 συκοφαντῶν
516 1698 846 1753 ἐπηρεάζοιντο,
883 1697 955 1740 καὶ
988 1699 1045 1748 ὡς
1078 1697 1125 1740 ἐν
1156 1698 1375 1752 προφάσει
1406 1700 1544 1739 τελῶν

192 1771 250 1824 μὴ
284 1769 586 1824 ὀφειλομένων
617 1770 878 1811 κωλύοιντο’
930 1763 995 1819 οἷς
1026 1768 1399 1811 ἀποκαθιστάνειν
1437 1768 1545 1810 κατὰ

192 1839 360 1895 μηδένα
409 1842 574 1895 τρόπον
626 1839 983 1894 ἐνοχλουμένοις,
1041 1838 1114 1881 καὶ
1169 1840 1211 1880 εἰ
1263 1845 1399 1880 τινῶν
1450 1839 1544 1892 ἱερὰ

191 1913 389 1966 χρήματα
443 1909 691 1966 ἀφῄρηνται
743 1918 832 1953 τῶν
883 1912 1079 1963 πόλεων,
1138 1911 1240 1959 τοὺς
1296 1910 1357 1958 εἰς
1408 1915 1543 1950 ταῦτα

193 1981 563 2036 ἀποκεκριμένους
617 1980 688 2022 καὶ
738 1987 873 2022 ταῦτα
924 1981 1262 2035 διορθώσασθαι
1317 1986 1408 2028 τοῖς
1455 1979 1548 2021 ἐκεῖ

189 2049 421 2101 Ἰουδαίοις
451 2051 644 2093 κελεύω.’

281 2122 424 2177 <171>
457 2121 606 2172 εΓάιος
636 2124 884 2177 Νωρβανὸς
912 2122 1114 2171 Φλάκκος
1145 2121 1399 2170 ἀνθύπατος
1425 2123 1543 2173 Σαρ-

194 2195 360 2235 διανῶν
387 2193 571 2248 ἄρχουσι
597 2191 669 2234 καὶ
696 2195 834 2248 βουλῇ
859 2195 1040 2248 χαίρειν.
1079 2191 1252 2247 Καῖσάρ
1278 2207 1353 2246 μοι
1379 2193 1541 2245 ἔγραψε

1564 862 1598 887 10

1566 1216 1599 1242 15

1565 1570 1600 1595 20

1564 1921 1598 1946 25

192 2264 385 2306 κελεύων
424 2265 481 2318 μὴ
519 2264 771 2304 κωλύεσθαι
811 2265 914 2312 τοὺς
948 2262 1193 2312 Ἰουδαίους
1233 2262 1329 2304 ὅσοι
1367 2261 1422 2304 ἂν
1461 2259 1542 2304 ὦσι
1562 2275 1597 2300 30

191 2336 300 2378 κατὰ
340 2336 388 2377 τὸ
427 2335 612 2389 πάτριον
651 2334 799 2383 αὐτοῖς
837 2336 942 2384 ε”θος
979 2334 1309 2387 συναγαγόντας
1345 2334 1542 2388 χρήματα
