1732 2526
716 77 829 109 13102
1361 77 1447 119 359

101 186 275 238 λίμνης,
315 181 558 238 προσέταξα
598 183 678 236 τὴν
719 183 896 237 πρώτην
937 186 1150 238 λαβοῦσιν
1191 185 1334 226 οἰκίαν
1377 184 1448 239 ἐμ-

99 260 273 308 πρῆσαι.
334 253 491 307 <328>
534 254 692 294 τούτου
735 251 782 294 δὲ
824 253 1064 307 γενομένου
1106 256 1364 308 νομίσαντες
1407 255 1452 297 οἱ

107 326 320 378 Τιβεριεῖς
350 325 560 378 εἰλῆφθαι
586 324 693 364 κατὰ
718 323 875 375 κράτος
902 323 1046 365 αὐτῶν
1078 325 1158 378 τὴν
1184 326 1328 377 πόλιν,
1361 325 1447 366 ὑπὸ

100 397 244 449 φόβου
271 395 472 448 ῥίπτουσι
498 395 549 435 τὰ
575 394 699 446 ὅπλα,
728 394 833 448 μετὰ
860 402 1084 447 γυναικῶν
1112 393 1159 436 δὲ
1186 394 1257 436 καὶ
1282 394 1448 437 τέκνων

64 483 81 508 5
103 464 297 507 ἱκέτευον
327 466 566 519 φείσασθαι
599 470 672 518 τῆς
702 466 869 513 πόλεως
900 464 1057 506 αὐτῶν.
1114 466 1257 519 <329>
1289 465 1372 519 ἐγὼ
1401 463 1448 507 δὲ

99 536 208 589 πρὸς
238 536 313 584 τὰς
345 535 514 588 δεήσεις
546 532 825 583 ἐπικλασθεὶς
850 536 952 583 τοὺς
977 532 1057 589 μὲν
1084 536 1348 588 στρατιώτας
1373 543 1449 590 τῆς

100 605 236 658 ὁρμῆς
269 604 471 659 ἐπέσχον,
513 604 643 653 αὐτὸς
681 603 733 645 δέ
772 603 862 660 (καὶ
903 605 985 658 γὰρ
1025 603 1183 660 ἑσπέρα
1221 605 1448 662 κατέλαβε)

100 676 205 730 μετὰ
249 667 337 716 τῶν
381 675 571 717 ὁπλιτῶν
622 674 705 717 ἀπὸ
756 681 833 729 τῆς
875 678 1129 730 πολιορκίας
1172 675 1450 730 ὑποστρέψας

99 744 197 800 περὶ
235 746 315 799 τὴν
352 751 431 787 τοῦ
470 747 667 800 σώματος
703 749 945 801 θεραπείαν
984 746 1234 801 ἐγιγνόμην.
1303 747 1450 801 <330>

46 836 81 861 10
99 815 283 865 καλέσας
316 815 357 857 δ’
392 815 461 858 ἐπὶ
492 817 573 870 τὴν
605 815 798 858 ἑστίασιν
839 818 916 858 τὸν
949 820 1134 871 Σίμωνα
1165 818 1449 872 παρεμυθού-

100 903 187 940 μην
218 888 317 940 περὶ
342 894 431 928 τῶν
456 889 718 940 γεγονότων,
749 887 1056 942 ὑπισχνούμην
1084 903 1128 929 τε
1157 889 1261 937 δοὺς
1293 887 1449 942 ἐφόδια

100 957 216 1013 αὐτῷ
248 955 320 998 καὶ
352 964 442 1006 τοῖς
473 958 556 999 σὺν
589 957 704 1013 αὐτῷ
738 957 1043 1011 παραπέμψειν
1080 959 1142 1007 εἰς
1166 957 1449 1013 Ἱεροσόλυμα

100 1028 206 1081 μετὰ
237 1027 377 1081 πάσης
409 1027 659 1082 ἀσφαλείας.

189 1098 331 1151 <331>
357 1098 464 1139 κατὰ
491 1096 539 1139 δὲ
565 1099 644 1151 τὴν
665 1098 876 1140 ἐπιοῦσαν
896 1097 1062 1153 ἡμέραν
1082 1101 1267 1153 μυρίους
1295 1098 1449 1153 ἐπαγό-

12 1181 16 1184 ’
49 1187 81 1213 15
101 1184 230 1222 μενος
268 1167 445 1217 ὁπλίτας
481 1165 590 1222 ἧκον
627 1170 690 1218 εἰς
722 1170 801 1223 τὴν
840 1169 1094 1223 Τιβεριάδα,
1135 1168 1207 1210 καὶ
1239 1184 1450 1224 μεταπεμ-

99 1239 293 1293 ψάμενος
343 1239 404 1288 εἰς
452 1240 500 1280 τὸ
552 1239 733 1281 στάδιον
781 1240 884 1288 τοὺς
933 1240 1133 1293 πρώτους
1183 1240 1327 1281 αὐτῶν
1371 1247 1450 1282 τοῦ

99 1311 301 1363 πλήθους
333 1307 537 1351 ἐκέλευσα
568 1310 749 1364 φράζειν
776 1310 935 1359 οἵτινες
961 1306 1050 1351 εἶεν
1076 1313 1207 1352 αἴτιοι
1238 1316 1314 1364 τῆς
1346 1310 1451 1352 ἀπο-

101 1379 300 1428 στάσεως.
345 1380 490 1434 <332>
517 1379 836 1434 ἐνδειξαμένων
861 1377 909 1421 δὲ
929 1381 1030 1428 τοὺς
1051 1381 1229 1433 ἄνδρας,
1256 1380 1452 1430 ἐκείνους

100 1447 180 1503 μὲν
223 1448 485 1504 δεδεμένους
524 1451 587 1500 εἰς
626 1451 707 1504 τὴν
745 1449 1008 1503 Ἰωταπάτην
1048 1452 1179 1492 πόλιν
1220 1450 1449 1506 ἐξέπεμψα,

48 1539 83 1565 20
101 1522 205 1569 τοὺς
243 1517 291 1561 δὲ
329 1519 428 1575 περὶ
469 1522 546 1563 τὸν
579 1519 798 1574 Ἰωνάθην
835 1519 907 1562 καὶ
939 1519 1147 1562 Ἀνανίαν
1188 1522 1323 1571 λύσας
1363 1530 1451 1563 τῶν

101 1592 275 1645 δεσμῶν
306 1589 377 1632 καὶ
411 1591 516 1641 δοὺς
548 1591 704 1646 ἐφόδια
737 1592 842 1646 μετὰ
873 1593 1079 1645 Σίμωνος
1119 1590 1190 1633 καὶ
1218 1590 1450 1647 Ἰωαζάρου

101 1660 173 1703 καὶ
200 1661 390 1703 ὁπλιτῶν
422 1665 742 1716 πεντακοσίων,
777 1665 822 1704 οἳ
851 1662 1246 1716 παραφυλάξουσιν
1278 1662 1452 1717 αὐτούς,

102 1730 318 1786 ἐξέπεμψα
367 1733 429 1781 εἰς
476 1732 528 1773 τὰ
571 1730 866 1787 Ἱεροσόλυμα.
929 1733 1085 1786 <333>
1142 1734 1354 1786 Τιβεριεῖς
1403 1731 1451 1774 δὲ

101 1802 235 1844 πάλιν
266 1804 588 1856 προσελθόντες
620 1803 967 1856 συγγιγνώσκειν
997 1802 1145 1852 αὑτοῖς
1175 1803 1452 1857 παρεκάλουν

49 1891 84 1917 25
102 1872 202 1927 περὶ
233 1880 320 1914 τῶν
351 1871 682 1927 πεπραγμένων,
715 1872 1110 1924 ἐπανορθώσεσθαι
1136 1873 1211 1922 τὰς
1243 1872 1453 1928 ἁμαρτίας

102 1950 153 1998 τῇ
195 1943 300 1998 μετὰ
341 1949 476 1985 ταῦτα
516 1945 625 1996 πρὸς
665 1941 738 1998 ἐμὲ
778 1945 919 1985 πίστει
962 1942 1172 1996 λέγοντες.
1234 1944 1286 1984 τὰ
1325 1943 1364 1985 δ’
1406 1944 1453 1986 ἐκ

103 2019 178 2067 τῆς
209 2014 452 2068 διαρπαγῆς
481 2014 820 2068 περιττεύσαντα
857 2014 1000 2054 σῶσαί
1031 2028 1082 2066 με
1116 2020 1208 2062 τοῖς
1242 2013 1453 2055 ἀπολέσα-

104 2095 176 2126 σιν
208 2082 396 2125 ἐδέοντο.
451 2083 595 2138 <334>
626 2082 744 2137 κάγὼ
777 2090 866 2132 τοῖς
891 2085 1040 2138 ἔχουσι
1065 2082 1359 2136 προσέταττον
1391 2086 1453 2133 εἰς

104 2153 238 2208 μέσον
276 2154 416 2195 πάντα
455 2153 625 2209 φέρειν·
669 2154 976 2195 ἀπειθούντων
1018 2151 1065 2195 δὲ
1104 2153 1228 2208 μέχρι
1268 2158 1451 2207 πολλοῦ,

51 2242 86 2267 30
104 2224 377 2279 θεασάμενός
407 2240 505 2266 τινα
536 2231 623 2266 τῶν
655 2223 753 2278 περὶ
787 2221 859 2277 ἐμὲ
903 2232 1180 2279 στρατιωτῶν
1214 2223 1453 2278 λαμπροτέ-

107 2310 189 2350 ραν
220 2301 299 2337 τοῦ
332 2296 557 2349 συνήθους
587 2296 888 2349 περικείμενον
920 2295 1081 2348 στολὴν
1114 2293 1344 2348 ἐπυθόμην
1376 2296 1453 2336 πό-

178 2371 344 2396 Ιοςῑῑηῐυε.
382 2371 435 2397 IV.
1198 2365 1242 2395 24

1475 1110 1520 1141 64
