1732 2526
175 75 201 117 6
666 76 1030 110 ΑΡΧΑΙΟΛΟΓΙΑΣ

174 184 291 238 (30)
322 190 401 225 τοῦ
435 181 483 225 δὲ
510 180 723 239 Ἀγρίππα
748 182 972 238 Ῥωμαίων
1009 199 1054 226 τε
1086 185 1189 233 τοὺς
1229 182 1276 225 ἐν
1308 182 1420 226 τέλει
1451 182 1524 225 καὶ

173 253 394 309 βασιλέων
418 253 492 296 καὶ
518 255 749 296 δυναστῶν
774 256 877 304 τοὺς
896 256 1116 309 παρόντας
1141 253 1259 310 αὐτῷ
1282 252 1526 309 συνέδρους

173 324 488 380 ποιησαμένου,
513 326 725 375 καταστὰς
751 325 774 368 ὁ
800 327 1023 374 Νικόλαος
1048 322 1158 380 ὑπὲρ
1171 331 1276 387 ’,τῶν
1298 321 1525 366 Ἰουδαίων
1566 319 1571 322 ’

175 396 330 446 ἔλεξεν.

264 467 379 521 <31>
405 467 555 517 εἅπασι
581 466 675 521 μέν,
702 463 735 508 ὦ
762 465 935 521 μέγιστε
958 463 1186 521 Ἀγρίππα,
1211 474 1303 516 τοῖς
1329 465 1376 507 ἐν
1403 468 1526 523 χρεία
1561 483 1578 509 5

173 537 483 593 γεγενημένοις
515 538 681 592 ἀνάγκη
712 538 1005 592 καταφεύγειν
1038 536 1107 579 ἐπὶ
1147 539 1250 587 τοὺς
1281 536 1525 592 ἀφελέσθαι

173 609 251 659 τὰς
290 608 493 664 ἐπηρείας
532 608 679 650 αὐτῶν
719 607 1070 663 δυνησομένους,
1110 616 1201 657 τοῖς
1241 605 1290 649 δὲ
1330 615 1415 651 νῦν
1457 607 1525 650 έν-

173 679 443 735 τυγχάνουσι
484 677 557 720 καὶ
596 680 827 733 παρρησία.
891 678 1007 733 <32>
1048 680 1252 734 τυχόντες
1295 679 1377 734 γὰρ
1420 681 1526 733 πρό-

175 766 305 805 τερον
330 751 457 804 ὑμῶν
483 751 607 800 οἴους
631 750 821 804 ηὔξαντο
847 749 1071 803 πολλάκις,
1096 751 1144 791 τὸ
1171 750 1229 803 μὴ
1256 750 1331 799 τὰς
1350 750 1527 804 χάριτας

175 821 463 876 ἀφαιρεῖσθαι
496 819 553 862 δι’
591 821 717 875 ὑμῶν
750 821 975 862 αἰτοῦνται
1013 828 1101 862 τῶν
1134 821 1414 875 δεδωκότων,
1454 819 1526 862 καὶ
1548 838 1580 863 10

174 890 293 934 ταῦτ’
331 893 562 946 εἰληφότες
599 889 679 946 μὲν
717 891 852 941 αὐτὰς
886 892 1003 946 παρὰ
1041 899 1129 933 τῶν
1167 885 1233 941 οἷς
1270 893 1423 946 μόνοις
1463 893 1527 933 δι-

176 964 304 1005 δόναι
348 963 556 1017 δύναμις,
600 963 923 1018 ἀφαιρούμενοι
967 960 1007 1004 δ’
1053 961 1124 1004 ὑπ’
1168 963 1351 1012 οὐδενὸς
1387 965 1528 1017 κρείτ-

174 1050 322 1087 τονος,
360 1032 454 1075 ἀλλ’
493 1033 570 1083 οὓς
603 1037 701 1076 ἴσον
734 1035 851 1089 ἔχειν
883 1033 1032 1083 αὐτοῖς
1063 1032 1335 1089 ἀρχομένους
1367 1034 1528 1088 ὁμοίως

174 1104 282 1158 ὑμῖν
310 1109 467 1146 ἴσασιν.
523 1105 640 1159 <33>
672 1107 813 1146 καίτοι
845 1103 886 1158 γ’
916 1109 1000 1146 εἴτε
1027 1105 1230 1159 μεγάλων
1255 1104 1527 1160 ἠξιώθησαν,

176 1178 354 1225 ἔπαινός
387 1175 477 1217 ἐστι
508 1183 597 1217 τῶν
627 1177 926 1231 τετυχηκότων
958 1175 1025 1217 ὅτι
1051 1176 1275 1218 τοσούτων
1306 1177 1527 1231 παρέσχον
1549 1190 1582 1216 15

175 1246 337 1295 αὑτοὺς
379 1245 543 1296 ἀξίους·
595 1250 679 1288 εἴτε
721 1254 910 1301 μικρῶν,
955 1239 1139 1302 αἰσχρὸν
1180 1247 1238 1301 μὴ
1279 1245 1351 1288 καὶ
1392 1253 1528 1288 ταῦτα

175 1319 387 1371 βεβαιοῦν
419 1319 522 1367 τοὺς
554 1318 809 1367 δεδωκότας.
871 1318 986 1372 <34>
1027 1318 1073 1359 οἵ
1106 1333 1155 1372 γε
1195 1319 1283 1372 μὴν
1323 1318 1528 1372 ἐμποδὼν

175 1388 298 1437 ὄντες
328 1385 401 1429 καὶ
432 1389 542 1441 πρὸς
584 1387 790 1442 ἐπήρειαν
822 1389 1040 1443 χρώμενοι
1067 1385 1301 1439 Ἰουδαίοις
1337 1389 1528 1442 εὔδηλον

175 1459 233 1508 ὡς
265 1460 397 1513 ἄμφω
435 1458 659 1513 ἀδικοῦσι,
704 1461 808 1509 τοὺς
845 1461 1098 1514 εἰληφότας,
1139 1461 1180 1502 εἰ
1216 1460 1274 1514 μὴ
1307 1462 1529 1515 νομίζοιεν

175 1529 374 1583 ἀγαθοὺς
418 1523 483 1578 οἷς
528 1530 574 1571 οἰ
613 1536 877 1585 κρατοῦντες
922 1530 1228 1586 ἐμαρτύρησαν
1273 1530 1322 1573 ἐν
1359 1537 1418 1587 τῷ
1457 1529 1529 1572 καὶ
1550 1546 1583 1571 20

175 1606 355 1642 τοιαῦτα
383 1599 639 1653 δεδωκέναι,
670 1599 744 1642 καὶ
770 1603 872 1650 τοὺς
898 1602 1156 1655 δεδωκότας,
1188 1602 1229 1643 εἰ
1253 1602 1328 1651 τὰς
1352 1601 1531 1657 χάριτας

177 1671 323 1714 αὐτῶν
361 1671 598 1726 ἀβεβαίους
635 1671 808 1722 ἀξιοῦσι
845 1671 1067 1726 γενέσθαι.
1129 1672 1257 1726 <35>
1296 1673 1337 1714 εἰ
1377 1671 1430 1714 δέ
1466 1687 1530 1722 τις

177 1741 339 1792 αὐτοὺς
363 1744 507 1797 ἔροιτο
535 1744 616 1785 δύο
637 1744 806 1785 τούτων
825 1745 1014 1798 πότερον
1041 1742 1242 1786 ἐθέλοιεν
1268 1742 1323 1785 ἂν
1350 1742 1530 1798 ἀφαιρε-

175 1817 335 1866 θῆναι,
379 1814 427 1854 τὸ
474 1815 549 1866 ζῆν
593 1812 619 1866 ἢ
661 1814 713 1854 τὰ
753 1814 913 1868 πάτρια
958 1816 1062 1868 ἔθη,
1105 1815 1181 1863 τὰς
1219 1814 1412 1868 πομπάς,
1455 1814 1532 1863 τὰς

175 1885 358 1937 θυσίας,
396 1884 473 1933 τὰς
511 1881 683 1938 ἑορτάς,
721 1884 771 1934 ἃς
802 1893 893 1934 τοϊς
923 1883 1226 1940 νομιζομένοις
1256 1885 1530 1940 προσάγουσι
1550 1896 1584 1922 2⁵

176 1958 322 2007 θεοῖς,
366 1949 416 1995 εὗ
455 1951 538 1996 οἶδ’
584 1955 650 1996 ὅτι
686 1955 828 1997 πάντα
866 1958 1035 2009 μᾶλλον
1074 1956 1329 2011 αἱρήσονται
1366 1959 1530 1997 παθεῖν

178 2025 204 2079 ἢ
236 2027 480 2066 καταλῦσαί
506 2040 547 2066 τι
577 2032 665 2066 τῶν
697 2027 906 2079 πατρίων.
962 2026 1077 2079 <36>
1110 2024 1183 2068 καὶ
1212 2026 1295 2080 γὰρ
1321 2027 1423 2075 τοὺς
1452 2040 1531 2068 πο-

178 2094 338 2149 λέμους
364 2095 410 2136 οἱ
437 2093 594 2136 πολλοὶ
622 2095 695 2136 διὰ
724 2093 844 2137 ταῦτ’
875 2095 1178 2151 ἀναιροῦνται,
1209 2098 1532 2151 φυλαττόμενοι

178 2167 235 2220 μὴ
268 2168 561 2221 παραβαίνειν
593 2165 724 2220 αὐτά,
756 2164 828 2207 καὶ
860 2167 941 2220 τὴν
972 2167 1277 2222 εὐδαιμονίαν,
1308 2167 1334 2221 ’ἢ
1366 2174 1451 2209 νῦν
1482 2168 1531 2209 τὸ

179 2238 355 2291 σύμπαν
400 2243 487 2278 τῶν
533 2235 786 2291 ἀνθρώπων
826 2235 954 2290 γένος
992 2236 1047 2279 δι’
1094 2237 1204 2293 ὑμᾶς
1242 2239 1348 2292 ἔχει,
1392 2239 1532 2296 τούτῳ
1552 2249 1587 2275 30

176 2313 439 2363 μετροῦμεν,
474 2312 532 2364 τῷ
569 2306 728 2357 ἐξεῖναι
761 2308 869 2349 κατὰ
900 2309 1048 2363 χώραν
1082 2306 1279 2359 ἑκάστοις
1310 2310 1361 2350 τὰ
1394 2310 1534 2351 οἰκεῖα
