1732 2526
606 44 1014 78 ΟΚΤΩΚΑΙΔΕΚΑΤΗ
1400 46 1421 84 1
1428 44 1483 85 99

137 153 351 206 πρότερον
396 150 442 193 ἐκ
485 151 687 204 τοιαύτης
731 150 931 205 ἀφορμῆς
974 152 1173 201 ἅψασθαι
1217 152 1485 206 πραγμάτων

138 219 186 262 ἐν
236 223 371 277 τόλμῃ
415 223 676 275 γεγονότων.
739 220 893 274 <339>
940 224 1218 276 Παρθυαίων
1263 220 1299 263 τ’
1349 222 1483 264 αὐτὸν

138 290 409 346 ἐθεράπευον
448 292 494 333 οἱ
527 292 659 347 ταύτῃ
697 293 1077 345 καταπεμπόμενοι
1116 295 1365 346 στρατηγοί·
1416 309 1485 347 μι-

135 363 244 416 κρὸν
282 362 364 416 γὰρ
404 361 546 403 ἐδόκει
582 360 655 402 καὶ
694 367 767 415 τῆς
805 359 896 403 κατ’
935 362 1069 404 αὐτὸν
1110 359 1241 415 ἧττον
1273 362 1427 416 ἀρετῆς
1459 363 1483 416 ἡ

100 431 184 472 ὃέκ
224 434 524 486 Βαβυλωνίων
567 437 784 484 προϊοῦσα
826 434 941 486 τιμή.
1003 429 1058 485 ἦν
1104 430 1142 472 δ’
1187 432 1234 473 ἐν
1276 431 1483 486 ἀξιώματι

134 500 206 542 καὶ
239 503 444 556 δυνάμει,
486 502 627 543 πάντα
659 500 695 542 τ’
732 502 815 555 ἤδη
848 502 899 543 τὰ
938 500 1006 543 ἐπὶ
1038 507 1113 555 τῆς
1144 504 1485 556 Μεσοποταμίας

134 573 242 627 πρὸς
286 572 421 614 αὐτὸν
465 570 570 626 ἦρτο
615 572 869 627 πράγματα,
918 571 1169 627 προύκοπτέ
1208 571 1246 613 τ’
1298 573 1415 629 αὐτῷ
1462 573 1483 626 ἡ

134 641 393 696 εὐδαιμονία
426 641 489 684 ἐπ’
529 644 600 697 ε”τη
634 643 955 684 πεντεκαίδεκα.

224 714 369 766 <340>
395 713 676 767 ἀκμαζόντων
704 711 744 754 δ’
775 713 923 762 αὐτοῖς
942 720 1031 754 τῶν
1051 712 1251 767 ἀγαθῶν,
1278 713 1387 767 ἀρχὴ
1409 714 1483 755 αὐ-

81 793 115 818 10
134 784 237 832 τοὺς
263 782 657 837 ἐπικαταλαμβάνει
689 791 834 824 κακῶν
868 782 915 825 ἐκ
941 781 1111 825 τοιᾶσδ’
1144 785 1302 838 αι’τιάς,
1336 783 1484 838 ἐπειδὴ

133 854 214 906 τὴν
247 852 426 908 ἀρετήν,
467 849 493 908 ᾖ
526 854 786 908 προύκοψαν
819 852 888 894 ἐπὶ
920 853 1030 908 με’γα
1062 854 1310 908 δυνάμεως,
1342 853 1485 909 ἐκτρέ-

132 936 294 965 πουσιν
338 925 399 972 εἰς
442 923 595 978 ὕβρι-ν,
640 922 708 965 ἐπὶ
754 924 999 978 παραβάσει
1043 931 1131 965 τῶν
1173 927 1368 979 πατρίων
1406 921 1477 965 ὑπ’

133 993 382 1048 ἐπιθυμιῶν
419 993 491 1035 καὶ
528 994 692 1048 ἡδονῆς
730 993 999 1048 ἐμπεσόντες.
1061 994 1207 1048 <341>
1245 1002 1332 1036 τῶν
1364 996 1486 1049 Πάρ-

132 1068 232 1106 θων
269 1067 361 1105 τινί
389 1064 648 1120 (στρατηγὸς
686 1061 725 1105 δ’
763 1064 940 1118 ἀφίκετο
976 1072 1063 1106 τῶν
1105 1065 1238 1120 ταύτῃ
1277 1063 1486 1120 χωρίων),

33 1171 38 1175 .
81 1145 114 1171 15
135 1127 170 1191 ᾦ
203 1135 256 1188 δὴ
290 1133 361 1176 καὶ
388 1135 532 1176 εἵπετο
564 1136 727 1189 γαμετὴ
760 1135 811 1176 τά
843 1134 879 1176 τ’
916 1136 1026 1176 ἄλλα
1059 1133 1168 1187 [καὶ]
1201 1136 1262 1184 εἰς
1290 1136 1338 1177 τὸ
1368 1134 1485 1176 ἐπαι-

132 1209 312 1246 νεῖσθαι
349 1208 644 1260 προειληφυῖα
684 1213 858 1259 πασῶν,
902 1204 974 1246 καὶ
1015 1207 1193 1259 μείζονα
1231 1205 1374 1259 ῥοπὴν
1415 1203 1479 1246 ἐπ’

134 1274 250 1331 αὐτῷ
279 1275 565 1329 λαμβάνουσα
590 1276 786 1329 θαύματι
811 1281 889 1317 τοῦ
916 1275 1173 1330 εὐπρεποῦς,
1206 1275 1350 1328 <342>
1384 1277 1486 1317 ταύ-

133 1361 208 1399 της
239 1342 314 1386 εἴτ’
352 1344 490 1399 ἀκοὴν
521 1351 597 1399 τῆς
627 1346 885 1400 εὐπρεπείας
926 1345 1132 1399 ἐκμαθὼν
1170 1349 1254 1386 εἴτε
1288 1344 1358 1386 καὶ
1394 1347 1486 1397 [ἄλ-

134 1417 237 1466 λως]
283 1415 498 1470 αὐτόπτης
542 1418 779 1470 γενόμενος
818 1415 1033 1465 Ἀνιλαῖος
1077 1415 1099 1457 ὁ
1143 1421 1221 1457 τοῦ
1261 1412 1485 1458 Ἀσιναιόυ

80 1497 114 1522 20
134 1485 326 1540 ἀδελφὸς
358 1485 541 1540 ἐραστής
572 1483 607 1526 τ’
645 1486 838 1540 ἐγεγόνει
868 1484 940 1527 καὶ
964 1484 1186 1540 πολέμιος,
1218 1487 1266 1527 τὸ
1293 1484 1372 1539 μὲν
1399 1486 1484 1528 ὑπὸ

133 1562 213 1597 τοῦ
246 1557 303 1609 μὴ
336 1556 478 1605 ἄλλως
510 1555 698 1606 ἐλπίζειν
731 1555 1048 1610 ἐκπράττεσθαι
1080 1557 1159 1609 τὴν
1192 1557 1386 1598 σύνοδον
1411 1562 1486 1610 τῆς

133 1627 342 1679 γυναικὸς
373 1627 430 1679 μὴ
464 1626 543 1679 τὴν
583 1624 785 1675 ἐξουσίαν
824 1626 880 1675 ὡς
920 1623 985 1666 ἐπ’
1022 1626 1129 1680 αὐτῇ
1163 1629 1374 1682 κτηθείσῃ
1406 1641 1486 1668 πα-

134 1696 361 1751 ραλαβών,
404 1697 452 1737 τὸ
494 1694 533 1736 δ’
572 1696 656 1738 ὑπὸ
701 1702 780 1737 τοῦ
817 1697 1157 1738 δυσαντίλεκτον
1199 1699 1367 1750 κρίνειν
1404 1698 1485 1751 τὴν

135 1765 389 1820 ἐπιθυμίαν.
451 1766 607 1819 <343>
650 1767 737 1820 ἅμα
778 1781 823 1807 τε
865 1762 946 1808 οὖν
983 1765 1190 1820 πολέμιος
1228 1764 1293 1808 ἐπ’
1337 1767 1486 1817 αὐτοῖς

81 1847 115 1874 25
135 1835 247 1890 ἀνὴρ
275 1835 626 1890 ἐκεχειροτόνητο
648 1868 656 1877 .
677 1868 686 1877 .
709 1868 738 1890 .,
770 1834 841 1877 καὶ
869 1836 1005 1890 μάχης
1032 1835 1220 1878 ἐπάκτου
1246 1837 1487 1891 γενομένης

134 1908 346 1955 πεσόντος
372 1905 652 1962 ἀνῃρημένου
680 1905 846 1948 ἁλοῦσα
873 1905 1111 1960 ἐγεγάμητο
1137 1913 1197 1963 τῷ
1225 1906 1394 1962 ἐραστῇ.
1433 1908 1487 1950 οὐ

134 1977 221 2031 μὴν
248 1977 347 2031 δι’χα
374 1992 421 2030 γε
455 1977 655 2030 μεγάλων
683 1977 930 2031 δυστυχιῶν
952 1974 1153 2034 Ἀνιλαίῳ
1180 1975 1231 2018 θ’
1260 1976 1335 2031 ἅμ’
1368 1977 1485 2035 αὐτῷ

133 2045 205 2088 καὶ
243 2043 446 2104 Ἀσιναίῳ
490 2047 516 2100 ἡ
561 2048 673 2100 γυνὴ
719 2046 897 2102 ἀφίκετο
939 2048 1000 2096 εἰς
1039 2049 1117 2089 τὸν
1159 2044 1282 2089 οἷκον
1326 2048 1485 2103 αὐτῶν,

135 2116 245 2158 ἀλλὰ
296 2117 380 2158 σύν
428 2132 515 2159 τινι
565 2118 739 2175 μεγάλῳ
790 2123 908 2173 κακῷ
954 2118 1026 2158 διὰ
1070 2119 1278 2172 τοιαύτην
1330 2120 1485 2161 αἰτίαν.

81 2199 118 2224 30
136 2187 280 2242 <344>
313 2186 405 2229 ἐπεὶ
431 2188 514 2241 γὰρ
540 2187 729 2241 τάνδρὸς
754 2189 1018 2242 τεθνηκότος
1044 2188 1316 2243 αἰχμάλωτος
1341 2190 1485 2243 ἤγετο,

136 2257 442 2313 τάφιδρύματα
474 2266 562 2300 τῶν
592 2262 726 2312 θεῶν,
760 2259 867 2314 ἅπερ
898 2256 1054 2313 τάνδρὶ
1086 2257 1155 2300 καὶ
1187 2259 1295 2313 αὐτῇ
1328 2260 1487 2314 πάτρια
