1732 2526
692 77 908 109 ΕῑΚοΣΤΗ
1045 71 1049 75 ’
1353 47 1356 50 ’
1387 75 1474 116 279

128 185 265 238 ὄνομα
296 189 348 238 τῇ
379 189 455 238 γῇ,
492 181 561 224 καὶ
597 181 643 224 ἐν
676 182 784 237 αὐτῇ
821 184 1038 237 πρότερον
1070 185 1330 233 Μακεδόνες
1363 185 1476 226 ε”κτι-

129 266 212 295 σαν
258 255 388 296 πόλιν
431 252 720 308 Ἀντιόχειαν,
769 252 824 306 ἣν
864 251 1208 307 Ἐπιμυγδονίαν
1257 257 1478 310 προσηγό-

129 336 303 378 ρευσαν.

216 395 343 448 <69>
384 394 560 442 ταύταις
596 391 676 447 μὲν
718 394 772 447 δὴ
814 401 907 443 ταῖς
947 401 1091 448 τιμαῖς
1132 395 1154 436 6
1192 393 1350 448 Ἰζάτης
1390 395 1476 436 ὑπὸ

94 472 206 506 5τοῦ
245 472 331 506 τῶν
363 464 565 518 Πάρθων
598 463 812 518 βασιλέως
853 464 1061 519 ἐτιμήθη,
1106 463 1196 518 μετ’
1241 465 1294 506 οὐ
1335 467 1478 507 πολὺν

127 533 175 577 δὲ
201 537 363 591 χρόνον
387 534 649 589 Ἀρτάβανος
674 538 869 591 τελευτᾷ,
901 536 981 589 τὴν
1007 538 1235 590 βασιλείαν
1267 541 1325 591 τῷ
1353 534 1479 577 παιδὶ

121 604 330 661 ’ὃαρδάνῃ
375 605 638 646 καταλιπών.
700 601 829 654 οὗτος
874 606 927 659 δὴ
972 607 1081 660 πρὸς
1120 601 1282 659 Ἰζάτην
1327 605 1480 659 ἀφικό-

125 691 255 731 μενος
292 675 613 729 ήξίουγαύτόν,
659 673 831 729 μέλλων
868 677 979 730 πρὸς
1009 673 1249 728 Ῥωμαίους
1285 677 1479 730 πόλεμον

126 745 349 801 ἐκφέρειν,
393 746 769 800 συστρατεύεσθαι
813 745 885 787 καὶ
931 749 1181 802 συμμαχίαν
1223 745 1479 800 ἑτοιμάζειν,

73 832 108 857 10
125 817 238 870 <ῖΟ>
283 816 336 858 οὐ
380 817 467 870 μὴν
512 817 705 857 ἔπειθεν·
757 815 779 858 ὁ
824 816 907 871 γὰρ
941 814 1101 871 Ἰζάτης
1144 817 1224 871 τὴν
1255 815 1480 871 Ῥωμαίων
1534 853 1538 856 .

127 887 318 941 δύναμίν
362 902 406 928 τε
447 885 519 928 καὶ
561 887 697 941 τύχην
741 885 1027 941 ἐπιστάμενος
1068 887 1304 937 ἀδυνάτοις
1345 887 1481 930 αὐτὸν

127 957 324 1012 ἐνόμιζεν
359 957 605 1013 ἐπιχειρεῖν.
656 957 771 1011 <71>
807 959 868 998 ἔτι
900 955 948 998 δὲ
979 958 1220 1012 πεπομφὼς
1245 957 1372 999 πέντε
1400 955 1481 1012 μὲν

125 1030 203 1070 τὸν
236 1027 431 1083 ἀριθμὸν
469 1029 616 1082 υἱούς,
653 1029 733 1082 τὴν
770 1028 946 1082 ἡλικίαν
983 1027 1132 1082 νέους,
1170 1032 1369 1082 γλῶτταν
1400 1030 1481 1083 τὴν

125 1097 226 1154 παρ’
269 1098 374 1153 ἡμῖν
412 1099 597 1153 πάτριον
638 1097 710 1140 καὶ
751 1100 956 1140 παιδείαν
998 1098 1188 1153 ἀκριβῶς
1227 1098 1482 1154 μαθησομέ-

74 1184 107 1209 15
126 1186 251 1223 νους,
297 1170 378 1223 τὴν
421 1167 469 1211 δὲ
510 1168 673 1224 μητέρα
710 1170 1110 1224 προσκυνήσουσαν
1148 1171 1196 1211 τὸ
1237 1170 1379 1224 ἱερόν,
1425 1170 1483 1219 ὡς

125 1247 359 1295 προεῖπον,
392 1239 681 1294 ὀκνηρότερος
714 1237 791 1294 ἣν,
823 1238 894 1281 καὶ
925 1240 1003 1281 τὸν
1033 1238 1270 1295 ’ὅαρδάνην
1303 1239 1482 1294 ἐκώλυε,

127 1318 320 1366 συνεχῶς
365 1311 657 1365 διηγούμενος
700 1311 776 1359 τὰς
806 1308 1030 1364 Ῥωμαίων
1072 1301 1282 1365 δυνάμεις
1322 1314 1367 1352 τε
1409 1310 1482 1365 καὶ

126 1380 318 1435 πράξεις,
349 1381 422 1422 διὰ
447 1382 616 1423 τούτων
643 1382 846 1435 οἰόμενος
872 1380 1008 1423 αὐτὸν
1034 1383 1249 1436 φοβήσειν
1275 1380 1348 1424 καὶ
1373 1382 1484 1423 παύ-

129 1464 222 1494 σειν
266 1450 573 1506 ἐπιθυμοῦντα
617 1458 692 1506 τῆς
736 1449 800 1492 ἐπ’
851 1451 1011 1501 αὐτοὺς
1056 1455 1292 1507 στρατειάς.
1355 1453 1482 1507 <72>

76 1538 108 1563 20
127 1521 424 1578 παροξυνθεὶς
457 1521 501 1563 δ’
537 1521 605 1564 ἐπὶ
637 1523 808 1571 τούτοις
841 1523 864 1564 ὁ
896 1523 1083 1576 Πάρθος
1119 1525 1313 1578 πόλεμον
1346 1523 1484 1573 εὐθὺς

128 1595 236 1649 πρὸς
272 1591 436 1648 Ἰζάτην
482 1595 786 1647 κατήγγειλεν,
830 1593 883 1635 οὐ
928 1594 1015 1647 μὴν
1059 1595 1216 1647 ἔλαβεν
1260 1591 1365 1636 οὐδὲ
1409 1601 1484 1648 τῆς

129 1663 199 1706 ἐπὶ
239 1665 381 1721 τούτῳ
425 1667 650 1719 στρατείας
692 1665 868 1718 ὄνησιν,
912 1671 990 1705 τοῦ
1034 1668 1145 1706 θεοῦ
1187 1665 1264 1714 τὰς
1305 1664 1485 1714 ἐλπίδας

129 1735 267 1777 αὐτοῦ
287 1734 428 1784 πάσας
446 1735 754 1789 ὑποτεμόντος.
799 1735 912 1789 (73)
941 1736 1163 1788 μαθόντες
1182 1735 1264 1789 γὰρ
1292 1735 1338 1777 οἱ
1360 1736 1484 1792 Πάρ-

129 1811 206 1848 θοι
238 1806 318 1860 τὴν
352 1805 555 1847 διάνοιαν
587 1811 665 1847 τοῦ
695 1801 929 1859 ’δαρδάνου
955 1803 1028 1846 καὶ
1060 1805 1118 1854 ὡς
1151 1804 1219 1847 ἐπὶ
1245 1804 1485 1860 Ῥωμαίους

77 1891 109 1916 25
131 1877 412 1932 στρατεύσειν
445 1878 630 1930 ἔκρινεν,
665 1876 800 1918 αὐτὸν
833 1873 912 1930 μὲν
945 1875 1199 1929 ἀναιροῦσι,
1231 1877 1312 1930 τὴν
1345 1875 1485 1932 ἀρχὴν

131 1947 179 1990 δὲ
223 1947 426 2004 τάδελφῷ
471 1947 678 2003 Κοτάρδῃ
722 1946 985 2002 παρέδοσαν.
1049 1946 1165 2000 <74>
1209 1945 1281 1988 καὶ
1325 1953 1485 1988 τοῦτον

132 2017 179 2061 δὲ
211 2016 302 2073 μετ’
339 2018 392 2060 οὐ
430 2019 572 2059 πολὺν
610 2019 773 2072 χρόνον
812 2016 854 2066 ἐξ
894 2016 1128 2071 ἐπιβουλῆς
1166 2019 1485 2071 τελευτήσαντα

131 2088 377 2145 διαδέχεται
406 2087 653 2142 ’δολογέσης
685 2087 706 2129 6
741 2087 950 2142 ἀδελφός,
990 2087 1037 2137 ὃς
1069 2088 1122 2141 δὴ
1156 2086 1228 2129 καὶ
1259 2095 1350 2137 τοῖς
1381 2088 1485 2142 ὁμο-

130 2163 327 2215 πατρίοις
354 2158 484 2202 δυσὶν
510 2159 719 2214 ἀδελφοῖς
746 2160 1004 2208 δυναστείας
1029 2159 1218 2212 μεγάλας
1244 2157 1485 2211 ἐπίστευσε,

78 2243 112 2268 80
132 2232 323 2288 Πακόρῳ
356 2228 436 2285 μὲν
468 2237 526 2286 τῷ
553 2228 833 2287 πρεσβυτέρῳ
860 2231 940 2284 τὴν
966 2230 1155 2284 Μήδων,
1194 2229 1402 2285 Τιριδάτῃ
1436 2227 1486 2271 δὲ

130 2307 190 2359 τῷ
223 2301 423 2360 νεωτέρω
456 2302 535 2355 τὴν
566 2300 810 2357 Ἀρμενίαν.
