1732 2526
689 83 904 114 ΕΙΚΟΣΤΗ
1388 80 1474 121 293

128 187 376 243 ἀνδρωθεὶς
407 188 537 238 αὐτὸς
566 189 683 242 παρὰ
716 195 794 229 τοῦ
826 189 987 241 πατρὸς
1012 189 1091 242 τὴν
1117 188 1257 243 ἀρχὴν
1282 189 1475 242 παραλά-

128 261 216 312 βοι,
253 265 311 315 τῷ
351 257 389 316 δ’
440 259 572 312 αὐτῆς
616 257 740 300 παιδὶ
785 259 1064 312 προαρπάσαι
1107 258 1356 313 βουλομένη
1394 261 1475 313 τὴν

126 329 382 383 ἡγεμονίαν,
425 330 477 370 τά
521 345 565 370 τε
609 328 707 383 περὶ
751 331 828 371 τὸν
872 329 1071 370 θάνατον
1111 336 1188 370 τοῦ
1232 331 1475 383 Κλαυδίου,

126 400 326 453 καθάπερ
358 397 413 453 ἦν
445 402 590 452 λόγος,
622 398 898 453 διεπράξατο,
930 399 1073 451 <Ιῦ2>
1105 398 1177 440 καὶ
1214 406 1477 454 παραχρῆμα

92 469 284 524 5πέμπει
315 471 392 512 τὸν
423 478 510 511 τῶν
544 470 879 523 στρατευμάτων
919 471 1109 524 ἔπαρχον
1147 472 1367 523 Βοῦρρον,
1405 468 1478 510 καὶ

128 542 212 582 σὺν
244 540 360 597 αὐτῷ
400 542 501 589 τοὺς
532 530 783 594 χιλιάρχους
820 547 907 580 τῶν
946 538 983 580 τ’
1025 538 1338 594 ἀπελευθέρων
1375 542 1479 589 τοὺς

126 614 333 655 πλεῖστον
366 609 657 663 δυναμένους,
695 609 938 659 ἀπάξοντας
975 611 1037 659 εἰς
1075 610 1156 663 τὴν
1193 610 1477 664 παρεμβολὴν

125 683 203 723 τὸν
223 680 413 734 Νέρωνα
439 679 511 722 καὶ
537 681 977 734 προσαγορεύσοντας
1003 681 1138 722 αὐτὸν
1165 680 1478 736 αὐτοκράτορα.

126 752 270 805 <1ὖ3>
304 750 463 806 Νέρων
497 749 545 793 δὲ
570 752 650 804 τὴν
676 750 816 806 ἀρχὴν
843 751 957 792 οὕτω
983 752 1266 805 παραλαβών,
1290 754 1478 804 Βρεττα-

74 836 106 861 10
126 823 253 864 νικὸν
286 820 364 876 μὲν
398 822 572 875 ἀδήλως
598 830 688 883 τοῖς
713 825 893 870 πολλοῖς
919 821 1094 875 ἀναιρεῖ
1120 823 1193 863 διὰ
1220 822 1478 876 φαρμάκων,

125 900 327 947 φανερῶς
365 892 404 934 δ’
449 893 531 934 οὐκ
569 894 631 942 εἰς
668 893 839 946 μακρὰν
877 894 957 946 τὴν
996 891 1158 946 μητέρα
1196 894 1276 946 τὴν
1320 891 1479 935 ἑαυτοῦ

126 964 321 1018 φονεύει,
353 964 515 1016 ταύτην
548 962 738 1016 ἀμοιβὴν
772 962 980 1011 ἀποτίσας
1012 963 1119 1017 αὐτῇ
1153 963 1206 1004 οὐ
1233 965 1373 1016 μόνον
1405 968 1480 1016 τῆς

114 1033 336 1088 »γενέσεως
363 1033 472 1075 ἀλλὰ
504 1031 576 1074 καὶ
608 1039 687 1075 τοῦ
719 1041 812 1082 ταῖς
844 1033 1012 1087 ἐκείνης
1038 1041 1250 1088 μηχαναῖς
1276 1034 1357 1086 τὴν
1379 1031 1479 1074 εΡω-

126 1107 268 1158 μαίων
300 1104 539 1158 ἡγεμονίαν
572 1106 855 1157 παραλαβεῖν.
917 1106 1077 1144 κτείνει
1110 1101 1158 1145 δὲ
1190 1102 1261 1144 καὶ
1288 1105 1368 1157 τὴν
1389 1103 1479 1145 Ὀκ-

74 1187 106 1213 15
125 1177 278 1216 tocm'ocv
316 1170 342 1230 ἧ
383 1173 589 1231 συνῴκει,
629 1174 819 1222 πολλούς
856 1172 890 1215 τ’
940 1173 1166 1229 ἐπιφανεῖς
1209 1175 1376 1226 ἄνδρας
1421 1174 1480 1223 ὡς

127 1243 191 1287 ἐπ’
229 1245 365 1287 αὐτὸν
399 1245 634 1297 ἐπιβουλὰς
666 1243 926 1294 συνθέντας.
1087 1233 1091 1236 ⁴

168 1326 170 1329 '
214 1316 358 1369 (154)
391 1315 500 1356 ἀλλὰ
538 1314 636 1368 περὶ
676 1312 756 1368 μὲν
794 1316 963 1356 τούτων
1003 1315 1058 1357 ἐῶ
1097 1319 1231 1357 πλείω
1271 1317 1477 1371 γράφειν·

87 1376 90 1379 ’
126 1385 282 1428 πολλοὶ
314 1387 397 1440 γὰρ
430 1387 510 1439 τὴν
542 1385 641 1437 περὶ
680 1385 870 1438 Νέρωνα
910 1387 1225 1441 συντετάχασιν
1267 1388 1479 1441 ἱστορίαν,

127 1453 189 1498 ὧν
222 1459 267 1498 οἳ
296 1455 375 1510 μὲν
416 1457 489 1498 διὰ
527 1457 672 1512 χάριν,
711 1452 760 1505 εὖ
798 1460 1070 1506 πεπονθότες
1111 1456 1185 1499 ὑπ’
1222 1457 1374 1512 αὐτοῦ,
1406 1464 1480 1511 τῆς

73 1541 106 1565 20
126 1527 338 1581 ἀληθείας
380 1526 621 1581 ἠμέλησαν,
665 1529 710 1568 οἳ
752 1525 800 1586 δὲ
844 1529 917 1569 διὰ
961 1536 1087 1581 μῖσος
1130 1527 1202 1569 καὶ
1247 1529 1327 1581 τὴν
1371 1530 1480 1580 πρὸς

126 1598 262 1640 αὐτὸν
306 1597 546 1652 ἀπέχθειαν
591 1597 730 1646 οὕτως
774 1596 967 1647 ἀναιδῶς
1011 1596 1352 1654 ἐνεπαρῴνησαν
1389 1606 1481 1648 τοῖς

125 1669 374 1722 ψεύσμασιν
402 1668 459 1716 ὡς
485 1667 632 1716 ἀξίους
653 1667 815 1717 αὐτοὺς
835 1665 948 1709 εἶναι
974 1670 1300 1722 καταγνώσεως.
1334 1671 1478 1724 <15:3>

125 1738 198 1781 καὶ
247 1737 490 1791 θαυμάζειν
542 1737 622 1779 οὐκ
665 1740 810 1779 ἔπεισί
856 1754 930 1791 μοι
974 1741 1076 1787 τοὺς
1119 1738 1218 1793 περὶ
1267 1739 1480 1794 Νέρωνος

124 1808 451 1863 ψευσαμένους,
496 1808 606 1849 ὅπου
648 1806 758 1861 μηδὲ
798 1816 886 1849 τῶν
923 1810 1008 1862 πρὸ
1048 1809 1184 1851 αὐτοῦ
1226 1810 1478 1864 γενομένων

74 1891 107 1917 25
127 1880 374 1935 γράφοντες
416 1879 496 1932 τὴν
541 1877 755 1932 ἀλήθειαν
806 1885 881 1932 τῆς
926 1880 1119 1933 ἱστορίας
1168 1883 1477 1935 τετηρήκασιν·

125 1953 267 1992 καίτοι
298 1951 406 2002 πρὸς
438 1948 633 1998 ἐκείνους
665 1950 812 1998 αὐτοῖς
854 1948 986 1991 οὐδὲν
1024 1958 1151 2004 μῖσος
1188 1948 1243 2004 ἦν
1276 1952 1348 1993 ἅτε
1382 1951 1474 2006 μετ’

127 2020 287 2069 αὐτοὺς
312 2023 459 2076 πολλςό
487 2021 631 2076 χρόνῳ
658 2019 923 2074 γενομένοις.
970 2022 1114 2075 <156>
1140 2021 1251 2063 ἀλλὰ
1277 2024 1360 2076 γὰρ
1389 2031 1479 2072 τοῖς

126 2088 206 2145 μὲν
245 2091 297 2132 οὐ
335 2089 685 2143 προνοουμένοις
725 2097 799 2144 τῆς
840 2091 1050 2146 ἀληθείας
1093 2092 1248 2142 ἐξέστω
1287 2095 1477 2148 γράφειν

127 2162 184 2210 ὡς
214 2160 418 2203 θέλουσι·
450 2162 590 2217 τούτῳ
622 2162 705 2214 γὰρ
738 2164 906 2217 χαίρειν
933 2162 1145 2204 ἐοίκασιν·
1179 2164 1324 2217 <157>
1352 2165 1477 2219 ἡμεῖς

70 2244 104 2269 30
127 2230 174 2274 δὲ
214 2233 379 2274 σκοπὸν
417 2232 497 2284 τὴν
536 2221 750 2284 ἀλήθειαν
790 2231 1080 2287 προθέμενοι,
1122 2235 1173 2275 τὰ
1218 2232 1297 2288 μὲν
1340 2235 1476 2289 ἀπῃ-

219 2318 238 2354 g
266 2316 332 2347 153
359 2313 404 2347 of.
431 2312 524 2348 Bell.
551 2313 629 2348 Iud.
656 2314 689 2347 Π
718 2318 771 2358 12,
798 2318 830 2350 8.
