1732 2526
43 846 76 870 10

43 1197 76 1223 15

44 1551 77 1575 20

45 1904 77 1929 25

601 89 940 121 EKKAIAEKATH
1391 89 1447 130 35

99 197 312 251 λεγούσης
355 193 587 249 ἀκηκοέναι
632 197 709 237 τὸν
743 194 951 249 Ἡρώδην
993 195 1208 250 ἡττῆσθαι
1252 204 1330 240 τοῦ
1375 204 1449 252 τῆς

99 268 336 322 Γλαφύρας
369 268 528 320 ἔρωτος
559 264 630 307 καὶ
664 266 1057 320 δυσπαρηγόρητον
1091 267 1205 322 αὐτῷ
1246 269 1325 322 τὴν
1358 267 1448 309 ἐπι-

99 339 269 392 θυμιάν
301 333 426 378 εἶναι.
489 337 632 389 <2οΤ>
672 334 789 377 τοῦτ’
827 332 909 377 οὖν
943 335 1108 385 ἐκεῖνος
1141 336 1330 387 ἀκούσας
1361 339 1447 380 ὑπό

99 423 142 449 τε
191 410 390 461 νεότητος
432 404 503 447 καὶ
549 407 807 460 ζηλοτυπίας
851 404 1087 459 ἐξεκαίετο,
1135 404 1207 447 καὶ
1245 408 1295 448 τὰ
1340 410 1447 450 κατὰ

98 480 227 533 τιμὴν
268 479 330 527 εἰς
370 478 449 530 τὴν
486 477 622 518 παῖδα
660 478 898 530 γιγνόμενα
938 474 1039 531 παρ’
1075 474 1281 531 “Ηρώδου
1324 477 1447 534 (πολ-

97 550 220 599 λάκις
253 547 294 590 δ’
328 544 440 602 ἦσαν
473 548 521 588 αἱ
549 553 747 588 τοιαῦται
779 546 1142 604 φιλοφρονήσεις)
1177 547 1246 589 ἐπὶ
1281 549 1329 590 τὸ
1362 556 1448 603 χεῖ-

97 635 178 674 ρον
211 618 455 673 ἐλάμβανεν
489 617 530 668 ἐξ
564 618 788 660 ὑπονοιῶν
822 619 894 659 διὰ
920 619 998 659 τὸν
1031 617 1267 660 ἐκπεσόντα
1300 621 1447 673 λόγον.

96 690 241 744 (208)
273 689 353 738 οὐκ
386 687 650 743 ἐκαρτέρησέ
676 704 720 730 τε
755 689 832 743 τὴν
871 689 1039 742 ὀδύνην
1071 695 1150 731 τοῦ
1182 689 1448 744 πράγματος,

97 758 192 802 ἀλλ’
229 759 375 802 ἐλθὼν
407 760 516 813 πρὸς
548 760 624 801 τὸν
655 757 819 814 πατέρα
857 760 1124 814 καταμηνύει
1162 761 1213 801 τὰ
1251 760 1336 802 ὑπὸ
1369 767 1449 803 τοῦ

99 832 285 886 Φερώρα
332 828 524 885 ῥηθέντα
568 831 673 884 μετὰ
719 830 936 884 δακρύων.
998 829 1201 885 (Ηρώδης
1242 829 1290 872 δὲ
1333 833 1447 873 πολὺ

96 905 264 956 μᾶλλον
309 900 503 955 ἐκπαθὴς
543 903 780 954 γενόμενος
822 899 893 941 καὶ
935 902 983 942 τὸ
1026 903 1109 942 σὺν
1150 902 1335 957 αἰσχύνῃ
1375 908 1450 956 τῆς

98 973 307 1027 διαβολῆς
339 969 611 1025 ἐψευσμένον
638 971 690 1012 οὐ
717 969 865 1025 φέρων
893 969 1164 1025 ἐτετάρακτο,
1197 971 1341 1025 <209>
1375 971 1448 1013 καὶ

95 1042 304 1091 πολλάκις
335 1039 416 1096 μὲν
449 1041 642 1096 ὠδύρετο
669 1041 749 1095 τὴν
774 1043 992 1096 πονηρίαν
1018 1048 1106 1083 τῶν
1133 1043 1322 1095 οἰκείων,
1355 1036 1448 1092 οἷος

96 1114 159 1162 εἰς
190 1112 350 1162 αὐτοὺς
381 1113 618 1166 γενόμενος
650 1112 757 1153 οἵων
789 1112 1013 1167 τυγχάνοι,
1048 1111 1366 1166 μεταπέμπεται
1400 1111 1448 1154 δὲ

96 1185 173 1225 τὸν
221 1183 457 1238 Φερώραν,
507 1180 579 1223 καὶ
622 1183 960 1237 προσονειδίσας
1005 1182 1198 1223 ςκάκιστε
1248 1183 1446 1225 πάνυ-ον’

96 1251 230 1308 εἶπεν,
264 1254 341 1303 εεἰς
372 1259 500 1295 τοῦτο
531 1258 607 1307 τῆς
632 1251 822 1307 ἀμέτρου
854 1253 926 1294 καὶ
952 1259 1153 1308 περιττῆς
1179 1250 1314 1307 ἦλθες
1345 1254 1448 1310 ἀχα-

97 1327 264 1380 ριστιάς
295 1324 353 1374 ὡς
383 1330 562 1366 τοιαῦτα
594 1321 674 1378 μὲν
705 1322 805 1379 περὶ
835 1323 959 1378 ἡμῶν
991 1329 1148 1378 νοῆσαι
1186 1331 1366 1367 τοιαῦτα
1399 1323 1448 1367 δὲ

97 1399 264 1446 λαλεῖν;
307 1394 452 1450 <210>
490 1391 558 1451 ἀρ’
596 1395 676 1450 οὐχ
715 1394 803 1450 ὁρῶ
836 1395 916 1448 τὴν
955 1395 1037 1448 σὴν
1069 1397 1346 1449 προαίρεσιν,
1391 1397 1449 1446 ὡς

98 1465 151 1508 οὐ
176 1468 454 1521 βλασφημίας
480 1464 795 1521 ἐστοχασμένος
821 1467 923 1515 τοὺς
948 1465 1178 1515 τοιούτους
1203 1468 1362 1520 λόγους
1388 1472 1446 1523 τῷ

97 1535 221 1578 παιδὶ
246 1539 562 1591 προσήνεγκας,
589 1535 830 1590 ἐπιβουλὴν
856 1533 904 1577 δὲ
930 1534 1001 1577 καὶ
1028 1536 1261 1591 φάρμακον
1288 1537 1450 1587 αὐτοὺς

98 1608 362 1661 ποιούμενος
392 1613 466 1660 τῆς
499 1607 604 1661 ε’μῆς
630 1607 863 1657 ἀπωλείας;
896 1609 960 1656 τίς
991 1607 1073 1661 γὰρ
1105 1608 1174 1661 ἄν,
1206 1608 1326 1661 εἰμὴ
1356 1608 1448 1649 δαι-

97 1680 247 1733 μόνων
279 1677 463 1731 ἀγαθῶν
495 1679 645 1732 ἔτυχεν
678 1677 823 1732 ὥσπερ
863 1673 992 1726 οὗτος
1024 1677 1046 1719 ὁ
1079 1684 1199 1731 παῖς,
1240 1676 1447 1733 ἠνέσχετο

98 1751 174 1792 τὸν
205 1746 368 1802 πατέρα
400 1749 457 1802 μὴ
483 1749 691 1790 τίσασθαι
718 1748 791 1788 διὰ
817 1747 1025 1801 τοιαύτην
1051 1747 1266 1798 ὑποψιάν;
1302 1748 1446 1802 <211>

97 1822 284 1875 πότερον
312 1817 360 1860 δὲ
387 1820 521 1872 λόγον
550 1819 611 1867 εἰς
635 1819 716 1872 τὴν
742 1818 886 1872 ψυχὴν
915 1817 939 1871 ἢ
962 1817 1086 1872 ξίφος
1112 1819 1173 1867 εἰς
1198 1819 1277 1872 τὴν
1299 1817 1447 1868 δεξιὰν

99 1890 304 1945 ἐμβαλεῖν
342 1888 458 1945 αὐτῷ
499 1889 642 1938 δοκεῖς
679 1889 786 1930 κατὰ
823 1895 902 1929 τοῦ
940 1890 1272 1943 γεγεννηκότος;
1316 1891 1360 1930 τί
1400 1887 1452 1930 δέ

99 1973 169 2003 σοι
206 1961 411 2015 βούλεται
449 1961 497 2001 τὸ
539 1959 753 2014 μισοῦντά
790 1957 825 2001 τ’
865 1959 1000 2000 αὐτὸν
1038 1957 1110 2000 καὶ
1142 1960 1218 2000 τὸν
1252 1957 1448 2013 ἀδελφὸν

99 2032 234 2073 αὐτοῦ
265 2032 373 2086 πρὸς
404 2032 546 2085 μόνην
577 2031 656 2084 τὴν
688 2028 779 2072 κατ’
814 2029 921 2084 ἐμοῦ
953 2031 1235 2084 βλασφημίαν
1267 2030 1448 2071 εὔνοιαν

98 2102 444 2157 ὑποκρίνασθαι,
494 2099 567 2142 καὶ
615 2099 713 2156 περὶ
763 2101 932 2143 τούτων
982 2099 1126 2154 λέγειν
1176 2099 1202 2141 ἃ
1252 2106 1327 2153 τῆς
1372 2106 1449 2154 σῆς

100 2172 298 2228 ἀσεβείας
337 2168 392 2226 ἧν
433 2170 505 2214 καὶ
547 2176 704 2225 νοῆσαι
741 2170 813 2213 καὶ
851 2172 1099 2226 διαβαλεῖν;
1150 2170 1295 2224 <212>
1335 2171 1449 2226 ἔρρε,

46 2256 80 2280 30
99 2243 298 2293 κάκιστος
341 2244 404 2293 εἰς
446 2240 679 2297 εὐεργέτην
723 2241 793 2284 καὶ
840 2241 1033 2296 ἀδελφὸν
1075 2243 1333 2295 γενόμενος,
1377 2239 1450 2282 καὶ

101 2312 170 2356 σοὶ
202 2311 281 2368 μὲν
313 2314 339 2368 ἡ
372 2315 624 2367 συνείδησις
655 2312 762 2367 αὕτη
796 2315 1043 2367 συζήσειεν,
1086 2311 1169 2365 ἐγὼ
1203 2309 1250 2352 δὲ
1282 2308 1449 2368 νικῴην

1191 2380 1236 2413 3²3²
