1732 2526
211 90 266 131 86
701 90 1065 124 ΑΡΧΑΙΟΛΟΓΙΑΣ

210 199 421 240 δυνεῦσαι
464 199 691 251 τελευτᾶν,
729 195 839 252 ὑπὲρ
881 204 960 240 τοῦ
1001 201 1167 239 θᾶττον
1210 197 1436 250 δυσσεβῶς
1478 196 1559 250 τὴν

209 271 437 324 βασιλείαν
481 270 752 323 παραλαβεῖν
803 268 828 322 ἢ
875 268 1050 322 φύσεως
1099 268 1220 324 νόμῳ
1271 265 1580 321 μεταστάντος

209 340 315 396 εὐχῇ
347 355 392 382 τε
424 345 504 381 τοῦ
535 340 697 394 πατρὸς
733 337 806 380 καὶ
845 340 957 393 δίκῃ.
1025 338 1141 392 <96>
1174 339 1251 379 τόν
1283 334 1324 378 τ’
1361 335 1560 378 ’Λντίπα-

209 427 315 466 τρον
357 411 616 465 θαυμάζειν,
660 412 796 452 τίνων
847 409 990 451 ἐλπίδι
1035 407 1243 464 ἐπαρθεὶς
1292 409 1561 463 θαρρησειεν

210 480 280 523 ε’πὶ
322 488 502 524 τοιαῦτα
546 488 707 536 χωρεῖν
751 481 808 534 μὴ
851 479 1166 535 ἀποτραπῆναι.
1230 479 1440 534 διάδοχον
1478 476 1560 533 μὲν

209 553 292 606 γὰρ
331 552 646 608 ἀποφήνασθαι
686 552 759 592 διὰ
797 550 1064 606 γραμμάτων
1101 556 1176 604 τῆς
1214 549 1361 605 ἀρχῆς,
1405 551 1562 600 ζῶντος

211 620 251 665 δ’
288 622 353 665 ἐπ’
391 621 544 665 οὐδενὶ
576 628 845 677 μειονεκτεῖν
878 620 1120 676 ἀξιώματός
1152 619 1190 662 τ’
1223 620 1455 676 ἐπιφανείᾳ
1490 618 1561 662 καὶ

212 694 397 749 δυνάμει
439 693 657 747 ἐξουσίας,
694 694 967 750 πεντήκοντα
1011 689 1092 746 μὲν
1135 691 1325 733 τάλαντα
1370 689 1562 733 ἐπέτειον

210 766 434 821 πρόσοδον
466 764 778 818 κομισάμενον,
812 763 983 818 δωρεὰν
1017 761 1058 804 δ’
1099 764 1310 817 εἰληφότα
1347 761 1456 803 ὁδοῦ
1488 767 1563 815 τῆς

210 838 273 886 εἰς
297 834 466 890 Ῥώμην
497 838 760 890 τριακοσίων
792 834 1019 885 ταλάντων
1051 833 1258 889 ἀριθμόν.
1321 833 1436 886 <97>
1468 831 1563 874 ἐπε-

211 907 334 948 κάλει
367 903 415 948 δὲ
441 904 512 948 καὶ
539 913 627 948 τῶν
654 904 877 960 ἀδελφῶν,
903 905 944 946 εἰ
967 901 1048 958 μὲν
1073 911 1283 959 πονηρῶν
1315 905 1564 957 γεγονότων

210 980 478 1032 κατηγορίαν
522 975 801 1033 προθεμένῳ,
844 981 1004 1030 μιμητῇ
1050 976 1266 1028 γεγονότι,
1309 975 1350 1015 εἰ
1399 971 1446 1015 δὲ
1491 975 1564 1029 μή,

212 1049 285 1089 διὰ
317 1054 446 1102 κενῆς
472 1048 655 1090 τοιῶνδε
691 1046 918 1100 ἐπαγωγὰς
952 1045 1157 1099 ἐπάγοντι
1190 1045 1306 1101 αὐτῷ
1340 1052 1427 1086 τῶν
1460 1056 1564 1098 συγ-

211 1126 367 1172 γενῶν.
409 1118 524 1173 <98>
556 1118 607 1160 τὰ
640 1118 722 1172 γὰρ
748 1118 889 1159 πάντα
917 1117 1173 1171 οὐδαμόθεν
1200 1111 1292 1157 ἀλλ’
1324 1115 1349 1170 ἣ
1377 1116 1562 1170 μηνύσει

212 1195 261 1244 τῇ
296 1188 468 1231 ἐκείνου
501 1191 784 1243 μεμαθηκότα
815 1187 974 1243 πρᾶξαι
1005 1188 1058 1229 τὰ
1091 1185 1155 1228 ἐπ’
1193 1186 1341 1236 αὐτοῖς
1372 1201 1562 1241 πεπραγ-

213 1258 321 1314 μένα
353 1261 506 1315 γνώμη
539 1266 589 1314 τῇ
624 1259 816 1302 ἐκείνου·
863 1259 940 1308 οὓς
978 1258 1188 1300 ἀπολύειν
1225 1264 1362 1300 κακοῦ
1402 1259 1564 1307 παντὸς

213 1332 492 1385 κληρονόμον
524 1336 600 1384 τῆς
631 1333 949 1386 πατροκτονίας
981 1330 1129 1378 αὐτοῖς
1159 1328 1497 1383 καθιστάμενον.

303 1400 417 1455 <99>
447 1399 576 1443 ταῦθ’
615 1402 702 1455 ἅμα
728 1399 869 1455 λέγων
895 1402 956 1450 εἰς
983 1400 1152 1453 δάκρυα
1177 1397 1392 1455 τρέπεται,
1419 1397 1564 1453 λέγειν

214 1469 250 1513 τ’
287 1472 451 1527 ἄπορος
482 1469 547 1525 ἦν.
610 1470 681 1513 καὶ
714 1473 937 1521 Λτικόλαος
969 1471 991 1514 ὁ
1025 1471 1320 1525 Δαμασκηνὸς
1361 1472 1491 1525 φίλος
1522 1467 1557 1511 τ’

216 1543 278 1585 ὢν
303 1548 381 1585 τοῦ
408 1541 620 1596 βασιλέως
644 1540 713 1584 καὶ
741 1543 792 1584 τὰ
818 1542 960 1584 πάντα
990 1542 1360 1596 συνδιαιτώμενος
1393 1540 1561 1596 ἐκείνῳ,

215 1612 287 1654 καὶ
324 1621 416 1662 τοῖς
452 1613 703 1667 πράγμασιν
742 1613 794 1654 ὃν
831 1617 1073 1667 πραχθεῖεν
1110 1615 1274 1667 τρόπον
1305 1626 1562 1666 παρατετευ-

216 1685 321 1739 χώς,
367 1682 572 1738 δεηθέντι
617 1689 675 1740 τῷ
721 1686 896 1737 βασιλεῖ
930 1684 987 1724 τὰ
1032 1683 1161 1724 λοιπὰ
1205 1683 1367 1735 εἰπεῖν,
1417 1683 1565 1735 ἔλεγεν

218 1753 339 1797 ὁπόσ’
380 1754 647 1804 ἀποδείξεών
678 1769 722 1795 τε
755 1755 826 1796 καὶ
869 1753 1059 1808 ἐλέγχων
1102 1752 1286 1808 ἐχόμενα
1317 1749 1384 1806 ἦν.
1422 1752 1566 1807 <100>

216 1823 289 1867 καὶ
321 1830 399 1866 τοῦ
427 1823 713 1878 Ἀντιπάτρου
745 1824 853 1865 κατὰ
887 1825 1188 1877 δικαιολογίαν
1226 1824 1334 1877 πρὸς
1371 1824 1450 1865 τὸν
1486 1837 1566 1864 πα·

217 1895 320 1951 τέρα
345 1893 657 1951 τετραμμένου,
678 1893 749 1936 καὶ
770 1895 910 1936 ὁπόσα
935 1895 1264 1948 παραδείγματα
1291 1900 1365 1948 τῆς
1390 1893 1565 1943 εὐνοίας
1585 1910 1598 1933 2

217 1967 325 2021 πρὸς
369 1966 503 2008 αὐτὸν
548 1965 800 2017 διεξιόντος,
845 1966 921 2015 τὰς
965 1966 1089 2020 τιμὰς
1126 1967 1174 2006 αἳ
1207 1965 1406 2019 ὑπῆρχον
1449 1965 1565 2021 αὐτῷ

217 2038 560 2092 προφερόμενος,
594 2036 643 2086 ἃς
675 2037 732 2090 μὴ
766 2037 820 2077 ἄν
851 2051 954 2078 ποτε
987 2034 1196 2090 γενέσθαι
1221 2037 1279 2090 μὴ
1306 2035 1386 2076 οὐκ
1413 2034 1568 2089 ἀρετῆς

218 2107 323 2164 ἀξίω
368 2106 467 2162 περὶ
512 2107 647 2149 αὐτὸν
691 2109 909 2161 γεγονότι·
960 2106 1116 2161 <101>
1168 2104 1260 2148 ‘noel
1298 2106 1381 2159 γὰρ
1426 2106 1567 2148 ὁπόσα

217 2178 418 2233 προϊδεῖν
445 2179 628 2232 δεήσειε,
648 2178 826 2219 πάντων
852 2175 1277 2233 προβεβουλευκέναι
1311 2178 1567 2231 σωφρόνως,

218 2252 303 2291 εἴτε
340 2250 439 2291 τινὰ
472 2248 611 2290 ἐδεῖτο
644 2256 818 2304 χειρῶν,
849 2251 970 2306 πόνῳ
1003 2255 1061 2305 τῷ
1098 2249 1235 2290 αὑτοῦ
1268 2247 1567 2304 ἐκπεπρᾶχθαι

313 2334 331 2372 ξ
359 2333 424 2363 101
453 2328 498 2364 cf.
526 2329 616 2364 Bell.
644 2329 722 2364 Iud.
749 2330 766 2363 I
793 2332 847 2373 32,
876 2332 907 2364 4.

1597 491 1613 518 ζὲἱ

1585 849 1617 872 10

1584 1201 1616 1226 15

1585 1555 1618 1580 20

1587 2261 1620 2286 30
