1732 2526
61 811 93 836 10

37 1164 92 1188 ‚15

63 1516 96 1541 20

62 1868 96 1893 25

63 2220 97 2245 30

568 56 664 89 ENN
670 55 1004 88 EAKAIAEKATH
1369 56 1394 95 ⁸2
1399 54 1424 96 3
1429 55 1455 97 3

114 162 328 204 κινδύνου
361 167 439 203 τοῦ
470 163 789 215 κατειληφότος.
853 162 995 214 <158>
1029 161 1076 204 ἐν
1109 163 1247 219 τούτῳ
1275 160 1322 204 δὲ
1354 166 1458 218 βου-

116 235 192 286 λῆς
223 247 266 274 τε
299 234 465 286 γίνεται
507 232 711 284 σύνοδος,
754 230 825 272 καὶ
859 232 881 274 ὁ
922 233 1073 286 δῆμος,
1114 228 1220 287 ᾗπερ
1259 231 1330 275 καὶ
1363 235 1458 276 εἰώ-

114 307 251 344 θασιν
283 302 591 356 ἐκκλησιάζειν,
623 301 691 343 ἐπὶ
723 308 798 356 τῆς
825 301 986 355 ἀγορᾶς
1011 304 1237 355 καταστάς,
1263 302 1310 344 ἐν
1338 306 1458 358 ζητή-

115 386 180 414 σει
212 381 300 414 τῶν
332 371 538 427 σφαγέων
570 380 657 414 τῶν
691 374 828 414 Γαΐου
868 370 993 426 ἦσαν,
1032 373 1054 414 ὁ
1093 370 1174 426 μὲν
1213 374 1348 427 δῆμος
1386 374 1458 416 καὶ

114 443 230 484 πάνυ
263 442 478 497 ἐκθύμως,
506 444 652 485 δοκεῖν
680 440 725 484 δὲ
759 441 830 484 καὶ
857 443 881 496 ἡ
909 445 1061 497 βουλή.
1123 443 1268 497 <1ἷ>9>
1299 442 1369 485 καὶ
1406 442 1458 497 ἧν

114 514 196 568 γὰρ
224 512 464 562 Ἀσιατικὸς
490 511 704 567 ’ὅαλέριος
729 513 936 563 ὑπατικὸς
962 513 1090 567 ἀνήρ·
1124 511 1251 562 οὗτος
1277 512 1346 555 ἐπὶ
1372 521 1459 555 τῶν

114 584 265 639 δήμων
303 584 516 634 καταστὰς
552 585 874 638 θορυβούντων
912 582 982 625 καὶ
1025 585 1173 626 δεινὸν
1212 583 1458 638 τιθεμένων

112 655 160 696 τὸ
194 656 257 696 ἔτι
289 655 518 696 λανθάνον
557 662 644 696 τῶν
682 655 760 696 τὸν
798 654 1097 709 αὐτοκράτορα
1139 654 1459 708 ἀπεκτονότων,

115 723 205 766 ἐπεὶ
230 726 472 779 προθύμως
496 725 653 774 πάντες
679 724 814 767 αὐτὸν
839 726 999 779 ἤροντο
1032 728 1095 775 τίς
1121 725 1143 767 ὁ
1170 724 1334 779 πράξας
1358 741 1459 778 τυγ-

113 796 250 851 χάνει,
289 795 403 837 εεἱθε
441 796 523 850 γὰρ
562 795 718 849 ε”γωγε’
758 798 876 850 φησί.
939 796 1082 849 <160>
1119 797 1376 849 προύθεσαν
1410 794 1458 837 δὲ

112 865 184 908 καὶ
217 867 262 908 οἱ
290 866 448 908 ὕπατοι
481 867 746 920 διάγραμμα,
779 868 916 908 Γαΐου
949 863 1028 920 μὲν
1066 869 1326 922 κατηγορίας
1363 882 1458 907 ποι-

114 938 309 991 ούμενοι,
341 938 591 986 κελεύοντες
623 934 671 978 δὲ
704 942 762 992 τῷ
795 953 838 979 τε
872 938 995 994 δήμῳ
1028 936 1099 978 καὶ
1132 944 1221 986 τοῖς
1252 938 1457 990 στρατιώ-

113 1023 204 1057 ταις
237 1006 303 1049 ἐπὶ
338 1008 388 1049 τὰ
421 1007 566 1049 αὑτῶν
599 1006 789 1060 ἀπιέναι,
819 1006 891 1048 καὶ
924 1014 980 1064 τῷ
1015 1005 1095 1061 μὲν
1134 1008 1256 1064 δήμῳ
1288 1008 1457 1060 πολλὴν

114 1076 302 1127 ἀνέσεως
344 1077 710 1132 ἐπαγγελλόμενοι
756 1078 933 1131 ἐλπίδα,
977 1084 1035 1135 τῷ
1077 1084 1367 1133 στρατιωτικῷ
1409 1075 1457 1119 δὲ

112 1156 264 1203 τιμῶν,
297 1150 337 1190 εἰ
367 1148 414 1190 ἐν
446 1150 593 1205 κόσμῳ
626 1151 823 1203 μείνειαν
855 1156 913 1205 τῷ
941 1150 1133 1202 εἰωθότι,
1166 1146 1303 1202 μηδὲν
1334 1148 1459 1203 ὑβρί-

114 1222 201 1270 ζειν
234 1219 505 1273 ἐξαγόμενοι·
539 1218 636 1269 δέος
668 1220 749 1274 γὰρ
783 1216 838 1274 ἧν
871 1220 928 1274 μὴ
959 1219 1320 1274 ἐξαγριωσάντων
1353 1218 1459 1260 ἀπο-

113 1291 285 1332 λαύσειε
318 1296 396 1333 τοῦ
428 1296 564 1332 κακοῦ
596 1290 621 1344 ἡ
653 1292 795 1343 πόλις,
835 1289 940 1332 καθ’
984 1290 1179 1345 ἁρπαγὰς
1211 1290 1355 1331 αὐτῶν
1387 1289 1459 1331 καὶ

114 1362 318 1414 συλήσεις
354 1368 442 1402 τῶν
482 1361 611 1415 ι”ερῶν
650 1360 947 1415 τραπομένων.
1011 1362 1154 1415 <161>
1196 1360 1380 1415 ἐφθάκει
1413 1358 1451 1400 δ’

116 1433 196 1486 ἤδη
230 1439 318 1473 τῶν
343 1434 596 1486 βουλευτῶν
621 1433 669 1474 τὸ
696 1437 782 1473 πᾶν
808 1435 981 1486 πλῆθος
1006 1430 1361 1485 συνειλεγμένον,
1386 1429 1458 1471 καὶ

117 1500 296 1557 μάλισθ’
340 1502 386 1543 οἱ
420 1507 498 1543 τοῦ
538 1503 673 1543 Γαΐου
707 1501 946 1551 συνθέντες
986 1503 1062 1543 τὸν
1101 1503 1263 1556 φόνον,
1300 1500 1459 1555 θράσει

115 1571 150 1614 τ’
191 1573 269 1626 ἤδη
302 1573 519 1627 χρώμενοι
552 1571 633 1613 κάν
671 1574 918 1626 φρονήματι
952 1572 1124 1629 μεγάλῳ
1158 1573 1279 1620 ὄντες
1311 1571 1368 1620 ὡς
1399 1571 1460 1620 εἰς

115 1643 276 1692 αὐτοὺς
307 1642 605 1696 ἀνακειμένων
637 1643 721 1696 ’ἤδη
754 1650 841 1684 τῶν
872 1643 1151 1698 πραγμάτων.

203 1714 347 1767 <162>
379 1713 426 1754 ἐν
458 1713 597 1770 τούτῳ
631 1714 684 1766 δὴ
718 1714 860 1755 ὄντων
891 1721 978 1754 τῶν
1009 1713 1276 1768 πραγμάτων
1313 1713 1459 1766 αι’φνί-
1480 1715 1507 1756 2

116 1786 215 1826 διον
241 1783 473 1838 ἁρπάζεται
505 1784 728 1833 Κλαύδιος
761 1783 807 1825 ἐκ
833 1790 908 1837 τῆς
934 1785 1084 1833 οἰκίας.
1147 1785 1192 1825 οἱ
1219 1784 1301 1837 γὰρ
1333 1794 1459 1836 στρα-

116 1863 278 1907 τιῶται,
311 1854 504 1895 συνόδου
537 1853 774 1908 γενομένης
800 1854 944 1895 αὐτῶν
972 1855 1189 1908 ἀλλήλοις,
1215 1852 1286 1895 καὶ
1313 1853 1461 1901 αὑτοῖς

116 1928 249 1979 λόγον
283 1926 434 1974 δόντες
466 1923 565 1978 περὶ
597 1932 687 1973 τοῖς
717 1923 948 1979 ποιητεόις,
981 1923 1130 1979 ἑώρων
1163 1925 1460 1979 δημοκρατίαν

116 1996 338 2038 ἀδύνατόν
371 1993 405 2037 τ’
445 1995 496 2037 ὃν
530 1994 577 2036 ἐν
608 1994 754 2050 κράτει
787 1993 975 2037 τοσῶνδ’
1017 1995 1072 2037 ἄν
1109 2010 1212 2037 ποτε
1252 1993 1461 2048 γενέσθαι

115 2067 397 2121 πραγμάτων,
435 2064 690 2119 ἐξικομένην
727 2063 762 2107 τ’
807 2065 887 2107 οὐκ
920 2062 985 2107 ἐπ’
1022 2065 1175 2122 ἀγαθῷ
1213 2072 1272 2122 τῷ
1315 2065 1460 2107 αὑτῶν

117 2138 383 2190 γενήσεσθαι
414 2137 493 2190 τὴν
525 2135 678 2190 ἀρχήν,
710 2136 853 2190 <163>
884 2137 924 2177 ει’
949 2135 1001 2178 δέ
1029 2152 1093 2185 τις
1124 2143 1212 2178 τῶν
1244 2134 1345 2177 καθ’
1385 2135 1461 2176 ἕνα

117 2210 380 2263 κατασχήσοι
405 2208 484 2261 τὴν
516 2207 769 2260 ἡγεμονίαν,
801 2208 862 2256 εἰς
902 2207 1043 2248 πάντα
1081 2208 1279 2261 λυπηρὸν
1312 2206 1462 2255 αὐτοῖς

211 2291 230 2330 5
258 2291 323 2323 162
351 2287 395 2322 ef.
422 2286 514 2322 Bell.
541 2286 618 2321 md.
646 2286 679 2320 11
707 2290 761 2330 11,
789 2291 819 2321 1.
