1732 2526
669 91 884 124 ΕΙΚΟΣΤΗ
1364 91 1416 131 31
1427 91 1448 130 1

102 213 146 239 τε
184 196 254 239 καὶ
293 200 615 252 Βαβυλωνίων,
657 200 753 239 τίνα
792 212 834 238 τε
874 196 1043 250 Πέρσαι
1082 196 1152 238 καὶ
1192 199 1450 248 Μακεδόνες

103 269 226 310 δεινὰ
259 270 582 311 διατεθείκασιν
617 269 746 323 ἡμᾶς,
783 267 855 309 καὶ
887 266 976 322 μετ’
1022 267 1215 317 ἐκείνους
1246 267 1448 322 Ῥωμαῖοι

100 340 149 380 τὸ
188 339 388 382 ὕστατον.
442 340 583 381 πάντα
619 340 700 394 γὰρ
735 336 855 393 οἶμαι
887 337 976 393 μετ’
1021 338 1242 393 ἀκριβείας
1283 338 1450 393 ἁπάσης

102 408 420 465 συντεταχέναι.
482 411 625 464 <261>
666 416 849 463 τηρῆσαι
890 406 935 450 δὲ
974 411 1234 463 πεπείραμαι
1268 409 1338 451 καὶ
1371 411 1451 464 τὴν

64 493 81 519 5
101 486 189 520 τῶν
221 479 458 535 ἀρχιερέων
491 480 753 535 ἀναγραφὴν
783 487 872 521 τῶν
905 479 952 521 ἐν
986 480 1216 534 δισχιλίοις
1242 481 1355 521 ἔτεσι
1383 496 1450 533 γε-

100 548 312 603 νομένων.
380 551 549 605 ἀπλανῆ
597 549 644 592 δὲ
687 553 923 604 πεποίημαι
966 549 1038 591 καὶ
1083 551 1162 604 τὴν
1205 548 1304 604 περὶ
1348 552 1451 600 τοὺς

99 622 295 673 βασιλεῖς
328 622 561 676 διαδοχήν,
599 622 674 671 τὰς
710 621 885 676 πράξεις
924 620 1069 662 αὐτῶν
1106 619 1178 661 καὶ
1216 621 1291 669 τὰς
1328 624 1449 662 πολι-

97 694 214 740 τείας
257 690 565 745 ἀπαγγέλλων,
610 699 845 747 μοναρχῶν
889 706 932 733 τε
979 692 1259 745 δυναστειάς,
1303 691 1360 740 ὡς
1404 692 1452 732 αἱ

100 759 213 814 ἱεραὶ
262 764 409 816 βίβλοι
460 761 559 817 περὶ
609 762 786 804 πάντων
840 764 988 817 ἔχουσι
1037 762 1117 816 τὴν
1167 761 1447 816 ἀναγραφήν·

45 849 77 874 10
97 838 226 874 τοῦτο
265 833 347 887 γὰρ
385 836 586 887 ποιήσειν
625 833 673 875 ἐν
711 833 819 888 ἀρχῇ
859 832 1181 887 ἐπηγγειλάμην
1221 839 1294 886 τῆς
1333 834 1449 874 ἱστο-

97 904 204 955 ρίας.
268 903 425 957 <262>
470 903 581 957 λέγω
628 902 676 945 δὲ
719 905 947 958 θαρρήσας
990 904 1073 956 ἤδη
1121 903 1193 943 διὰ
1237 904 1317 956 τὴν
1361 910 1448 944 τῶν

95 972 403 1026 προτεθέντων
436 974 822 1028 ἀνακεφαλαίωσιν
854 972 926 1015 καὶ
958 972 1235 1027 συντέλειαν,
1271 973 1337 1014 ὅτι
1369 989 1448 1028 μη-

97 1041 187 1093 δεὶς
219 1043 273 1085 ἂν
306 1043 450 1098 ἕτερος
482 1045 688 1098 ἠδυνήθη
720 1047 930 1099 θελήσας,
966 1046 1070 1098 μήτε
1099 1042 1313 1093 Ἰουδαῖος
1344 1044 1444 1098 μήτ’

95 1112 365 1169 ἀλλόφυλος,
409 1117 489 1170 τὴν
531 1118 831 1170 πραγματείαν
872 1115 1034 1168 ταύτην
1080 1114 1218 1163 οὕτως
1259 1114 1448 1169 ἀκριβῶς

41 1201 73 1226 15
93 1185 155 1233 εἰς
186 1182 400 1239 ’Έλληνας
446 1185 698 1239 ἐξενεγκεῖν.
761 1185 905 1239 <263>
950 1186 1031 1238 ἔχω
1076 1185 1158 1239 γὰρ
1205 1185 1445 1239 ὁμολογού-

92 1270 228 1309 μενον
258 1257 375 1311 παρὰ
406 1264 494 1297 τῶν
527 1256 761 1310 ὁμοεθνῶν
797 1259 1004 1297 πλεῖστον
1043 1255 1190 1296 αὐτῶν
1227 1256 1334 1297 κατὰ
1365 1258 1445 1310 τὴν

93 1324 327 1381 ἐπιχώριον
359 1328 564 1369 παιδείαν
596 1326 839 1381 διαφέρειν·
878 1325 951 1367 καὶ
983 1334 1070 1367 τῶν
1095 1324 1365 1380 Ἑλληνικῶν
1398 1324 1445 1368 δὲ

93 1397 360 1451 γραμμάτων
392 1396 463 1439 καὶ
495 1405 732 1451 ποιητικῶν
766 1397 1039 1451 μαθημάτων
1077 1398 1218 1439 πολλὰ
1250 1400 1446 1451 πονήσας

92 1466 346 1509 ἐσπούδασα
371 1475 619 1523 μετασχεῖν,
649 1469 729 1522 τὴν
756 1468 1059 1523 γραμματικὴν
1086 1467 1314 1522 ἐμπειρίαν
1341 1468 1444 1510 ἀνα-

39 1554 73 1578 20
93 1539 252 1592 λαβών.
310 1539 390 1592 τὴν
423 1536 470 1580 δὲ
501 1537 600 1594 περὶ
632 1539 712 1592 τὴν
743 1540 977 1594 προφορὰν
1010 1538 1236 1592 ἀκρίβειαν
1269 1537 1334 1594 (ἡ)
1365 1539 1444 1579 πά-

91 1624 210 1663 τριος
248 1608 437 1651 ἐκώλυσε
478 1612 713 1663 συνήθεια·
764 1609 920 1663 <264>
957 1608 1060 1663 παρ’
1100 1609 1205 1663 ἡμῖν
1242 1610 1324 1663 γὰρ
1363 1609 1444 1651 οὐκ

93 1678 286 1730 ἐκείνους
330 1679 617 1735 ἀποδέχονται
661 1682 764 1729 τοὺς
804 1684 981 1722 πολλῶν
1024 1680 1170 1722 ἐθνῶν
1214 1680 1443 1722 διάλεκτον

93 1749 367 1804 ἐκμαθόντας
406 1749 476 1792 καὶ
518 1753 816 1805 γλαφυρότητι
858 1749 1018 1800 λέξεων
1058 1751 1135 1791 τὸν
1176 1753 1311 1804 λόγον
1354 1751 1443 1793 ε’πι-

91 1821 415 1874 κομψεύοντας,
460 1822 532 1862 διὰ
570 1823 618 1863 τὸ
657 1822 810 1863 κοινὸν
848 1818 961 1862 εἶναι
992 1823 1187 1875 νομίζειν
1218 1823 1266 1863 τὸ
1300 1821 1443 1876 ἐπιτή-

40 1904 72 1930 25
93 1891 232 1945 δευμα
263 1896 392 1932 τοῦτο
426 1891 478 1933 οὐ
510 1893 649 1946 μόνον
681 1890 932 1945 ἐλευθέρων
970 1898 1060 1940 τοῖς
1092 1898 1301 1946 τυχοῦσιν
1333 1892 1443 1934 ἀλλὰ

91 1960 163 2003 καὶ
194 1968 283 2003 τῶν
316 1962 497 2004 οἰκετῶν
528 1969 618 2012 τοῖς
648 1961 849 2014 θέλουσι,
881 1964 1034 2015 μόνοις
1067 1959 1114 2003 δὲ
1148 1965 1310 2017 σοφίαν
1335 1979 1443 2017 μαρ-

91 2039 274 2086 τυροῦσι
312 2039 404 2081 τοῖς
441 2033 492 2074 τὰ
529 2035 693 2087 νόμιμα
733 2040 882 2086 σαφῶς
919 2031 1222 2086 ἐπισταμένοις
1259 2032 1331 2074 καὶ
1362 2035 1442 2087 τὴν

91 2109 180 2144 τῶν
208 2103 339 2157 ἱερῶν
366 2103 631 2157 γραμμάτων
659 2103 850 2157 δύναμιν
872 2101 1135 2157 ἑρμηνεῦσαι
1163 2103 1439 2157 δυναμένοις.

36 2199 38 2201 »
92 2173 238 2227 <265>
270 2174 343 2214 διὰ
374 2179 503 2215 τοῦτο
535 2177 711 2215 πολλῶν
742 2174 1032 2228 πονησάντων
1066 2172 1165 2227 περὶ
1197 2175 1277 2228 τὴν
1309 2175 1440 2228 ἄσκη-

37 2254 72 2280 30
92 2255 164 2285 σιν
195 2245 357 2298 ταύτην
389 2246 514 2298 μόλις
542 2241 658 2293 τινὲς
690 2245 771 2286 δύο
804 2244 829 2298 ἢ
861 2253 977 2298 τρεῖς
1007 2246 1328 2298 κατώρθωσαν,
1368 2243 1439 2286 καὶ

89 2321 178 2355 τῶν
203 2315 350 2355 πόνων
380 2315 460 2368 τὴν
486 2314 747 2369 ἐπικαρπίαν
773 2315 910 2365 εὐθὺς
937 2318 1109 2370 ἔλαβον.
1158 2317 1303 2369 <266>
1338 2320 1440 2365 ἴσως
