1732 2526
45 472 61 496 5

29 825 60 848 10

28 1178 60 1203 15

26 1531 60 1556 20

26 2235 60 2261 30

543 69 980 103 ENNEAKAIAEKATH
1347 70 1431 112 251

86 191 130 218 τε
157 176 427 231 σπασάμενοι
454 177 504 218 τὰ
525 175 644 230 ξίφη,
664 175 747 217 κᾶν
767 175 1006 231 ἐπέπρακτο
1034 177 1182 227 αὐτοῖς
1208 178 1265 232 μὴ
1288 180 1435 220 Κλαυ-

87 247 186 289 δίου
220 248 599 296 διακεκωλυκότος.
661 246 817 300 <264>
858 251 1198 301 παρακαθίζεται
1238 247 1276 290 δ’
1315 249 1431 306 αὐτῷ

84 319 162 360 τὸν
192 318 359 359 ὕπατον
391 317 632 372 ἐξαρπάσας
663 322 741 358 τοῦ
773 318 997 359 κινδύνου.
1048 326 1136 360 τῶν
1169 316 1216 359 δὲ
1247 323 1434 374 συγκλη-

81 396 214 430 τικῶν
246 388 352 430 ὅσον
377 385 433 441 ἧν
459 389 542 429 σὺν
567 393 626 444 τῷ
655 389 830 444 Κοΐντῳ
864 388 917 429 οὐ
947 386 1046 442 μεθ’
1079 388 1230 442 ὁμοίας
1263 389 1432 444 ἐδέχετο

81 465 222 513 τιμῆς·
266 456 381 507 τινες
419 455 467 500 δὲ
505 456 577 500 καὶ
614 458 781 512 πληγὰς
820 459 979 512 ἔλαβον
1018 459 1183 512 αὐτῶν,
1226 459 1434 501 ἀπωθού-

82 545 205 582 μενοι
246 536 322 583 τῆς
358 530 467 582 πρὸς
504 528 640 570 αὐτὸν
679 527 931 582 ἐντεύξεως,
972 527 1180 579 Ἀπώνιος
1219 527 1265 571 δὲ
1304 546 1432 583 τραυ-

81 602 244 655 ματίας
264 599 493 654 ἀνεχώρει,
533 596 588 652 ἦν
619 614 663 640 τε
696 600 905 649 κίνδυνος
936 598 1034 654 περὶ
1066 600 1231 649 πάντας
1263 601 1433 649 αὐτούς.

82 670 226 724 <265>
258 668 330 711 καὶ
359 668 594 724 Ἀγρίππας
626 669 648 712 ὁ
681 671 886 724 βασιλεὺς
911 671 1176 725 προσελθὼν
1201 677 1258 728 τῷ
1285 673 1432 712 Κλαυ-

82 741 162 797 δίῳ
207 739 323 790 ἀξιοῖ
369 748 461 790 τοῖς
512 744 817 794 συγκλητικοῖς
860 741 1104 795 ἠπιώτερον
1149 747 1433 795 καταστῆναι·

80 810 321 865 γενομένου
355 811 435 866 γάρ
468 826 587 860 τινος
618 817 755 852 κακοῦ
787 809 885 865 περὶ
912 812 992 865 τὴν
1018 813 1186 865 βουλὴν
1214 811 1293 867 οὐχ
1320 811 1434 862 ἕξειν

81 878 143 923 ὧν
175 881 345 936 ἄρξειεν
377 880 549 933 ἐτέρων.
602 882 746 935 <266>
778 884 977 924 πείθεται
1013 879 1060 924 δὲ
1093 883 1331 936 Κλαύδιος,
1362 881 1434 924 καὶ

81 956 292 1006 συγκαλεῖ
328 953 407 1006 τὴν
449 953 617 1007 βουλὴν
656 950 725 993 ἐπὶ
764 958 843 994 τοῦ
880 955 1094 995 παλατιόυ
1134 953 1206 994 διὰ
1244 959 1319 1006 τῆς
1357 955 1435 995 πό-

80 1027 188 1072 λεως
225 1025 487 1077 φερόμενος,
531 1021 897 1076 παραπέμποντος
936 1022 1073 1065 αὐτὸν
1110 1029 1189 1065 τοῦ
1229 1035 1435 1079 στρατιω-

79 1099 202 1135 τικοῦ
241 1095 324 1134 σὺν
362 1096 502 1147 πολλῇ
535 1093 651 1134 πάνυ
684 1094 870 1134 κακώσει
910 1099 984 1146 τῆς
1015 1094 1227 1147 πληθύος.
1291 1093 1434 1147 (267)

79 1164 325 1219 προεξῇσαν
374 1161 422 1205 δὲ
471 1171 560 1205 τῶν
604 1165 742 1205 Γαΐου
787 1163 992 1218 σφαγέων
1043 1165 1104 1214 εἰς
1147 1166 1194 1206 τὸ
1239 1166 1436 1219 φανερὸν

81 1233 268 1289 Χαιρέας
305 1233 376 1276 καὶ
416 1236 630 1288 Σαβῖνος,
676 1236 924 1289 εἰργόμενοι
963 1235 1169 1289 προόδων
1209 1233 1302 1277 κατ’
1346 1234 1435 1276 ε’πι-

81 1305 237 1355 στολὰς
262 1306 519 1358 Πωλίωνος,
552 1304 604 1346 ὃν
636 1311 776 1361 μικρῷ
806 1307 1022 1360 πρότερον
1049 1306 1274 1355 Κλαύδιος
1306 1317 1436 1359 στρα-

79 1378 213 1431 τηγὸν
251 1374 388 1431 ’ᾕρητο
427 1383 515 1417 τῶν
555 1376 954 1430 σωματοφυλάκων.
1016 1377 1171 1429 <268>
1210 1377 1435 1426 Κλαύδιος

81 1445 119 1488 δ’
153 1446 326 1501 ἐπείπερ
353 1447 414 1495 εἰς
439 1447 487 1487 τὸ
514 1446 726 1487 παλάτιον
753 1445 1016 1501 ἀφικνεῖται,
1044 1447 1306 1500 συναγαγὼν
1332 1449 1435 1497 τοὺς

81 1515 280 1571 ἑταίρους
317 1522 470 1570 ψῆφον
509 1515 719 1558 ἀνεδίδου
760 1515 859 1570 περὶ
898 1515 1100 1571 Χαιρέου.
1164 1524 1254 1566 τοῖς
1296 1514 1344 1558 δὲ
1386 1519 1434 1560 τὸ

80 1585 160 1642 μὲν
194 1589 322 1641 ἔργον
355 1587 556 1641 λαμπρὸν
589 1585 752 1641 ἐδόκει,
784 1586 989 1628 ἀπιστίαν
1023 1584 1060 1628 δ’
1101 1586 1434 1645 ἐπεκάλουντῷ

79 1659 341 1712 πεπραχότι,
396 1655 468 1699 καὶ
526 1657 642 1714 αὐτῷ
694 1660 907 1712 τιμωρίαν
959 1656 1210 1712 ἐπιβάλλειν
1261 1659 1435 1700 δίκαιον

79 1729 270 1783 ἡγοῦντο
304 1724 369 1770 ἐπ’
404 1727 629 1783 ἀποτροπῇ
662 1734 741 1770 τοῦ
773 1727 1008 1782 μέλλοντος
1046 1729 1224 1783 χρόνου.
1287 1728 1434 1782 <269>

80 1800 268 1854 ἀπήγετο
303 1795 384 1840 οὖν
416 1799 495 1852 τὴν
529 1797 598 1840 ἐπὶ
635 1799 834 1855 θανάτῳ,
872 1797 944 1840 καὶ
984 1800 1068 1840 σὺν
1106 1799 1223 1855 αὐτῷ
1256 1801 1437 1850 Λοῦπός

43 1884 122 1913 ὅτε
162 1868 233 1912 καὶ
265 1868 489 1923 Ῥωμαίων
526 1871 714 1918 πλείους.
777 1868 946 1922 λέγεται
987 1866 1035 1910 δὲ
1075 1868 1267 1924 Χαιρέαν
1305 1885 1435 1924 μεγα-

79 1943 309 1996 λοφρόνως
340 1939 537 1993 ἐνεγκεῖν
568 1939 648 1993 τὴν
681 1940 934 1995 συμφοράν,
977 1939 1030 1982 οὐ
1063 1942 1202 1995 μόνον
1234 1947 1292 1996 τῷ
1326 1931 1430 1983 καθ’

80 2012 215 2054 αὑτὸν
252 2010 541 2067 ἀμεταπτώτῳ
580 2017 658 2052 τοῦ
692 2012 928 2066 σχήματος,
971 2010 1080 2052 ἀλλὰ
1119 2010 1191 2052 καὶ
1224 2005 1290 2061 οἷς
1322 2011 1435 2053 ὀνει-

80 2084 214 2125 δίσειε
247 2085 431 2124 Λοῦπον
463 2082 524 2130 εἰς
551 2081 718 2134 δάκρυα
746 2080 1101 2136 ἐκτετραμμένον.
1151 2082 1294 2135 <270>
1329 2081 1435 2125 ἀπο-

78 2152 314 2208 τιθεμένου
347 2150 400 2206 γέ
428 2167 495 2193 τοι
527 2152 608 2206 τὴν
635 2152 796 2205 στολὴν
821 2157 899 2194 τοῦ
927 2152 1111 2194 Λούπου
1137 2151 1210 2194 καὶ
1236 2154 1284 2195 τὸ
1312 2153 1434 2208 ῥῖγος

81 2222 365 2278 αἰτιωμένου,
415 2221 552 2277 φησὶν
597 2222 654 2272 ὡς
699 2222 779 2264 οὐκ
823 2222 878 2264 ἂν
922 2222 1100 2265 ἐναντία
1143 2230 1222 2265 τοῦ
1266 2225 1433 2266 λούπου

79 2296 309 2350 ποιήσαιτο
342 2294 514 2336 πώποτε
548 2293 684 2349 ῥῖγος.
746 2295 948 2347 πλήθους
978 2290 1013 2336 τ’
1051 2293 1303 2349 ἀνθρώπων
1336 2292 1435 2336 ἑπο-

1709 30 1730 60 δη
