1732 2526
241 75 298 116 20
734 73 1098 107 ΑΡΧΑΙΟΛΟΓΙΑΣ

240 182 390 237 πάτερ,
424 183 626 236 ζήσομεν,
664 178 759 222 οὐδ’
804 180 919 222 οὕτω
958 177 1039 234 μὲν
1077 179 1286 235 εὐτυχῶς·
1329 180 1478 221 δεινὸν
1509 181 1593 235 γὰρ

241 260 330 294 τῶν
356 252 558 307 μεγάλων
590 257 737 293 κακῶν
774 249 847 292 καὶ
880 251 1045 305 ψευδὴς
1082 252 1216 292 αἰτία·
1254 250 1400 305 <120>
1431 251 1596 306 παρού-

243 334 321 377 σης
366 322 418 364 δέ
457 338 578 373 τινος
622 322 840 378 ὀρρωδίας
884 323 939 363 σὺ
978 319 1059 376 μὲν
1098 320 1145 364 ἐν
1189 328 1239 377 τῇ
1281 322 1388 363 κατὰ
1432 322 1596 363 σαυτὸν

242 394 450 451 εὐλαβείᾳ
487 393 605 449 μένε,
645 394 847 448 δώσομεν
885 390 934 434 δὲ
972 394 1108 446 λόγον
1139 392 1262 447 ἡμεῖς
1300 390 1482 442 ἑαυτοῖς.
1515 391 1595 448 οὐχ

244 464 384 514 οὕτως
422 465 444 507 ὁ
483 467 580 518 βιός
615 465 721 518 ἡμῖν
752 466 895 518 τίμιος
936 463 994 513 ὡς
1032 464 1147 517 ἔχειν
1182 463 1318 505 αὐτὸν
1353 460 1417 504 ἐπ’
1449 462 1598 520 ἀδικίᾳ

244 541 324 593 τσῦ
357 534 628 585 δεδωκότοςῖ

254 595 298 604 .st
335 606 482 660 <121>
526 611 707 648 τοιαῦτα
752 602 800 646 δὲ
844 603 1049 658 λέγοντος
1093 605 1115 645 ὅ
1160 620 1204 646 τε
1252 606 1449 660 Καῖσαρ,
1494 602 1599 646 οὐδὲ

244 679 461 733 πρότερον
494 677 715 718 πιστεύων
746 681 805 732 τςό
840 673 1019 730 μεγέθει
1045 680 1121 729 τῆς
1148 676 1372 730 διαβολῆς,
1404 676 1466 717 ἔτι
1492 678 1600 729 μᾶλ-

247 751 327 790 λον
366 746 660 801 ἐξηλλάττετο,
698 745 770 788 καὶ
810 744 991 802 συνεχὲς
1028 747 1090 796 εἰς
1133 747 1211 788 τὸν
1247 744 1454 802 “Ηρώδην
1499 744 1600 787 ἀπέ-

246 820 427 873 βλεπεν,
469 818 586 874 ὁρῶν
623 816 829 859 κάκεῖνον
869 815 1304 872 ὑποσυγκεχυμένον·
1351 816 1518 871 ἀγωνία
1554 831 1599 858 τε

250 896 342 938 τοῖς
372 895 593 944 παροῦσιν
639 887 950 942 ἐνεπεπτώκει,
995 886 1068 929 καὶ
1117 885 1217 943 περὶ
1260 888 1341 942 τὴν
1390 887 1531 942 αὐλὴν
1576 888 1599 930 ὁ

248 962 379 1014 λόγος
411 957 640 1009 διαδοθεὶς
671 958 921 1014 ἐπίφθονον
948 958 1084 1001 ἐποίει
1116 959 1193 1001 τὸν
1218 956 1412 1014 βασιλέα.
1454 957 1600 1011 <122>

247 1031 296 1072 τὸ
329 1031 412 1086 γὰρ
445 1031 632 1072 ἄπιστον
669 1036 744 1085 τῆς
786 1031 996 1086 διαβολῆς
1033 1028 1106 1072 καὶ
1142 1031 1191 1072 τὸ
1229 1028 1328 1085 περὶ
1368 1031 1472 1080 τοὺς
1502 1045 1601 1071 νεα-

248 1103 430 1151 νίσκους
475 1100 522 1143 ἐν
567 1101 681 1157 ἀκμῇ
719 1099 791 1143 καὶ
824 1088 974 1143 κάλλει
1017 1101 1230 1157 σωμάτων
1270 1100 1462 1143 ἐλεεινὸν
1507 1098 1601 1141 ἐπε-

251 1178 388 1214 σπᾶτο
421 1173 653 1227 βοήθειαν,
686 1173 748 1213 ἔτι
782 1169 830 1213 δὲ
871 1175 1039 1227 μᾶλλον
1077 1171 1226 1226 ἐπειδὴ
1267 1170 1340 1213 καὶ
1376 1176 1437 1228 τῷ
1483 1173 1600 1228 λόγῳ

252 1242 403 1293 δεξιῶς
447 1241 519 1284 καὶ
562 1243 667 1297 μετά
712 1244 973 1298 φρονήσεως
1015 1241 1264 1298 ἀπήντησεν
1303 1240 1602 1297 Ἀλέξανδρος.

250 1310 307 1367 ῆν
340 1311 379 1354 δ’
424 1311 521 1355 οὐδ’
567 1313 750 1364 ἐκείνοις
788 1315 850 1356 ἔτι
888 1313 1048 1355 ταύτὸν
1087 1320 1252 1369 σχῆμα,
1289 1315 1490 1356 κλαίουσι
1523 1310 1604 1367 μὲν

252 1383 370 1438 ὅμως
401 1383 474 1426 καὶ
517 1387 599 1426 σὺν
637 1387 853 1441 κατηφείᾳ
889 1385 998 1441 πρὸς
1034 1384 1115 1438 τὴν
1153 1390 1236 1439 γῆν
1267 1385 1545 1427 νενευκόσιν·
1576 1383 1604 1438 ἡ

253 1452 293 1496 δ’
352 1453 473 1505 ἐλπὶς
519 1455 712 1510 ἀμείνων
764 1455 1053 1510 ὑπεφαίνετο,
1097 1454 1244 1509 <123>
1287 1452 1360 1496 καὶ
1408 1453 1537 1504 δόξας
1581 1454 1604 1496 ὁ

251 1527 460 1580 βασιλεὺς
494 1526 535 1577 ἐξ
570 1522 632 1568 ὧν
664 1526 799 1568 αὑτὸν
839 1528 1017 1568 ἔπειθεν
1049 1526 1210 1579 εὔλογα
1245 1524 1605 1581 κατηγορηκέναι,

254 1597 327 1638 διὰ
359 1598 407 1639 τὸ
435 1595 574 1651 μηδὲν
601 1596 748 1638 αὐτῶν
775 1595 1015 1651 ἐξελέγχειν
1043 1595 1283 1650 ἀπολογίας
1306 1597 1427 1646 τινὸς
1453 1595 1606 1638 ἐδεῖτο.

253 1668 400 1723 <124>
420 1670 593 1723 Καῖσαρ
622 1665 669 1709 δὲ
696 1668 853 1722 μικρὸν
882 1666 1073 1722 ἐπισχὼν
1100 1668 1202 1716 τοὺς
1227 1664 1308 1722 μὲν
1332 1668 1606 1721 νεανίσκους,

254 1739 296 1780 εἰ
325 1737 397 1780 καὶ
428 1740 579 1794 πόρρω
612 1744 687 1792 τῆς
719 1736 784 1780 ἐπ’
823 1738 971 1788 αὐτοῖς
1003 1739 1211 1792 διαβολῆς
1241 1738 1465 1792 δοκοῦσιν,
1498 1737 1606 1781 αὐτό

255 1825 303 1864 γε
340 1808 470 1851 τοῦθ’
514 1808 723 1865 ἁμαρτεῖν
761 1811 859 1864 ἔφη,
901 1810 950 1851 τὸ
983 1810 1041 1863 μὴ
1074 1809 1301 1858 τοιούτους
1333 1808 1494 1859 αὑτοὺς
1531 1824 1606 1851 πα-

255 1886 435 1936 ρασχεῖν
479 1885 538 1937 τςό
580 1878 711 1937 πατρὶ
749 1880 807 1930 ὡς
843 1877 955 1935 μηδὲ
992 1878 1202 1934 γενέσθαι
1239 1881 1316 1922 τὸν
1356 1876 1420 1921 ἐπ’
1457 1879 1607 1930 αὐτοῖς

255 1953 406 2005 λόγον,
437 1951 581 2005 <125>
606 1949 814 2005 “Ηρώδην
856 1948 904 1992 δὲ
940 1951 1175 2007 παρεκάλει
1206 1956 1351 1992 πᾶσαν
1389 1950 1607 1993 ὑπόνοιαν

257 2021 476 2077 ἀφελόντα
521 2022 861 2064 διαλλάττεσθαι
904 2029 994 2072 τοῖς
1042 2023 1213 2064 παισίν
1264 2021 1318 2063 οὐ
1362 2021 1445 2078 γὰρ
1491 2018 1605 2064 εἶναι

258 2093 432 2134 δίκαιον
458 2089 563 2134 οὐδὲ
594 2093 816 2135 πιστεύειν
842 2094 893 2134 τά
919 2098 1099 2135 τοιαῦτα
1124 2093 1233 2134 κατὰ
1258 2099 1346 2134 τῶν
1372 2091 1414 2143 ἐξ
1453 2092 1607 2135 αὑτοῦ·

258 2164 482 2205 δύνασθαι
510 2160 557 2204 δὲ
584 2164 664 2218 τὴν
689 2163 926 2218 μετάνοιαν
952 2161 1216 2219 ἀμφοτέροις
1248 2162 1300 2205 οὐ
1326 2164 1465 2217 μόνον
1491 2163 1608 2205 ἰάσα-

258 2238 365 2276 σθαι
397 2234 449 2275 τά
482 2235 802 2289 συμβεβηκότα,
843 2233 1087 2289 παροξῦναι
1126 2232 1175 2276 δὲ
1212 2234 1292 2288 τὴν
1328 2233 1525 2288 εὔνοιαν,
1558 2233 1606 2276 ἐν

354 2320 372 2358 ἓ
400 2318 466 2349 121
495 2315 538 2351 cf.
566 2315 658 2351 Bell.
685 2316 763 2351 Iud.
791 2316 807 2350 Ι
834 2319 889 2360 23,
917 2320 948 2351 3.

1621 830 1653 854 10

1617 1182 1655 1208 ‘15
1718 1210 1719 1213 ,

1625 1537 1717 1562 :20-

1627 1891 1685 1918 25·

1628 2246 1717 2286 30¹
