1732 2526
68 813 100 837 10

67 1166 100 1191 15

69 1520 101 1545 20

624 56 965 88 EKKAIAEKATH
1443 52 1470 92 5

121 163 328 205 κάκεῖθεν
379 160 448 203 ἐπὶ
499 168 574 216 τῆς
623 162 813 215 μεγάλης
859 163 1056 214 Φρυγίας
1106 161 1366 210 ὁδεύσαντες
1409 161 1473 209 εἰς

113 232 300 288 Ἔφεσον
332 231 562 287 ἀφίκοντο,
593 232 726 273 πάλιν
760 230 798 273 δ’
837 231 878 282 ἐξ
903 230 1088 286 Ἐφέσου
1117 231 1380 273 διέπλευσαν
1409 232 1472 281 εἰς

122 304 289 358 Σάμον.
353 304 467 357 (24)
500 301 658 344 πολλαὶ
690 300 771 356 μὲν
803 299 886 344 οὖν
918 301 990 343 καὶ
1028 300 1129 343 καθ’
1170 300 1354 355 ἑκάστην
1394 303 1472 342 πό-

121 379 191 416 λιν
229 374 473 428 εὐεργεσίαι
512 380 571 429 τῷ
611 375 787 427 βασιλεῖ
821 374 928 415 κατὰ
966 373 1042 422 τὰς
1082 374 1228 427 χρειάς
1270 379 1357 413 τῶν
1403 372 1471 413 ἐν-

120 446 429 500 τυγχανόντων
469 443 683 498 ἐγένοντο.
746 442 818 485 καὶ
857 444 939 498 γὰρ
978 443 1108 493 αὐτὸς
1145 443 1226 484 ὅσα
1265 443 1338 483 διὰ
1370 458 1472 497 χρη-

120 504 268 570 μάτων
300 511 355 569 ἧν
388 515 413 569 ἢ
453 514 694 565 δεξιώσεως
732 515 785 556 οὐ
822 513 1104 568 παρέλειπεν,
1146 513 1188 564 ἐξ
1228 513 1365 555 αὑτοῦ
1397 513 1474 562 τὰς

121 585 316 635 δαπάνας
357 586 638 639 ποιούμενος·
694 584 766 627 καὶ
815 592 903 626 τῶν
947 583 1048 639 παρ’
1094 582 1308 638 Ἀγρίππα
1357 582 1472 625 τισὶν

121 655 469 711 ἐπιζητουμένων
511 658 687 710 μεσίτης
728 653 804 710 ἦν,
848 654 919 697 καὶ
963 655 1242 709 διεπράττετο
1285 655 1475 708 μηδενὸς

120 727 332 781 ἀτυχῆσαι
375 728 479 776 τοὺς
523 725 768 780 δεομένους.
831 726 959 780 <25>
1005 727 1131 775 ὄντος
1176 723 1223 766 δὲ
1267 723 1473 766 κάκείνου

121 804 313 853 χρηστοῦ
344 796 415 838 καὶ
448 798 758 852 μεγαλοψύχου
795 799 905 851 πρὸς
942 798 990 839 τὸ
1023 794 1229 852 παρέχειν
1271 796 1352 837 ὅσα
1383 802 1474 844 τοῖς

120 868 354 922 ἠξιωκόσιν
399 867 596 922 ὠφέλιμα
640 870 744 910 ὄντα
789 867 956 922 μηδένα
997 875 1086 909 τῶν
1123 868 1271 908 ἄλλων
1309 866 1474 920 ἐλύπει,

119 942 326 981 πλεῖστον
363 938 389 991 ἡ
429 945 508 980 τοῦ
553 938 766 993 βασιλέως
810 937 946 980 ἐποίει
991 938 1124 992 ῥοπή,
1168 936 1474 991 προτρέπουσα

120 1011 229 1065 πρὸς
270 1010 346 1059 τὰς
388 1010 641 1063 εὐεργεσίας
686 1009 739 1051 οὐ
784 1010 1065 1063 βραδύνοντα
1108 1010 1187 1050 τὸν
1221 1006 1475 1061 Ἀγρίππαν.

122 1081 236 1134 <26>
271 1076 446 1122 Ἰλιεῦσι
484 1077 564 1134 μὲν
603 1080 686 1133 γὰρ
725 1079 860 1121 αὐτὸν
899 1078 1131 1134 διήλλαξεν
1175 1079 1476 1133 ὀργιζόμενον,

122 1149 297 1192 διέλυσε
336 1148 384 1192 δὲ
418 1153 541 1200 Χίοις
578 1151 630 1192 τὰ
667 1152 776 1205 πρὸς
814 1152 916 1199 τοὺς
948 1152 1172 1205 Καίσαρος
1214 1148 1476 1202 ἐπιτρόπους
1526 1158 1529 1160 ’

120 1224 317 1277 χρήματα
354 1220 427 1263 καὶ
466 1229 554 1263 τῶν
585 1222 807 1275 εἰσφορῶν
846 1220 1086 1275 ἀπήλλαξε,
1127 1227 1217 1270 τοῖς
1250 1219 1290 1261 δ’
1326 1221 1477 1269 ἄλλοις

121 1294 235 1334 καθὸ
269 1293 473 1346 δεηθεῖεν
505 1290 703 1341 ἑκάστοις
735 1294 985 1346 παρίστατο.

212 1363 327 1417 <27>
358 1365 454 1405 τότε
488 1360 536 1404 δὲ
568 1361 667 1416 περὶ
698 1363 779 1416 τὴν
806 1361 981 1404 Ἰωνίαν
1022 1362 1168 1404 αὐτῶν
1208 1361 1474 1416 γενομένων,

121 1435 234 1476 πολὺ
272 1437 444 1487 πλῆθος
472 1431 722 1487 Ἰουδαίων,
768 1433 790 1474 ὃ
829 1433 904 1482 τὰς
941 1435 1090 1482 πόλεις
1129 1431 1252 1488 ᾤκει,
1292 1431 1478 1488 προσῄει

123 1510 279 1559 καιροῦ
310 1503 382 1545 καὶ
413 1506 656 1558 παρρησίας
689 1503 1017 1558 ἐπειλημμένοι,
1058 1502 1130 1545 καὶ
1168 1504 1244 1552 τὰς
1277 1503 1478 1558 ἐπηρείας

121 1576 274 1628 ε”λεγον
312 1574 362 1624 ἃς
402 1573 709 1628 ἐπηρεάζοντο,
752 1576 857 1628 μήτε
890 1576 1044 1628 νόμοις
1081 1575 1260 1624 οἰκείοις
1292 1573 1477 1628 ἐώμενοι

121 1649 330 1700 χρῆσθαι,
357 1646 480 1694 δίκας
504 1643 541 1686 τ’
570 1644 914 1698 ἀναγκαζόμενοι
941 1646 1117 1687 διδόναι
1143 1642 1234 1686 κατ’
1269 1644 1476 1699 ἐπήρειαν

121 1724 208 1758 τῶν
241 1715 529 1757 εὐθυνόντων
562 1714 609 1756 ἐν
644 1716 779 1769 ἱεραῖς
809 1714 1010 1770 ἡμέραις,
1044 1716 1159 1769 <28>
1193 1714 1265 1756 καὶ
1295 1723 1384 1757 τῶν
1415 1717 1477 1765 εἰς

115 1785 397 1841 Ἱεροσόλυμα
429 1785 663 1840 χρημάτων
701 1785 1033 1840 ἀνατιθεμένων
1068 1784 1164 1842 (ὡς)
1197 1785 1475 1841 ἀφαιροῖντο,

68 1872 103 1898 25
123 1864 362 1911 στρατειῶν
405 1854 478 1897 καὶ
523 1860 809 1911 λειτουργιῶν
853 1856 1198 1911 ἀναγκαζόμενοι
1241 1864 1476 1899 κοινωνεῖν

121 1927 193 1970 καὶ
231 1929 340 1983 πρὸς
383 1933 518 1968 ταῦτα
563 1928 765 1969 δαπανᾶν
805 1935 894 1969 τῶν
939 1928 1070 1982 ἱερῶν
1113 1928 1367 1982 χρημάτων,
1412 1924 1476 1970 ὧν

121 1999 373 2054 ἀφείθησαν
418 1997 484 2039 ἀεὶ
522 1995 746 2052 Ῥωμαίων
797 1998 946 2048 αὐτοῖς
997 1999 1323 2053 ἐπιτρεψάντων
1368 2000 1476 2040 κατὰ

122 2072 225 2120 τοὺς
262 2071 450 2118 οἰκείους
491 2070 565 2123 ζῆν
604 2071 777 2123 νόμους.
847 2069 963 2123 <29>
1002 2076 1182 2111 τοιαῦτα
1226 2071 1475 2124 καταβοών-

122 2157 212 2183 των
242 2141 542 2195 παρεστήσατο
575 2137 655 2193 μὲν
687 2140 710 2182 ὁ
743 2141 949 2194 βασιλεὺς
980 2140 1165 2182 ἀκοῦσαι
1197 2141 1275 2182 τὸν
1303 2136 1476 2194 Ἀγρίπ-

70 2225 104 2250 30
124 2225 211 2253 παν
243 2210 389 2252 αὐτῶν
422 2209 875 2266 δικαιολογουμένων,
916 2213 1144 2254 Νικόλαον
1177 2210 1230 2253 δέ
1258 2227 1356 2253 τινα
1388 2218 1475 2252 τῶν

125 2282 263 2324 αὑτοῦ
307 2284 452 2336 φίλων
497 2282 659 2323 ἔδωκεν
702 2283 841 2323 εἰπεῖν
883 2279 993 2337 ὑπὲρ
1035 2283 1181 2324 αὐτῶν
1222 2283 1273 2324 τὰ
1316 2283 1476 2323 δίκαια.
