1732 2526
802 54 915 87 13102
1446 52 1529 93 381

187 162 356 215 ἔτρεψα.
400 159 482 202 κᾶν
514 161 779 212 κατώρθωτό
812 176 885 213 μοι
919 161 1026 202 κατὰ
1058 163 1138 215 τὴν
1163 160 1329 215 ἡμέραν
1362 159 1534 214 ἐκείνην

186 231 212 284 ἡ
268 230 421 285 πρᾶξις
476 232 533 285 μὴ
589 229 792 284 ἐμποδὼν
842 231 1085 285 γενομένου
1136 233 1345 286 δαίμονός
1394 243 1534 280 τινος·

190 302 333 354 <403>
377 301 399 343 ὁ
437 301 519 354 γὰρ
559 301 689 350 ἴππος
726 299 792 355 ἐφ’
831 297 864 357 ᾧ
903 302 983 354 τὴν
1022 302 1164 356 μάχην
1201 295 1442 356 ἐποιούμην
1474 302 1536 350 εἰς

187 373 440 426 τελματώδη
473 373 606 413 τόπον
649 370 848 425 ἐμπεσὼν
887 371 1213 425 συγκατήνεγκέ
1242 388 1293 426 με
1337 370 1405 413 ἐπὶ
1438 371 1536 413 τοῦ-

154 443 342 495 5δαφος,
378 442 609 495 θραύσεως
647 439 694 483 δὲ
726 449 813 483 τῶν
852 443 1034 496 ἄρθρων
1073 442 1311 496 γενομένης
1352 441 1421 483 ἐπὶ
1459 443 1536 483 τὸν

190 514 359 567 καρπὸν
385 518 461 566 τῆς
492 514 648 567 χειρός,
682 511 926 566 ἐκομίσθην
953 514 1014 562 εἰς
1045 514 1196 567 κώμην
1229 513 1537 567 Κεφαρνώμην

190 582 442 637 λεγομένην.
504 583 647 636 <404>
686 583 732 625 οἱ
769 581 808 624 δ’
853 581 949 637 ἐμοὶ
987 580 1105 625 ταῦτ’
1149 583 1428 635 ἀκούσαντες,
1465 580 1537 623 καὶ

190 654 436 702 δεδοικότες
476 655 534 707 μή
572 669 613 694 τι
653 660 801 709 χεῖρον
841 656 1023 707 ἔπαθον,
1055 660 1129 707 τῆς
1171 651 1251 707 μὲν
1285 652 1353 694 ἐπὶ
1385 656 1538 694 πλεῖον

191 724 378 774 διώξεως
397 723 653 778 ἀπέσχοντο,
674 723 948 779 ὑπέστρεφον
972 722 1019 766 δὲ
1040 723 1138 779 περὶ
1160 722 1232 778 ἐμὲ
1253 727 1353 765 λίαν
1380 724 1538 776 ἀγωνι-

139 809 173 833 10
192 802 334 844 ῶντες.
396 795 784 849 μεταπεμψάμενος
816 791 897 836 οὖν
930 796 1105 848 ἰατροὺς
1142 793 1213 836 καὶ
1245 791 1539 848 θεραπευθεὶς

191 866 270 918 τὴν
296 863 462 919 ἡμέραν
490 864 661 918 ἐκείνην
688 865 823 906 αὐτοῦ
850 864 1080 919 κατέμεινα
1110 863 1311 918 πυρέξας,
1338 863 1470 914 δόξαν
1493 878 1538 904 τε

191 942 281 985 τοῖς
313 937 477 989 ἰατροῖς
508 941 583 988 τῆς
613 937 770 985 νυκτὸς
802 937 862 985 είς
899 938 1133 991 Ταριχαίας
1167 937 1502 989 μετεκομίσθην.

282 1007 426 1060 <405>
461 1007 636 1055 Σύλλας
668 1004 715 1048 δὲ
747 1005 818 1048 καὶ
852 1007 897 1048 οἱ
919 1005 1007 1060 μετ’
1047 1006 1183 1048 αὐτοῦ
1215 1007 1462 1059 πυθόμενοι
1488 1004 1539 1045 τὰ

192 1072 284 1117 κατ’
322 1074 396 1130 ἐμὲ
427 1077 560 1118 πάλιν
593 1076 863 1132 ἐθάρρησαν,
889 1076 961 1118 καὶ
987 1079 1167 1130 γνόντες
1199 1075 1457 1130 ἀμελεῖσθαι
1489 1075 1540 1116 τὰ

142 1163 176 1189 15
195 1145 295 1198 περὶ
314 1148 395 1200 τὴν
415 1148 618 1202 φυλακὴν
645 1153 724 1189 τοῦ
750 1147 1063 1201 στρατοπέδου,
1092 1148 1164 1189 διὰ
1190 1148 1348 1196 νυκτὸς
1376 1144 1541 1188 ἱππέων

194 1218 327 1272 λόχον
360 1218 614 1271 ἱδρύσαντες
647 1217 694 1259 ἐν
726 1224 784 1275 τῷ
816 1217 954 1271 πέραν
986 1224 1065 1260 τοῦ
1087 1216 1331 1272 Ἰορδάνου,
1363 1215 1542 1270 γενομέ-

194 1304 273 1342 νης
303 1289 464 1342 ἡμέρας
489 1289 550 1337 εἰς
576 1288 718 1343 μάχην
744 1289 855 1343 ἡμᾶς
880 1287 1248 1343 προυκαλέσαντο.
1282 1288 1426 1341 <4Οὕ>
1454 1295 1542 1328 τῶν

196 1354 234 1400 δ’
270 1358 616 1400 ὑπακουσάντων
648 1358 720 1400 καὶ
752 1358 877 1415 μέχρι
909 1366 987 1401 τοῦ
1019 1360 1173 1400 πεδίου
1211 1359 1540 1412 προελθόντων,

197 1428 477 1483 ἐπιφανέντες
509 1429 554 1470 οἱ
583 1428 629 1470 ἐκ
660 1435 735 1483 τῆς
774 1428 954 1484 ἐνέδρας
993 1430 1135 1478 ἱππεῖς
1171 1428 1243 1470 καὶ
1282 1428 1543 1483 ταράξαντες

142 1518 176 1542 20
196 1499 356 1549 αὐτοὺς
387 1500 448 1549 εἰς
478 1500 626 1554 φυγὴν
658 1502 858 1555 ἔτρεψαν,
897 1500 938 1550 ἔξ
982 1516 1025 1542 τε
1062 1507 1150 1542 τῶν
1188 1498 1410 1554 ἡμετέρων
1441 1497 1540 1540 ἀπέ-

195 1586 382 1612 κτειναν.
440 1571 492 1612 οὐ
524 1572 611 1625 μὴν
643 1570 766 1627 μέχρι
798 1570 949 1621 τέλους
980 1573 1059 1625 τὴν
1091 1574 1221 1625 νίκην
1251 1572 1434 1624 ἤγαγον·
1466 1585 1542 1610 κα-

197 1640 538 1683 ταπεπλευκέναι
570 1642 653 1696 γάρ
687 1658 808 1692 τινας
839 1643 1016 1691 ὁπλίτας
1048 1641 1313 1690 ἀκούσαντες
1344 1640 1427 1682 ἀπὸ
1461 1642 1542 1681 Τα-

198 1719 379 1767 ριχαιῶν
413 1713 473 1761 εἰς
500 1710 733 1767 Ἰουλιάδα,
765 1712 1038 1768 φοβηθέντες
1069 1712 1363 1768 ἀνεχώρησαν.

285 1782 429 1836 <407>
461 1779 550 1836 μετ’
594 1783 647 1824 οὐ
685 1785 826 1825 πολὺν
866 1781 914 1825 δὲ
945 1785 1108 1838 χρόνον
1142 1781 1445 1830 ’ἕίεσπασιανὸς
1482 1782 1543 1830 εἰς

147 1869 181 1896 25
207 1852 352 1905 Τύρον
384 1852 629 1907 ἀφικνεῖται
660 1853 732 1896 καὶ
765 1856 848 1895 σὺν
880 1853 995 1910 αὐτῷ
1023 1854 1045 1895 ὁ
1070 1855 1276 1907 βασιλεὺς
1296 1850 1543 1907 Ἀγρίππας.

199 1921 272 1964 καὶ
305 1923 350 1964 οἱ
385 1924 536 1978 Τύριοι
568 1926 846 1979 βλασφημεῖν
883 1924 1071 1978 [ἤρξαντο
1109 1926 1186 1966 τὸν
1222 1923 1418 1978 βασιλέα,
1463 1925 1543 1964 Τυ-

199 1995 309 2049 ρίων
353 1993 489 2035 αὐτὸν
532 1998 769 2044 καλοῦντες
811 1994 884 2037 καὶ
922 1994 1145 2049 Ῥωμαίων
1193 1993 1421 2049 πολέμιον·
1466 1995 1543 2036 τὸν

198 2065 281 2118 γὰρ
315 2065 696 2120 στρατοπεδάρχην
723 2066 859 2107 αὐτοῦ
888 2068 1110 2107 Φίλιππον
1137 2066 1289 2118 ἔλεγον
1320 2065 1543 2118 προδεδω-

199 2133 322 2176 κέναι
355 2135 434 2188 τὴν
465 2137 696 2189 βασιλικὴν
723 2135 863 2190 αὐλὴν
888 2135 960 2177 καὶ
987 2137 1060 2185 τὰς
1085 2134 1308 2190 Ῥωμαίων
1336 2135 1544 2189 δυνάμεις

147 2224 180 2248 30
199 2206 274 2255 τὰς
307 2205 440 2255 οὔσας
473 2205 519 2247 ἐν
543 2204 866 2261 Ἱεροσολύμοις
890 2207 997 2248 κατὰ
1022 2206 1102 2259 τὴν
1132 2206 1268 2247 αὐτοῦ
1293 2205 1542 2258 πρόσταξιν.

199 2276 343 2330 <408>
371 2272 671 2326 ’ὅεσπασιανὸς
703 2273 746 2318 δ’
782 2276 970 2326 ἀκούσας
997 2279 1171 2330 Τυρίοις
1200 2273 1280 2330 μὲν
1307 2275 1543 2330 ἐπέπληξεν

1567 1017 1609 1049 73
