1732 2526
193 67 279 108 266
684 68 1046 101 ΑΡΧΑΙΟΛΟΓΙΑΣ

191 182 280 217 τῶν
312 175 521 217 εὐποιιῶν
547 174 683 216 αὐτοῦ
710 175 950 230 λαθόμενοι
978 175 1031 216 τὰ
1056 181 1145 216 τῶν
1177 174 1555 229 δυσμενεστάτων·

193 245 421 301 ἐποίησαν·
465 245 609 299 <357>
641 247 919 300 βλασφημίας
950 260 993 286 τε
1027 245 1109 299 γὰρ
1149 243 1445 299 ἀπερρίπτουν
1476 245 1537 295 εἰς

191 318 268 358 τὸν
312 317 625 371 κατοιχόμενον
664 315 868 371 ἀπρεπεῖς
906 315 1130 369 λέγεσθαι,
1171 313 1242 356 καὶ
1280 314 1376 357 ὅσοι
1408 326 1537 371 στρα-

190 389 419 442 τευόμενοι
451 383 538 428 τότ’
577 388 730 441 ἔτυχον
763 385 936 442 (συχνοὶ
970 385 1008 428 δ’
1046 382 1177 440 ἦσαν)
1217 383 1356 427 οἴκαδ’
1401 384 1537 440 ἀπῆλ-

189 462 293 512 θον,
324 456 397 499 καὶ
427 459 531 507 τοὺς
563 456 827 512 ἀνδριάντας
866 465 953 499 τῶν
991 463 1071 498 τοῦ
1102 455 1317 510 βασιλέως
1348 455 1571 510 θυγατέ-5

192 545 282 582 ρων
314 527 585 583 ἁρπάσαντες
617 528 908 582 ὁμοθυμαδὸν
936 527 1145 582 ἐκόμισαν
1171 528 1234 576 εἰς
1259 527 1311 568 τὰ
1337 533 1536 582 πορνεῖα,

190 597 261 640 καὶ
296 601 531 653 στήσαντες
563 597 631 640 ἐπὶ
663 606 752 639 τῶν
784 605 922 652 τεγῶν
955 599 1013 647 ὡς
1044 599 1236 640 δυνατὸν
1269 594 1324 652 ἦν
1358 597 1537 653 ἐφύβρι-

193 672 280 723 ζον,
313 668 664 724 ἀσχημονέστερα
699 669 940 723 διηγήσεως
972 669 1171 724 δρῶντες.
1233 668 1378 722 <3ἵ>8>
1411 669 1459 710 ἒν
1491 684 1536 710 τε

189 748 280 789 τοῖς
307 741 533 795 δημοσίοις
558 741 922 793 κατακλινόμενοι
943 741 1092 788 τόποις
1111 740 1368 793 πανδήμους
1393 738 1535 781 ἑστιά-

189 822 280 860 σεις
324 809 578 864 ἐπετέλουν,
622 810 969 864 στεφανούμενοι
1012 808 1085 851 καὶ
1135 812 1413 864 μυριζόμενοι
1462 808 1534 852 καὶ

190 880 454 929 σπένδοντες
491 886 548 937 τῷ
594 880 786 934 Χάρωνι,
823 882 1058 935 προπόσεις
1095 896 1139 921 τε
1177 887 1251 934 τῆς
1293 886 1371 922 τοῦ
1412 882 1535 934 βασι-

189 950 298 1000 λέως
329 950 514 1004 ἐκπνοῆς
546 949 751 1004 ἀλλήλοις
777 950 1160 999 ἀνταποδιδόντες.
1221 950 1366 1005 <359>
1399 950 1535 1005 ἀμνή-

1555 825 1588 849 10

189 1037 320 1077 μονες
347 1018 385 1062 δ’
418 1017 529 1074 ἦσαν
557 1020 636 1062 οὐκ
652 1019 864 1077 Ἀγρίππα
891 1022 1030 1075 μόνον
1050 1020 1328 1076 χρησαμένου
1354 1024 1536 1071 πολλαῖς
1577 1048 1582 1050 ἡ

188 1094 250 1142 είς
282 1092 442 1141 αὐτοὺς
467 1093 752 1146 φιλοτιμίαις,
777 1091 887 1133 ἀλλὰ
912 1090 985 1133 καὶ
1010 1097 1089 1133 τοῦ
1115 1091 1293 1133 πάππου
1326 1089 1374 1133 δὲ
1393 1089 1535 1147 “Ηρώ-

188 1165 286 1217 δου,
319 1163 385 1204 ὅτι
417 1163 492 1212 τὰς
529 1164 677 1212 πόλεις
718 1162 883 1211 ἐκεῖνος
921 1162 1070 1211 αὐτοῖς
1100 1163 1239 1204 ἔκτισε
1280 1161 1458 1217 λιμένας
1489 1177 1533 1204 τε

187 1233 260 1276 καὶ
291 1235 426 1282 ναοὺς
458 1234 746 1275 κατεσκεύασε
779 1236 993 1287 λαμπροῖς
1025 1233 1343 1287 δαπανήμασιν.

278 1304 423 1359 <360>
457 1304 478 1345 ὁ
513 1301 561 1345 δὲ
592 1310 671 1345 τοῦ
697 1308 938 1353 τεθνεῶτος
964 1304 1060 1353 υίὸς
1081 1301 1318 1358 Ἀγρίππας
1350 1302 1535 1346 ἐπὶῬώ-

189 1392 269 1431 μης
300 1373 355 1429 ἣν
382 1373 429 1416 ἐν
455 1380 514 1431 τῷ
543 1376 687 1432 χρόνῳ
714 1375 870 1432 τούτῳ,
896 1376 1163 1429 τρεφόμενος
1187 1375 1303 1427 παρὰ
1323 1375 1533 1433 Κλαυδίῳ

188 1449 392 1501 Καίσαρι.
454 1446 598 1500 <361>
629 1447 883 1499 πυθόμενός
920 1460 967 1498 γε
1013 1445 1100 1499 μὴν
1145 1447 1318 1500 Καῖσαρ
1358 1445 1423 1487 ὅτι
1467 1445 1533 1487 τέ-

186 1523 325 1572 θνηκε
370 1513 450 1570 μὲν
490 1513 750 1569 Ἀγρίππας,
795 1513 1070 1570 Σεβαστηνοὶ
1104 1513 1149 1557 δὲ
1193 1514 1264 1557 καὶ
1297 1517 1534 1572 Καισαρεῖς

186 1590 422 1644 ὑβρίκασιν
455 1587 516 1636 εἰς
547 1587 696 1640 αὐτόν,
730 1584 793 1627 ἐπ’
831 1586 982 1644 ἐκείνῳ
1022 1583 1102 1641 μὲν
1140 1587 1345 1641 ἤλγησεν,
1383 1586 1452 1629 ἐπὶ
1485 1585 1534 1630 δὲ

185 1662 288 1709 τοὺς
327 1658 701 1713 ἀχαριστήσαντας
740 1658 952 1712 ὠργίσθη.
1020 1658 1176 1712 <362>
1219 1656 1404 1712 πέμπειν
1451 1655 1534 1702 οὖν

186 1729 355 1778 εὐθέως
387 1729 561 1783 ὥρμητο
593 1729 670 1770 τὸν
695 1729 912 1783 νεώτερον
935 1727 1175 1783 Ἀγρίππαν
1199 1730 1280 1783 τὴν
1305 1730 1533 1784 βασιλείαν

187 1799 515 1853 διαδεξόμενον,
548 1799 635 1853 ἅμα
667 1801 937 1853 βουλόμενος
969 1799 1190 1853 ἐμπεδοῦν
1228 1801 1330 1849 τοὺς
1361 1799 1533 1855 ὀμωμο-

186 1870 345 1926 μένους
379 1870 546 1924 ὅρκους.
610 1868 719 1910 ἀλλὰ
751 1876 839 1910 τῶν
872 1868 1167 1924 ἐξελευθέρων
1208 1868 1280 1911 καὶ
1313 1872 1457 1924 φίλων
1489 1870 1535 1912 οἱ

184 1943 298 1984 πολὺ
329 1938 431 1994 παρ’
469 1940 585 1996 αὐτῷ
615 1940 856 1994 δυνάμενοι
882 1939 1145 1996 ἀπέτρεψαν,
1173 1941 1392 1996 σφαλερὸν
1418 1937 1532 1982 εἶναι

186 2011 387 2066 λέγοντες
430 2011 588 2065 κομιδῇ
634 2009 718 2068 νέῳ
770 2009 879 2065 μηδὲ
929 2013 1030 2061 τοὺς
1073 2011 1229 2060 παιδὸς
1278 2010 1531 2066 ἐκβεβηκότι

184 2085 372 2139 χρόνους
411 2080 654 2135 ἐπιτρέπειν
693 2084 915 2135 βασιλείας
951 2086 1210 2136 τηλικοῦτον
1248 2079 1453 2136 μέγεθος,
1495 2077 1529 2139 ᾧ

185 2155 242 2209 μὴ
270 2152 461 2194 δυνατὸν
487 2151 562 2200 τὰς
586 2157 660 2204 τῆς
688 2152 941 2206 διοικήσεως
959 2153 1200 2207 φροντίδας
1225 2151 1432 2206 ἐνεγκεῖν,
1459 2151 1530 2194 καὶ

1554 1175 1588 1202 15

1552 1529 1587 1554 20

1551 1881 1584 1907 25

184 2225 334 2281 τελείῳ
368 2220 404 2264 δ’
438 2218 551 2263 εἶναι
577 2223 691 2277 βαρὺ
717 2222 943 2277 βάσταγμα
979 2225 1219 2278 βασιλείαν.
1264 2221 1414 2273 ἔδοξεν
1448 2219 1530 2266 οὖν
1548 2233 1584 2260 30

184 2295 346 2343 αὐτοὺς
377 2293 521 2335 εἰκότα
554 2290 697 2345 λέγειν
740 2293 762 2335 ὁ
797 2295 976 2348 Καῖσαρ.
1041 2294 1183 2348 <363>
1226 2294 1414 2349 ἔπαρχον
1447 2290 1530 2336 οὗν
