1732 2526
599 62 1010 95 EHTAKAIAEKATH
1407 62 1492 105 135

140 168 332 223 ριάμμην
371 167 584 222 ἐκβαλών·
629 164 802 210 τοσάσδ’
846 168 980 210 αὐτὸν
1013 175 1086 222 τῆς
1119 170 1358 225 Γλαφύρας
1389 170 1490 213 ἀνέ-

140 246 325 294 στρεψεν
369 241 487 294 ἔρως.
549 238 694 293 <351>
739 237 810 280 καὶ
855 245 1125 281 συνοικοῦσα
1169 246 1227 296 τῷ
1270 239 1488 299 Ἀρχελάῳ

140 309 304 352 τοιόνδ’
337 311 444 364 ὄναρ
471 313 640 351 θεᾶται.
682 308 823 351 ἐδόκει
850 311 926 351 τὸν
943 308 1234 364 Ἀλέξανδρον
1256 310 1489 354 ἐπιστάντα

138 378 389 434 θεασαμένη
421 381 590 434 χαίρειν
621 378 694 421 καὶ
726 380 1008 434 περιβάλλειν
1039 381 1297 435 προθύμως,
1330 384 1406 424 τὸν
1441 381 1490 424 δὲ

102 462 119 487 5
139 450 414 505 κατάμεμψίν
446 448 481 491 τ’
513 449 645 504 αὐτῆς
670 454 896 492 ποιεῖσθαι
928 449 1000 491 καὶ
1026 450 1162 505 φάναι
1188 451 1334 506 <352>
1357 453 1420 494 ‘I'
1417 457 1488 494 λα-

138 521 277 575 φύρα,
323 528 582 574 συνηγορεῖς
618 521 702 574 ἄρα
735 522 850 578 λόγῳ
890 520 937 570 ὃς
980 522 1138 562 ἄπιστα
1184 523 1333 575 ἔλεγεν
1374 520 1489 565 εἶναι

138 590 352 644 γυναιξίν,
384 591 409 644 ἣ
443 592 839 646 συνομολογήσασά
871 608 946 646 μοι
972 590 1043 633 καὶ
1070 598 1487 645 συγκατοικισθεῖσα

135 660 379 716 παρθένος,
416 662 589 703 παίδων
626 662 731 716 ἡμῖν
768 664 1039 716 γεγονότων,
1078 664 1195 718 λήθῃ
1233 664 1489 718 παραδίδως

137 733 299 787 ἔρωτας
329 734 431 782 τοὺς
463 732 608 787 ἐμούς,
641 732 861 787 δευτέρων
903 732 1116 789 ἐπιθυμία
1154 733 1318 788 γάμων.
1380 739 1490 790 πλη-

82 816 116 841 10
136 804 263 857 θώρα
291 801 343 844 δέ
366 814 436 845 σοι
463 801 563 845 οὐδ’
587 803 726 852 οὕτως
754 803 933 857 ὕβρεως,
960 802 1069 845 ἀλλὰ
1095 803 1167 845 καὶ
1194 806 1341 859 τρίτον
1369 805 1489 848 ἐτόλ-

138 885 277 928 μησας
315 880 451 929 σαυτῇ
489 877 862 928 παρακατακλῖναι
905 877 1125 929 νυμφίον,
1171 875 1371 930 ἀπρεπῶς
1414 876 1488 918 καὶ

138 944 438 1000 ἀναισχύντως
465 944 717 987 ἐπεισιοῦσα
743 949 848 1001 οῖ’κω
881 951 939 1001 τῷ
968 944 1072 1002 ἐμῷ,
1103 944 1173 987 καὶ
1208 947 1349 1001 γάμον
1383 959 1487 989 συν-

136 1015 345 1070 τιθεμένη
377 1017 486 1070 πρὸς
513 1011 762 1070 Ἀρχέλαον,
796 1014 931 1070 δαέρα
964 1013 1043 1070 μὲν
1077 1022 1259 1070 σεαυτῆς
1291 1016 1487 1072 ἀδελφὸν

137 1084 175 1128 δ’
213 1085 436 1141 ἡμέτερον.
479 1086 623 1140 <353>
657 1084 750 1127 ἀλλ’
788 1086 869 1128 οὐκ
901 1088 1035 1140 ἔγωγε
1069 1088 1214 1142 λήθην
1246 1090 1487 1142 ποιήσομαι

83 1168 116 1194 15
135 1157 310 1207 εὐνοίας
353 1163 428 1211 τῆς
466 1163 558 1211 σῆς,
601 1156 833 1207 ἀπαλλάξω
880 1156 932 1198 δέ
967 1168 1013 1198 σε
1052 1159 1214 1207 παντὸς
1251 1165 1330 1200 τοῦ
1372 1159 1487 1200 &vec—

137 1229 355 1282 διοῦντος,
389 1227 512 1282 ἐμήν,
544 1229 689 1281 ὥσπερ
722 1225 785 1281 ἧς,
826 1229 1288 1283 κατασκευασάμενοςῖ
1350 1236 1486 1271 ταῦτα

135 1297 434 1354 διηγησαμένη
473 1299 581 1353 πρὸς
617 1299 692 1348 τὰς
730 1300 942 1352 συνήθεις
978 1306 1066 1340 τῶν
1104 1307 1346 1353 γυναικῶν,
1389 1297 1481 1354 μετ’

135 1370 285 1424 ὀλίγας
323 1368 486 1425 ἡμέρας
522 1372 702 1425 τελευτᾷ
740 1371 818 1411 τὸν
849 1372 961 1424 βίον.
1025 1370 1170 1424 <354>
1203 1369 1286 1424 ἐγὼ
1327 1368 1366 1412 δ’
1405 1370 1486 1412 οὐκ

135 1440 342 1495 ἀλλότρια
384 1442 568 1494 νομίσας
606 1440 716 1481 αὐτὰ
754 1441 865 1496 τῷδε
904 1445 962 1496 τῷ
1003 1442 1119 1497 λόγῳ
1158 1437 1286 1493 εἶναι,
1326 1440 1398 1481 διὰ
1435 1443 1484 1483 τὸ

81 1525 114 1550 20
134 1510 235 1565 περὶ
266 1518 354 1552 τῶν
386 1509 603 1565 βασιλέων
630 1510 766 1553 αὐτὸν
792 1510 1120 1565 συνεστηκέναι,
1145 1510 1216 1552 καὶ
1245 1511 1386 1560 ἄλλως
1413 1510 1484 1553 ε’πὶ

133 1581 409 1636 παράδειγμά
440 1597 481 1622 τι
512 1580 665 1636 φέρειν
696 1588 775 1623 τοῦ
807 1578 843 1622 τ’
881 1580 991 1636 ἀμφὶ
1023 1582 1098 1630 τὰς
1135 1582 1276 1635 ψυχὰς
1314 1582 1485 1625 ἀθανα-

134 1655 231 1702 σίας
264 1652 479 1707 ἐμφεροῦς
503 1651 574 1693 καὶ
601 1659 680 1694 τοῦ
703 1654 834 1694 θείου
859 1654 1111 1708 προμηθειά
1142 1653 1194 1693 τὰ
1226 1651 1483 1708 ἀνθρώπεια

131 1721 466 1777 περιειληφότος
501 1729 551 1777 τῇ
591 1723 741 1775 αὐτοῦ,
780 1725 922 1772 καλῶς
960 1724 1073 1778 ἔχειν
1115 1722 1297 1777 ἐνόμισα
1329 1725 1481 1766 εἰπεῖν.

133 1794 219 1852 ὅτῳ
253 1791 292 1835 δ’
331 1793 573 1835 ἀπιστεῖται
604 1794 656 1835 τὰ
699 1794 862 1847 τοιάδε,
900 1794 1075 1848 γνώμης
1112 1793 1371 1848 ὀνινάμενος
1407 1801 1484 1849 τῆς

76 1877 111 1903 25
132 1862 291 1907 ἑαυτοῦ
328 1866 508 1919 κώλυμα
547 1864 628 1907 οὐκ
667 1864 722 1906 ἂν
761 1862 934 1918 γένοιτο
972 1870 1031 1921 τῷ
1066 1862 1130 1905 ἐπ’
1173 1864 1332 1919 ἀρετὴν
1371 1865 1483 1907 αὐτὰ

129 1934 448 1993 προτιθεμένω.

218 2006 363 2060 <355>
393 2011 469 2059 τῆς
502 2004 544 2048 δ’
575 2003 813 2061 Ἀρχελάου
845 2006 988 2060 χώρας
1024 2006 1264 2055 ὑποτελοῦς
1294 2018 1482 2061 προσνε-

130 2079 345 2132 μηθείσης
375 2082 425 2132 τῇ
458 2077 637 2131 Σύρων,
662 2075 872 2131 πέμπεται
898 2078 1110 2131 Κυρίνιος
1136 2076 1220 2119 ὑπὸ
1243 2078 1481 2132 Καίσαρος,

131 2146 242 2203 ἀνὴρ
274 2148 494 2200 ὑπατικός,
537 2146 914 2201 ἀποτιμησόμενος
945 2147 997 2188 τὰ
1035 2146 1083 2189 ἐν
1121 2149 1267 2204 Συρία
1297 2146 1369 2190 καὶ
1400 2149 1480 2190 τὸν

76 2231 111 2256 30
127 2214 359 2275 Ἀρχελάου
392 2217 730 2273 ἀποδωσόμενος
761 2215 896 2260 οἷκον.
