1732 2526
231 65 319 106 230
726 65 1090 98 ΑΡΧΑΙΟΛΟΓΙΑΣ

229 173 336 214 οδον
379 173 509 214 πτοία
558 169 674 228 εἶχεν
719 172 880 223 αὐτοὺς
923 173 981 222 ὡς
1018 171 1171 214 αὐτίκα
1209 172 1324 227 μάλα
1365 176 1604 229 συγκοπήῃ

228 254 393 285 σοιντο·
439 243 487 285 ἐν
529 243 768 299 ἀμηχάνοις
812 242 850 285 δ’
888 241 1023 298 ἦσαν,
1065 241 1156 286 οὔτ’
1201 241 1374 285 ἀπιέναι
1414 244 1583 300 θάρσος

227 316 538 370 εἰσφερόμενοι
580 313 670 356 οὔτ’
715 314 958 357 ἀκίνδυνον
998 314 1078 368 τὴν
1120 315 1352 369 διατριβὴν
1393 315 1474 369 τὴν
1512 314 1582 357 ε’πὶ

226 391 306 426 τοῦ
343 385 536 442 θεάτρου
574 388 920 435 πεπιστευκότες.
981 385 1138 439 <139>
1180 385 1498 428 εἰσπιπτόντων
1537 384 1575 428 δ’

226 457 334 511 ἤδη,
371 457 454 511 βοὴ
488 464 566 500 τοῦ
598 457 791 512 θεάτρου
824 457 1037 512 ῥήγνυται
1074 453 1176 498 καθ’
1213 456 1399 498 ἵκετείαν
1429 471 1582 511 τρεπο-

229 525 367 581 μένου
405 535 492 570 τῶν
533 535 809 583 στρατιωτῶν
847 528 905 577 ὡς
935 527 1113 569 πάντων
1151 526 1332 581 ἀγνοίας
1363 527 1480 585 αὐτῷ
1513 544 1583 582 γε-

225 597 416 653 νομένης
456 598 528 640 καὶ
566 606 654 641 τῶν
692 597 1031 654 βουλευθέντων
1062 605 1154 648 τοῖς
1193 597 1507 653 ἐπαναστᾶσιν,
1544 600 1586 640 εἰ

228 670 282 724 δή
315 685 379 719 τις
409 668 480 711 καὶ
515 668 698 723 γέγονεν
738 669 1048 721 ἐπανάστασις,
1086 667 1158 710 καὶ
1196 676 1284 710 τῶν
1322 670 1582 723 γεγονότων.

225 739 371 793 <140>
404 740 640 794 φείδεσθαι
673 736 777 793 οὖν,
817 738 888 781 καὶ
922 740 979 793 μὴ
1013 741 1173 794 τόλμης
1204 739 1436 795 ἀλλοτριάς
1466 741 1583 795 παρὰ

223 817 311 851 τῶν
345 808 439 851 οὐδ’
478 810 524 851 ἐν
556 811 673 866 αἰτία
704 808 958 864 γενομένων
990 809 1319 864 ἀπολαμβάνειν
1351 812 1580 865 τιμωρίαν,

223 879 440 934 παρέντας
481 879 528 921 έν
571 879 729 934 ἐρεύνῃ
771 887 859 922 τῶν
899 881 1206 934 πεπραχότων,
1251 880 1274 921 ὅ
1314 894 1356 921 τι
1396 879 1467 922 καὶ
1508 895 1581 923 πε-

223 949 477 1005 πραγμένον
510 954 597 1004 εἴη,
635 957 915 1005 καταστῆναι.
979 950 1122 1004 <141>
1155 948 1226 991 καὶ
1259 952 1305 992 οἳ
1334 948 1414 1005 μὲν
1445 952 1582 994 ταῦτά

223 1037 267 1063 τε
309 1020 382 1063 καὶ
421 1019 660 1075 περαιτέρω
703 1022 809 1075 μετὰ
848 1021 1054 1075 δακρύων
1090 1018 1164 1061 καὶ
1201 1021 1372 1072 τύψεως
1409 1023 1580 1077 προσώ-

1602 822 1634 848 10

223 1107 334 1145 πων,
362 1091 683 1142 ἐπιθειάζοντες
709 1091 781 1134 καὶ
807 1093 1116 1146 ποτνιώμενοι,
1142 1090 1264 1133 ὁπόσ’
1292 1091 1580 1135 ἀνεδίδασκεν
1629 1088 1633 1089 ⁷

224 1163 384 1212 αὐτοὺς
429 1163 450 1204 ὁ
495 1163 704 1212 κίνδυνος
749 1161 883 1212 ἑστὼς
925 1164 1136 1216 πλησίον,
1187 1161 1258 1204 καὶ
1304 1159 1373 1205 ὅσ’
1418 1164 1473 1205 ἄν
1517 1179 1581 1214 τις

225 1233 544 1288 ἀγωνιζόμενος
575 1232 673 1289 περὶ
709 1240 784 1288 τῆς
815 1240 957 1289 ψυχῆς
989 1237 1102 1274 εἷ’ποι
1135 1249 1190 1287 τι,
1223 1235 1393 1288 ἔλεγον·
1433 1236 1579 1289 <142>

223 1305 438 1358 θραύεται
472 1302 519 1345 δὲ
552 1306 660 1359 πρὸς
691 1311 826 1346 ταῦτα
858 1312 946 1346 τῶν
980 1311 1258 1359 στρατιωτῶν
1289 1304 1315 1358 ἡ
1349 1305 1474 1360 ὀργή,
1506 1321 1579 1360 με-

223 1378 472 1429 ταμελῆσαν
510 1375 658 1424 αὐτοῖς
695 1382 775 1417 τοῦ
807 1373 877 1416 ἐπὶ
918 1381 1009 1424 τοῖς
1040 1379 1231 1430 θεωροῖς
1262 1376 1578 1430 βουλεύματος·

226 1446 346 1500 ὠμόν
389 1461 433 1486 τε
472 1446 554 1499 γὰρ
593 1443 649 1499 ἦν
686 1452 816 1488 τοῦτο
855 1444 927 1487 καὶ
966 1444 1150 1495 ἐκείνοις
1186 1447 1341 1500 καίπερ
1375 1445 1580 1501 ἐξηγριω-

224 1519 352 1558 κόσιν
395 1515 559 1569 ἐδόκει,
603 1516 678 1565 τὰς
718 1517 912 1571 κεφαλὰς
951 1523 1040 1557 τῶν
1080 1514 1180 1571 περὶ
1220 1518 1297 1558 τὸν
1329 1514 1580 1571 Ἀσπρήναν

226 1585 295 1628 ἐπὶ
334 1588 412 1629 τὸν
450 1588 601 1641 βωμὸν
640 1585 1010 1642 ἀπερεισαμένοις.
1073 1586 1216 1641 <143>
1256 1588 1365 1641 πρὸς
1403 1586 1453 1636 ἃς
1489 1603 1580 1642 μει-

228 1659 362 1708 ζόνως
402 1659 571 1699 ἔπαθον
617 1657 663 1700 οἱ
701 1656 868 1712 θεωροὶ
913 1660 1106 1714 λογισμῷ
1149 1654 1184 1698 τ’
1235 1656 1452 1707 ἀξιώσεως
1491 1665 1580 1699 τῶν

227 1728 406 1783 ἀνδρῶν
439 1727 510 1770 καὶ
550 1727 655 1786 ε’λέςο
694 1735 773 1770 τοῦ
804 1728 998 1782 πάθους,
1042 1728 1151 1770 ὥστε
1183 1727 1284 1783 παρ’
1324 1728 1477 1782 ὀλίγον
1507 1727 1581 1770 καὶ

229 1799 378 1848 αὐτοῖς
419 1796 552 1841 οὐδὲν
594 1798 904 1853 ἐλλιπεστέρως
943 1799 995 1840 τὰ
1036 1806 1124 1840 τῶν
1164 1799 1389 1840 κινδύνων
1430 1798 1580 1853 ὁμιλή-

230 1881 366 1912 σαντα
394 1869 776 1923 ἐπανασεσεῖσθαι,
804 1866 865 1911 ὧν
892 1870 1058 1924 ἄδηλον
1085 1865 1197 1911 εἶναι
1223 1870 1304 1924 τὴν
1330 1869 1579 1923 συμφοράν,

228 1945 349 1995 εἷ’περ
388 1942 450 1989 εἰς
486 1939 609 1989 τέλος
646 1945 897 1996 φευχθῆναι
936 1937 1106 1982 δύναιτ’
1149 1940 1215 1980 ἄν.
1277 1939 1432 1993 <144>
1470 1939 1580 1981 ὥστε

229 2011 311 2052 κᾶν
338 2014 382 2052 εἴ
401 2026 516 2060 τινες
543 2008 693 2067 (ἦσαν)
719 2019 808 2053 τῶν
832 2011 1076 2066 προθύμως
1102 2011 1352 2065 μισούντων
1377 2008 1449 2051 καὶ
1475 2011 1581 2064 μετὰ

231 2083 353 2136 δίκης
390 2081 468 2123 τὸν
507 2081 665 2136 Γάιον,
708 2081 995 2137 ἀφαιρεῖσθαι
1035 2089 1124 2123 τῶν
1165 2079 1228 2123 ἐπ’
1265 2079 1382 2137 αὐτῷ
1419 2079 1581 2135 εὐφρο-

232 2160 381 2194 συνῶν
413 2157 490 2205 τῆς
520 2153 663 2207 χώρας
695 2153 768 2194 διὰ
799 2154 848 2194 τὸ
882 2152 929 2194 ἐν
957 2152 1068 2207 ῥοπῇ
1095 2150 1176 2206 μὲν
1200 2157 1279 2194 τοῦ
1305 2155 1581 2193 συναπολου-

231 2221 368 2277 μένου
400 2221 651 2276 γεγονέναι,
692 2224 739 2264 τὸ
780 2220 827 2264 δὲ
859 2223 1015 2264 πιστὸν
1047 2227 1125 2264 τοῦ
1156 2228 1370 2276 περιεῖναι
1402 2220 1580 2276 μηδέπω

230 2292 303 2334 καὶ
334 2295 430 2335 τότε
463 2291 671 2348 ἐχέγγυον
705 2296 954 2334 συνελθεῖν.

1600 1175 1633 1201 15

1600 1529 1633 1555 20

1600 1881 1634 1908 25

1600 2235 1634 2260 30
