1732 2526
159 81 245 124 380
456 67 458 69 ’
720 79 949 113 mmmm*

159 194 305 244 λομεν.
368 189 524 243 <397>
568 186 805 242 γενομένης
851 183 890 227 δ’
937 186 1123 240 ὕστερον
1167 184 1272 239 ἡμῖν
1309 185 1416 226 κατὰ
1456 185 1505 226 τὸ
1559 179 1563 184 ’

158 261 312 302 πεδίον
345 259 482 314 μάχης
513 260 622 314 πρὸς
653 260 755 307 τοὺς
794 258 952 310 ἱππεῖς,
990 255 1115 311 μέχρι
1152 258 1320 297 πολλοῦ
1358 270 1507 310 καρτε-

160 338 247 385 ρῶς
279 329 718 378 διακινδυνεύσαντες
755 328 1022 382 ἡττήθημεν·
1063 327 1391 381 περιελθόντων
1423 325 1506 380 γὰρ

158 409 245 443 τῶν
288 399 512 455 Ῥωμαίων
563 400 608 441 οἱ
654 397 743 453 μετ’
798 398 905 453 ἐμοῦ
958 398 1178 445 δείσαντες
1229 397 1395 450 ἔφυγον
1445 396 1507 444 εἰς

159 473 365 514 τούπίσω.
433 473 577 512 πίπτει
617 468 655 511 δ’
701 468 770 511 ἐπὶ
810 474 885 522 τῆς
922 466 1198 522 παρατάξεως
1242 465 1410 520 ἐκείνης
1448 459 1508 514 εἷς

160 550 247 584 τῶν
293 540 648 595 πεπιστευμένων
687 541 766 594 τὴν
805 545 884 580 τοῦ
923 539 1120 592 σώματός
1159 552 1243 591 μου
1289 537 1506 590 φυλακήν,

155 611 346 662 Ἰοῦστος
383 612 601 666 τοῦνομα,
640 609 712 652 καὶ
750 610 867 664 παρὰ
908 611 1081 662 βασιλεῖ
1111 604 1214 649 ποτε
1252 607 1332 660 τὴν
1372 605 1509 659 αὐτὴν

158 684 281 734 τάξιν
314 683 513 737 ἐσχηκώς.

249 753 391 807 <398>
416 752 524 793 κατὰ
550 757 708 793 τοῦτον
735 747 783 791 δὲ
809 750 886 791 τὸν
911 750 1067 802 καιρὸν
1094 748 1120 802 ἡ
1150 748 1265 802 παρὰ
1298 745 1510 801 βασιλέως

161 826 347 878 δύναμις
392 820 495 876 ἧκεν
538 822 688 875 ἱππική
734 836 778 862 τε
823 819 895 861 καὶ
939 821 1058 873 πεζή,
1101 817 1174 860 καὶ
1217 819 1394 867 Σύλλας
1438 816 1500 859 ἐπ’

161 894 294 948 αὐτῆς
325 893 513 947 ἡγεμών,
547 892 569 934 ὁ
603 890 672 933 ἐπὶ
704 898 792 932 τῶν
825 889 1223 944 σωματοφυλάκων.
1270 885 1398 937 οὗτος
1427 884 1510 930 οὖν

162 966 403 1020 βαλόμενος
454 963 751 1018 στρατόπεδον
799 960 1038 1009 Ἰουλιάδος
1092 958 1252 1014 ἀπέχον
1307 960 1512 1008 σταδίους

161 1034 304 1089 πέντε,
336 1034 539 1089 φρουρὰν
579 1032 785 1086 ἐπέστησε
825 1039 918 1080 ταῖς
956 1031 1092 1084 ὁδοῖς,
1131 1036 1182 1085 τῇ
1215 1028 1251 1071 τ’
1289 1030 1352 1079 εἰς
1384 1030 1511 1071 Κανὰ

162 1106 330 1161 ἀγούσῃ
362 1103 434 1146 καὶ
467 1110 516 1158 τῇ
550 1105 611 1152 εἰς
638 1103 818 1157 Γάμαλα
850 1103 898 1143 τὸ
931 1101 1164 1156 φρούριον,
1197 1098 1306 1155 ὑπὲρ
1333 1106 1412 1141 τοῦ
1437 1100 1512 1148 τὰς

162 1177 278 1231 παρὰ
310 1183 397 1217 τῶν
432 1176 682 1216 Γαλιλαίων
716 1173 928 1227 ὠφελείας
958 1179 1048 1220 τοῖς
1086 1171 1275 1220 ἐνοίκοις
1313 1169 1512 1212 ἀποκλεί-

163 1263 242 1288 ειν.
289 1246 430 1300 <399>
463 1251 597 1286 ταῦτα
631 1242 668 1285 δ’
709 1244 765 1292 ὡς
798 1243 881 1297 ἐγὼ
910 1241 1157 1296 ἐπυθόμην,
1188 1240 1339 1295 πέμπω
1374 1242 1512 1295 δισχι-

163 1320 285 1366 λίους
317 1317 495 1365 ὁπλίτας
526 1314 597 1357 καὶ
631 1315 873 1368 στρατηγὸν
912 1313 1057 1354 αὐτῶν
1089 1311 1314 1366 Ἱερεμίαν.
1383 1313 1429 1353 οἳ
1457 1312 1511 1365 δὴ

163 1387 235 1429 καὶ
261 1387 428 1442 χάρακα
453 1384 607 1434 θέντες
633 1385 716 1426 άπὸ
745 1385 926 1425 σταδίου
953 1390 1027 1437 τῆς
1053 1381 1296 1431 Ἰουλιάδος
1324 1383 1512 1436 πλησίον

163 1465 243 1501 τοῦ
281 1456 511 1511 Ἰορδάνου
564 1461 762 1509 ποταμοῦ
809 1453 944 1496 πλέον
992 1453 1330 1507 ἀκροβολισμῶν
1381 1449 1513 1494 οὐδὲν

165 1528 370 1583 ἔπραξαν,
402 1526 527 1582 μέχρι
558 1527 825 1581 τρισχιλίους
859 1525 942 1579 ἐγὼ
976 1524 1240 1579 στρατιώτας
1280 1522 1513 1575 ἀναλαβὼν

166 1597 273 1653 ἧκον
305 1600 414 1654 πρὸς
447 1598 616 1647 αὐτούς.
661 1597 804 1650 <4ΟΟ>
836 1597 942 1637 κατὰ
976 1593 1024 1636 δὲ
1055 1596 1135 1649 τὴν
1167 1593 1378 1635 ἐπιοῦσαν
1410 1592 1513 1647 ἡμέ-

166 1687 248 1725 ραν
275 1672 322 1711 ε“’ν
349 1686 436 1711 τινι
462 1669 656 1723 φάραγγι
681 1669 868 1716 καθίσας
894 1668 1026 1721 λόχον
1053 1665 1133 1707 οὐκ
1159 1665 1340 1706 ἄπωθεν
1367 1663 1513 1706 αὐτῶν

165 1747 243 1783 τοῦ
269 1741 472 1796 χάρακος,
497 1739 838 1794 προυκαλούμην
864 1739 966 1786 τοὺς
991 1738 1245 1791 βασιλικοὺς
1271 1736 1332 1784 είς
1356 1734 1512 1789 μάχην,

165 1810 432 1866 παραινέσας
474 1818 564 1859 τοῖς
614 1807 702 1863 μετ’
760 1808 866 1863 ἐμοῦ
917 1808 1197 1862 στρατιώταις
1241 1805 1422 1861 στρέψαι
1461 1805 1514 1846 τὰ

166 1890 283 1924 νῶτα
315 1880 552 1936 μέχριςᾶν
591 1879 916 1922 ἐπισπάσωνται
955 1880 1056 1927 τοὺς
1093 1879 1328 1932 πολεμίους
1359 1879 1508 1930 προελ-

166 1956 281 1993 θεῖν.
344 1952 448 2005 ὅπερ
487 1949 559 1992 καὶ
598 1949 786 2004 ἐγένετο·
831 1949 975 2003 <401>
1009 1949 1185 1997 Σύλλας
1226 1948 1307 2002 γὰρ
1341 1947 1514 1996 εἰκάσας

167 2029 260 2072 ταῖς
286 2021 515 2075 ἀληθείαις
546 2022 647 2069 τοὺς
673 2019 909 2074 ἡμετέρους
934 2020 1130 2074 φεύγειν,
1157 2019 1391 2073 προελθὼν
1424 2016 1513 2058 ε’πι-

169 2093 346 2134 διώκειν
378 2085 469 2139 οἶός
494 2088 529 2131 τ’
567 2088 638 2144 ἧν,
670 2091 776 2131 κατὰ
804 2091 947 2132 νώτου
981 2088 1018 2130 δ’
1051 2089 1185 2131 αὐτὸν
1211 2088 1513 2143 λαμβάνουσιν

169 2164 214 2204 οἱ
243 2162 289 2203 ἐκ
326 2167 399 2215 τῆς
443 2160 637 2213 ἐνέδρας,
683 2159 755 2201 καὶ
800 2161 973 2214 σφόδρα
1013 2160 1176 2208 πάντας
1221 2158 1513 2213 ἐθορύβησαν.

170 2233 312 2286 <402>
340 2231 423 2285 ἐγὼ
452 2229 489 2271 δ’
522 2230 659 2279 εὐθὺς
686 2230 803 2286 ὀξείᾳ
829 2231 1101 2285 χρησάμενος
1126 2229 1382 2284 ὑποστροφῇ
1408 2228 1513 2282 μετὰ

168 2310 242 2357 τῆς
275 2302 502 2356 δυνάμεως
528 2301 754 2355 ὑπήντησα
780 2309 870 2350 τοῖς
895 2303 1155 2355 βασιλικοῖς,
1182 2299 1252 2341 καὶ
1280 2301 1340 2349 εἰς
1366 2299 1513 2353 φυγὴν

1544 480 1562 506 Q!

1530 833 1563 857 10

1533 1184 1565 1210 15

1532 1538 1567 1564 20

1532 1888 1566 1914 25

1533 2241 1568 2266 30
