1732 2526
570 125 979 167 ΕΠΤΑΚΑΙΔΕΚΑΤΗ
1362 121 1443 163 117

99 235 197 275 νιάν
235 239 310 287 τῆς
349 234 549 287 Σαβίνου
591 231 758 286 ὕβρεως
799 230 1008 285 μυριάδες
1050 231 1447 285 συνηθροίσθησαν

96 303 349 359 ἀνθρώπων
381 301 452 345 καὶ
483 302 600 344 πάνυ
631 303 810 355 πολλαί,
854 302 1103 342 Γαλιλαίων
1136 317 1179 342 τε
1211 299 1283 342 καὶ
1310 299 1447 343 Ἰδου-

96 377 258 429 μαίων,
289 372 612 428 Ἱεριχουντίων
642 369 690 413 θ’
726 371 752 425 ἡ
784 372 977 425 πληθύς,
1021 369 1092 412 καὶ
1131 370 1285 413 ὁπόσοι
1316 372 1447 426 περά-

97 457 250 494 σαντες
265 442 494 498 Ἰορδάνην
518 443 716 497 ποταμὸν
742 443 957 495 οἰκοῦσιν,
984 442 1130 483 αὐτῶν
1158 457 1200 482 τε
1219 439 1447 483 Ἰουδαίων

61 519 266 569 ῦπλῆθος
308 511 383 568 ἦν,
428 516 473 556 οἳ
512 514 619 567 πρὸς
661 512 826 561 πάντας
871 511 1172 566 συνειλέχατο,
1217 510 1289 553 καὶ
1333 514 1446 554 πολὺ

95 586 422 641 προθυμότεροι
462 591 551 626 τῶν
594 584 741 625 ἄλλων
786 582 855 625 ἐπὶ
899 585 1085 639 τιμωρία
1125 589 1204 624 τοῦ
1247 585 1448 636 Σαβίνου

95 656 364 711 ὡρμήκεσαν.
427 655 572 709 <255>
604 653 676 696 καὶ
708 656 806 709 τρία
838 652 946 708 μέρη
979 651 1245 708 νεμηθέντες
1277 651 1345 695 ἐπὶ
1378 669 1448 695 το-

96 727 236 768 σῶνδε
270 725 690 781 στρατοπεδεύονται
720 726 907 780 χωρίων,
941 727 986 766 οἳ
1014 722 1094 779 μὲν
1126 726 1204 767 τὸν
1238 724 1448 779 ἱππόδρο-

95 812 179 851 μον
217 795 535 851 ἀπολαβόντες,
575 794 648 837 καὶ
680 803 766 837 τῶν
807 793 854 837 δὲ
893 799 1061 837 λοιπῶν
1101 796 1182 837 δύο
1222 802 1367 849 μερῶν
1406 797 1452 838 οἳ

42 878 76 903 10
95 865 175 921 μὲν
216 873 275 924 τῷ
315 869 475 923 βορείῳ
517 873 595 908 τοῦ
638 866 759 921 ἱεροῦ
800 868 908 920 πρὸς
949 867 1223 921 μεσημβρίαν
1267 882 1448 921 τετραμ-

95 937 220 992 μένοι
252 939 332 992 τὴν
359 936 472 994 ἑῴαν
505 945 663 992 μοῖραν
690 934 825 992 εἶχον,
858 944 989 992 μοῖρα
1022 935 1062 978 δ’
1092 937 1237 979 αὐτῶν
1266 936 1291 990 ἡ
1325 938 1446 991 τρίτη

95 1010 145 1050 τὰ
183 1010 292 1063 πρὸς
330 1010 549 1063 δυόμενον
586 1008 733 1062 ἥλιον,
775 1009 886 1049 ἔνθα
925 1006 997 1049 καὶ
1035 1009 1082 1049 τὸ
1122 1010 1348 1061 βασίλειον
1380 1004 1448 1062 ἧν.

96 1078 325 1135 ἐπράττετο
359 1076 406 1120 δὲ
438 1079 490 1120 τὰ
521 1074 647 1120 πάντ’
690 1078 838 1128 αὐτοῖς
870 1076 939 1119 ἐπὶ
971 1080 1204 1135 πολιορκία
1234 1085 1322 1120 τῶν
1349 1076 1449 1120 Ῥω-

95 1151 238 1204 μαίων
279 1148 587 1204 ἁπανταχόθεν
632 1149 780 1198 αὐτοῖς
823 1148 1243 1204 ἀποκεκλεισμένων.
1305 1149 1450 1203 <256>

24 1232 75 1257 ,15
95 1221 167 1262 καὶ
199 1222 395 1274 Σαβῖνος
428 1220 587 1274 (ἔδεισε
620 1220 704 1275 γὰρ
742 1221 792 1262 τό
831 1235 875 1261 τε
906 1223 1077 1273 πλῆθος
1115 1220 1261 1262 αὐτῶν
1292 1220 1364 1261 καὶ
1396 1220 1449 1261 τὰ

94 1293 354 1346 φρονήματα
392 1290 569 1345 ἀνδρῶν
608 1289 656 1333 ἐν
695 1290 828 1348 ὀλίγῳ
869 1291 917 1332 τὸ
963 1294 1124 1333 θανεῖν
1167 1288 1448 1345 ποιουμένων

94 1361 179 1403 ὑπὸ
211 1367 290 1404 τοῦ
322 1361 536 1415 ἡττᾶσθαι
569 1361 627 1416 μὴ
659 1359 833 1403 ἐθέλειν
866 1359 933 1416 ἐφ’
973 1355 1038 1411 οἷς
1076 1360 1206 1416 ἀρετὴ
1248 1357 1442 1416 κρίνοιθ’

95 1431 149 1473 ἂν
192 1433 240 1474 τὸ
284 1434 431 1486 νικᾶν)
473 1432 735 1487 παραχρῆμά
771 1430 820 1473 θ’
871 1432 929 1481 ὡς
971 1433 1050 1474 τὸν
1089 1428 1240 1487 ’ὃᾶρον
1285 1433 1448 1486 ἔπεμψε

94 1502 345 1558 γράμματα,
375 1501 448 1544 καὶ
478 1504 527 1544 τὸ
561 1503 773 1557 σύνηθες,
807 1502 888 1544 οὐκ
920 1503 1033 1545 ἀνίει
1065 1504 1258 1545 κελεύων
1290 1503 1336 1544 ἐκ
1368 1509 1447 1545 τοῦ

42 1585 75 1611 20
95 1571 216 1624 ὀξέος
246 1575 431 1628 βοηθεῖν
464 1573 521 1622 ὡς
551 1573 765 1615 κινδύνου
798 1575 1004 1627 μεγίστου
1035 1575 1084 1615 τὸ
1116 1572 1447 1628 ἐγκαταληφθὲν

98 1644 343 1699 στράτευμα
374 1646 722 1699 περιεσχηκότος,
758 1644 831 1685 διὰ
863 1646 911 1686 τὸ
944 1646 1001 1699 μὴ
1034 1645 1096 1694 είς
1127 1645 1297 1699 μακρὰν
1330 1644 1448 1686 ε’λπί-

98 1716 184 1765 ζειν
216 1717 598 1768 κατακοπήσεσθαι
628 1712 881 1769 ληφθέντας
912 1714 1084 1765 αὐτούς.
1140 1716 1285 1769 <25ῖ>
1317 1716 1449 1765 αὐτὸς

96 1782 144 1826 δὲ
177 1792 255 1827 τοῦ
286 1787 506 1840 φρουρίου
543 1786 621 1827 τὸν
658 1785 936 1838 ὑψηλότατον
974 1793 1062 1828 τῶν
1099 1787 1281 1840 πύργων
1317 1802 1447 1828 κατα-

95 1857 337 1910 λαβόμενος
370 1855 628 1910 Φασάηλον,
667 1854 737 1897 ἐπὶ
767 1862 869 1911 τιμῇ
908 1863 986 1899 τοῦ
1011 1855 1217 1910 (Ηρώδου
1250 1856 1446 1912 ἀδελφοῦ

41 1937 75 1963 25
97 1927 336 1978 Φασαήλου
370 1924 711 1982 ᾠκοδομημένον
749 1942 794 1968 τε
831 1924 903 1967 καὶ
946 1927 1084 1976 οὕτως
1116 1926 1349 1982 εἰρημένον
1379 1943 1446 1969 τε-

95 1999 248 2050 λευτῆς
278 1996 364 2038 ὑπὸ
393 1998 669 2049 Παρθυαίων
701 1996 816 2053 αὐτῷ
849 1996 1100 2052 γενομένης,
1131 1997 1323 2040 κατέσειε
1355 2006 1446 2048 τοῖς

88 2065 313 2122 Ῥωμαίοις
356 2065 569 2118 ἐπεξιέναι
612 2074 702 2117 τοῖς
741 2065 995 2122 Ἰουδαίοις,
1044 2069 1175 2119 αὐτὸς
1219 2067 1299 2123 μὲν
1344 2067 1440 2111 οὐδ’

94 2138 156 2187 εἰς
204 2139 306 2187 τοὺς
354 2139 512 2192 φίλους
561 2140 734 2192 τολμῶν
783 2137 998 2193 κατιέναι,
1048 2142 1151 2189 τοὺς
1195 2138 1234 2182 δ’
1284 2141 1448 2189 ἄλλους

93 2210 481 2263 προαποθνήσκειν
514 2208 651 2250 αὐτοῦ
682 2214 758 2263 τῆς
782 2209 1035 2260 πλεονεξίας
1060 2211 1254 2253 δικαιῶν.
1300 2211 1446 2265 <258>

41 2290 75 2316 30
93 2278 405 2333 τολμησάντων
445 2275 482 2320 δ’
520 2280 581 2329 εἰς
617 2280 698 2333 τὴν
736 2279 890 2330 ἔξοδον
927 2288 1015 2322 τῶν
1042 2279 1285 2337 Ῥωμαίων,
1330 2281 1442 2336 μα’χη

189 2363 208 2402 ἓ
234 2362 302 2394 257
329 2359 374 2395 cf.
401 2358 494 2395 Bell.
521 2359 600 2395 Iud.
627 2359 660 2393 H
687 2364 718 2404 3,
746 2363 776 2395 2.
