1732 2526
594 36 1031 70 ENNEAKAIAEKATH
1397 38 1480 79 231

225 144 369 198 <145>
411 140 466 197 ἦν
508 140 555 184 δὲ
594 142 841 197 Εὐάρεστος
877 141 1156 197 Ἀρρούντιος
1196 152 1284 186 τῶν
1324 161 1477 200 κηρυτ-

135 215 302 256 τόντων
334 215 385 255 τὰ
416 214 691 267 πωλούμενα,
725 211 795 253 καὶ
829 211 884 254 δι’
918 213 1023 255 αὐτὸ
1055 221 1204 268 φωνῆς
1235 231 1278 256 τε
1305 215 1482 270 μεγέθει

134 285 357 338 χρώμενος
387 282 458 325 καὶ
491 285 688 339 χρήματα
719 282 1087 337 περιβεβλημένος
1120 285 1247 338 ὅμοια
1273 293 1363 335 τοῖς
1382 284 1483 328 Ῥω-

134 357 276 408 μαίων
319 353 680 406 πλουσιωτάτοις,
728 354 914 407 δύναμίς
956 352 991 394 τ’
1039 354 1156 410 αὐτῷ
1202 352 1256 408 ἧν
1301 354 1369 409 ἐφ’
1417 351 1482 406 οἷς

99 423 357 478 ῦέθελήσειε
396 424 658 479 πιπράσκειν
695 424 802 464 κατὰ
840 424 919 477 τὴν
956 426 1088 465 πόλιν
1126 426 1173 465 ε”ν
1210 441 1254 466 τε
1293 431 1351 482 τῷ
1386 429 1481 467 τότε

133 493 216 535 κάν
248 502 338 544 τοῖς
369 495 567 550 ὕστερον.
625 490 751 542 οὗτος
785 492 956 543 διαθεὶς
987 494 1124 536 αὑτὸν
1157 495 1215 544 ὡς
1246 494 1349 549 ἐνῆν
1381 511 1482 537 πεν-

132 566 358 618 θιμώτατα
385 566 528 619 <146>
556 563 715 620 (καίτοι
741 566 857 618 μίσει
883 563 954 605 καὶ
973 561 1075 620 παρ’
1101 565 1306 607 ὁντινοῦν
1328 565 1480 620 ἐχρῆτο

131 635 240 689 πρὸς
272 635 422 688 Γάιον,
455 635 565 676 ἀλλά
597 636 683 689 μὴν
715 637 922 688 κρείττων
954 635 979 688 ἡ
1014 636 1272 677 διδασκαλία
1298 643 1376 678 τοῦ
1402 639 1481 691 φό-

132 706 214 758 βου
247 704 318 746 καὶ
352 708 588 760 στρατηγία
620 704 717 760 περὶ
750 712 829 747 τοῦ
866 706 1194 761 κερδησομένου
1232 707 1311 760 τὴν
1345 720 1480 761 σωτη-

81 787 114 811 10
133 777 235 828 ρίαν
267 782 340 829 τῆς
371 778 432 826 εἰς
462 778 510 818 τὸ
543 777 685 831 παρὸν
717 775 920 832 ἡδονῆς),
961 777 1104 830 (147)
1141 777 1283 818 πάντα
1315 780 1480 832 κόσμον

133 845 418 900 ἐπιτηδεύσας
445 847 502 896 ὡς
528 848 582 888 ἄν
607 863 672 896 τις
697 845 766 888 ἐπὶ
791 854 883 896 τοῖς
909 847 1181 901 τιμιωτάτοις
1209 848 1481 903 παρασκευά-

133 927 254 958 σαιτο
287 916 581 970 ἀπολωλόσιν,
611 921 795 972 θρηνῶν
821 916 1110 971 ἀποσημαίνει
1136 925 1214 960 τοῦ
1241 921 1282 959 Γ
1278 920 1376 959 α’ίόυ
1403 920 1480 960 τὸν

131 987 331 1029 θάνατον
365 985 433 1028 ε’πὶ
466 988 513 1028 τὸ
551 986 743 1041 θέατρον
780 988 1036 1042 παρελθών,
1079 988 1149 1028 καὶ
1189 989 1347 1030 ἔπαυσε
1379 991 1483 1038 τοὺς

132 1056 398 1110 ἀνθρώπους
448 1056 518 1098 ἐπὶ
566 1055 700 1098 πλέον
750 1056 908 1113 ἀγνοίᾳ
952 1056 1356 1113 συμπεριφέρεσθαι
1401 1066 1479 1100 τοῦ

34 1165 39 1168 .
79 1139 112 1164 15
131 1128 376 1180 γεγονότος.
446 1127 601 1180 <148>
653 1127 736 1180 ἤδη
787 1124 835 1167 δὲ
879 1128 1160 1176 καταστείλας
1198 1125 1481 1183 Ἀρρούντιος

130 1195 300 1252 περιῄει
341 1197 573 1238 ἀνακαλῶν
613 1198 715 1246 τοὺς
755 1198 1030 1252 Γερμανούς,
1074 1196 1145 1238 καὶ
1184 1198 1230 1239 οἱ
1263 1201 1480 1254 χιλιάρχοι

131 1269 214 1309 σὺν
256 1267 371 1324 αὐτῷ
414 1268 667 1317 κελεύοντες
707 1270 1024 1309 κατατίθεσθαι
1064 1269 1141 1310 τὸν
1182 1270 1366 1323 σίδηρον
1408 1268 1480 1311 καὶ

131 1338 450 1392 διασαφοῦντες
490 1340 532 1379 Γ
528 1341 628 1380 αΐου
668 1339 749 1392 τὴν
790 1340 1009 1392 τελευτήν.
1071 1338 1216 1394 <149>
1259 1346 1388 1381 τοῦτο
1431 1339 1479 1381 δὲ

131 1407 378 1462 σαφέστατα
410 1410 545 1451 ἔσωσε
576 1411 678 1458 τοὺς
710 1408 757 1450 έν
795 1415 853 1465 τῷ
892 1409 1066 1466 θεάτρῳ
1099 1409 1478 1464 συνειλεγμένους,

75 1490 111 1515 20
130 1477 202 1519 καὶ
227 1479 392 1528 πάντας
418 1481 462 1520 οἳ
484 1478 556 1520 καὶ
583 1479 787 1521 ὁπωσοῦν
813 1486 904 1529 τοῖς
926 1482 1167 1533 Γερμανοῖς
1191 1481 1477 1535 περιτύχοιεν.

130 1549 305 1598 ἐλπίδος
348 1550 430 1604 γὰρ
476 1550 625 1598 αὐτοῖς
667 1548 1022 1604 παραγενομένης
1066 1551 1262 1604 ἔμπνουν
1303 1555 1478 1592 κεῖσθαι

129 1621 206 1661 τὸν
251 1619 384 1661 Γάιον
432 1620 511 1661 οὐκ
559 1618 657 1661 ἔσθ’
709 1616 883 1669 οὗτινος
925 1628 1070 1661 κακῶν
1118 1620 1173 1661 ἂν
1218 1620 1476 1676 ἀπέσχοντο·

129 1690 275 1743 <15Ο>
313 1688 492 1732 τοσόνδ’
536 1689 836 1743 ἐπερίττευσεν
875 1690 1022 1739 αὐτοῖς
1060 1689 1233 1740 εὐνοίας
1263 1698 1338 1746 τῆς
1369 1694 1478 1746 πρὸς

129 1760 285 1814 αὐτόν,
331 1761 388 1810 ὡς
431 1759 513 1801 κᾶν
557 1761 662 1814 μετὰ
703 1766 783 1801 τοῦ
824 1758 925 1802 καθ’
969 1760 1129 1810 αὑτοὺς
1169 1760 1476 1816 ἀπολουμένου

77 1842 110 1868 25
128 1837 203 1885 τῆς
246 1837 387 1886 ψυχῆς
429 1832 674 1884 κτήσασθαι
725 1832 772 1872 τὸ
823 1830 1194 1884 ἀνεπιβούλευτον
1243 1832 1359 1888 αὐτῷ
1404 1832 1475 1875 καὶ

128 1902 316 1957 τοσαύτῃ
351 1902 563 1957 δυστυχίᾳ
588 1901 703 1955 <μὴ>
730 1902 1037 1955 συνεσόμενον.
1087 1901 1230 1956 <151>
1261 1903 1477 1945 παύονται

129 1969 178 2012 δὲ
209 1979 288 2014 τοῦ
321 1972 568 2026 ὠργηκότος
599 1973 660 2021 εἰς
684 1972 764 2026 τὴν
789 1974 1017 2026 τιμωρίαν,
1048 1973 1283 2026 μαθήσεως
1309 1981 1477 2028 σαφοῦς

127 2041 486 2097 παραγενομένης
523 2042 670 2092 αὐτοῖς
708 2040 776 2083 ἐπὶ
813 2048 863 2097 τῇ
902 2045 1078 2097 τελευτῇ
1118 2044 1276 2097 Γαΐου,
1322 2044 1394 2085 διά
1431 2060 1475 2087 τε

127 2113 176 2154 τὸ
209 2113 270 2162 εἰς
301 2112 478 2168 ἀχρεῖον
510 2111 812 2163 ἐπιδείξασθαι
844 2114 892 2154 τὸ
924 2114 1159 2167 πρόθυμον
1187 2119 1261 2167 τῆς
1287 2113 1475 2169 εὐνοίας,

64 2192 110 2218 ’30
129 2181 176 2231 ὃς
213 2182 443 2236 ἀμείψαιτο
477 2183 637 2232 αὐτοὺς
674 2182 973 2238 ἀπολωλότος,
1013 2181 1083 2224 καὶ
1118 2182 1205 2225 δέει
1237 2184 1295 2238 μὴ
1327 2199 1475 2238 περαι-

128 2251 237 2307 τέρω
270 2259 321 2308 τῇ
353 2253 479 2308 ὕβρει
517 2252 756 2308 χρωμένων
794 2253 1032 2309 ἐπιστροφὴ
1072 2252 1244 2307 γένοιτο
1284 2254 1367 2296 ὑπὸ
1400 2262 1475 2309 τῆς

1511 157 1552 188 18
