1732 2526
229 76 311 118 158
721 77 1083 113 ΑΡΧΑΙΟΛΟΓΙΑΣ

225 187 467 240 μεταβολῆς
520 184 759 240 γενομένης
809 186 870 235 εἰς
918 186 1148 239 πράγματα
1199 183 1398 239 ἐμπεσὼν
1449 201 1576 239 μετα-
1622 221 1627 225 .

223 263 357 298 νοεῖν.
389 256 534 310 <119>
559 255 631 297 καὶ
658 256 680 298 ὃ
707 254 788 311 μὲν
813 256 980 312 ὑποψία
1012 253 1282 310 τῇἹΙρώδου
1310 254 1486 310 δέσμιος
1514 257 1576 306 εἰς

224 328 545 381 Μαχαιροῦντα
576 328 829 383 ζπεμφθείς,
874 328 921 369 τὸ
966 325 1289 381 προειρημένον
1339 327 1572 382 φρούριον,

223 398 358 452 ταύτῃ
384 399 627 440 κτίννυται·
662 405 753 447 τοῖς
780 395 827 439 δὲ
848 394 1082 446 Ἰουδαίοις
1108 396 1257 447 ἔδοξεν
1288 395 1356 438 ἐπὶ
1388 399 1574 454 τιμωρία

222 474 271 523 τῇ
307 468 476 510 ἐκείνου
508 469 586 510 τὸν
620 470 810 523 ὄλεθρον
845 466 913 509 ἐπὶ
945 474 1004 524 τςό
1034 468 1322 523 στρατεύματι
1349 466 1574 524 γενέσθαι,

221 544 300 580 τοῦ
331 542 444 580 θεοῦ
475 546 669 580 κακῶσαι
695 537 902 593 Ἡρώδην
934 536 1156 588 θέλοντος.

222 593 292 612 st
311 610 456 664 <120>
484 605 708 659 ’διτέλλιος
751 607 799 651 δὲ
835 609 1280 664 παρασκευασάμενος
1313 610 1370 659 ὡς
1402 611 1463 659 είς
1494 612 1572 652 πό-

221 683 355 734 λεμον
387 681 464 722 τὸν
495 681 604 736 πρὸς
630 679 809 734 Ἀρέταν
841 679 943 722 δυσὶ
975 680 1189 734 τάγμασιν
1229 681 1435 735 ὁπλιτῶν,
1474 681 1570 723 ὅσοι

219 767 264 792 τε
297 750 397 807 περὶ
430 750 538 792 αὐτὰ
570 750 693 802 ψιλοὶ
731 749 803 793 καὶ
843 751 986 801 ἱππεῖς
1027 758 1371 806 συμμαχοῦντες,
1405 750 1451 793 ἐκ
1483 758 1570 794 τῶν

220 822 305 863 ὑπὸ
320 820 546 876 Ῥωμαίοις
570 824 807 877 βασιλειῶν
835 821 1048 877 ἀγόμενος
1075 820 1143 864 ἐπὶ
1163 828 1237 876 τῆς
1258 821 1429 878 Πέτρας
1450 822 1570 876 ἠπεί-

220 908 333 947 γετο,
360 891 432 934 καὶ
464 895 560 948 ἔσχε
593 894 884 948 Πτολεμαΐδα.
930 893 1074 947 <121>
1106 891 1348 950 ὡρμημένῳ
1382 891 1421 934 δ’
1453 893 1569 951 αὐτῷ

219 964 292 1004 διὰ
332 969 404 1018 τῆς
438 962 666 1006 Ἰουδαίων
710 965 835 1018 ἄγειν
874 966 952 1007 τὸν
993 965 1181 1020 στρατὸν
1226 964 1572 1015 ὑπαντιάσαντες

219 1035 377 1090 ἄνδρες
403 1035 449 1077 οἱ
470 1042 635 1091 πρῶτοι
661 1041 937 1091 παρῃτοῦντο
964 1036 1044 1090 τὴν
1072 1036 1145 1077 διὰ
1172 1041 1247 1090 τῆς
1271 1036 1415 1091 χώρας
1444 1035 1569 1078 ὁδόν·

219 1105 272 1148 οὐ
304 1106 386 1161 γὰρ
421 1105 568 1156 αὐτοῖς
600 1103 713 1148 εἶναι
744 1106 930 1161 πάτριον
962 1112 1173 1162 περιορᾶν
1207 1107 1378 1156 εἰκόνας
1407 1107 1468 1156 είς
1494 1106 1571 1148 αὐ-

217 1178 298 1232 τὴν
331 1176 590 1232 φερομένας,
621 1178 784 1227 πολλὰς
818 1176 855 1219 δ’
897 1174 1008 1219 εἶναι
1041 1179 1245 1232 σημαίαις
1285 1175 1569 1232 ἐπικειμένας.

216 1248 361 1302 <122>
399 1247 470 1290 καὶ
508 1247 706 1298 πεισθεὶς
744 1246 954 1303 μετέβαλέ
990 1263 1034 1290 τε
1073 1254 1147 1302 τῆς
1194 1249 1371 1302 γνώμης
1411 1249 1459 1290 τὸ
1498 1247 1569 1290 ἐπὶ

216 1320 432 1368 τοιούτοις
463 1321 814 1374 προβουλεῦσαν,
847 1318 918 1361 καὶ
952 1320 1025 1360 διὰ
1063 1326 1142 1361 τοῦ
1180 1319 1373 1374 μεγάλου
1412 1319 1568 1362 πεδίου

214 1391 422 1439 κελεύσας
453 1397 612 1445 χωρεῖν
645 1392 692 1432 τὸ
727 1391 1037 1445 στρατόπεδον,
1071 1390 1202 1440 αὐτὸς
1234 1391 1340 1444 μετὰ
1363 1387 1567 1446 (Ηρώδου

214 1468 294 1503 τοῦ
326 1461 564 1517 τετράρχου
597 1459 669 1503 καὶ
708 1468 795 1502 τῶν
835 1464 980 1515 φίλων
1019 1462 1080 1510 είς
1111 1459 1395 1515 Ἱεροσόλυμα
1427 1458 1569 1517 ἀνῄει,

215 1534 372 1574 θύσων
403 1538 461 1590 τῷ
495 1537 604 1589 θεῷ,
631 1530 781 1588 ἑορτῆς
806 1534 992 1587 πατρίου
1018 1538 1109 1582 τοῖς
1130 1528 1361 1582 Ἰουδαίοις
1395 1531 1567 1586 ἐνεστη-

214 1606 350 1653 κυίας.
411 1603 557 1658 <123>
590 1604 652 1652 είς
684 1603 739 1656 ἣν
771 1602 1020 1657 ἀπαντήσας
1051 1601 1123 1644 καὶ
1157 1601 1331 1657 δεχθεὶς
1368 1603 1453 1644 ὑπὸ
1485 1608 1565 1645 τοῦ

214 1682 302 1716 τῶν
340 1673 573 1717 Ἰουδαίων
611 1675 811 1727 πλήθους
851 1673 1086 1729 ἐκπρεπῶς,
1129 1681 1245 1728 τρεῖς
1282 1671 1364 1728 μὲν
1404 1671 1566 1729 ἡμέρας

214 1746 348 1800 ταύτῃ
383 1745 612 1800 διατριβὴν
644 1752 846 1798 ποιεῖται,
880 1744 927 1786 ἐν
961 1739 1029 1794 αἷς
1057 1742 1276 1799 Ἰωνάθην
1308 1745 1388 1799 τὴν
1421 1743 1563 1799 ἀρχιε-

214 1817 420 1871 ρωσύνην
461 1815 731 1870 ἀφελόμενος
768 1815 992 1870 ἐγχειρίζει
1029 1814 1231 1872 τάδελφῷ
1271 1815 1407 1857 αὐτοῦ
1455 1816 1562 1856 Θεο-

213 1889 343 1944 φίλῳ,
375 1886 520 1939 <124>
552 1892 601 1941 τῇ
634 1886 814 1941 τετάρτῃ
846 1883 894 1927 δὲ
926 1886 1194 1941 γραμμάτων
1226 1885 1342 1942 αὐτῷ
1374 1899 1562 1941 παραγε-

212 1955 412 2011 νομένων
447 1957 472 1998 ἑὶ
505 1956 665 2010 ἐδήλου
697 1957 778 2011 τὴν
817 1958 1021 2011 Τιβερίου
1048 1958 1270 2010 τελευτήν,
1296 1957 1454 2010 ὥρκισε
1481 1956 1561 2010 τὴν

211 2029 390 2082 πληθὺν
437 2024 501 2068 ἐπ’
552 2027 705 2083 εὐνοία
748 2033 798 2082 τῇ
845 2029 993 2069 Γαΐου.
1063 2027 1264 2069 ἀνεκάλει
1309 2024 1358 2068 δὲ
1398 2025 1470 2068 καὶ
1510 2028 1559 2068 τὸ

212 2099 457 2153 στράτευμα
490 2096 558 2139 ἐπὶ
590 2099 642 2139 τὰ
674 2099 813 2140 οἰκεῖα
846 2096 1031 2140 ἑκάστου
1056 2099 1402 2154 χειμαδιοῦντος,
1432 2099 1559 2140 πόλε-

212 2185 296 2224 μον
342 2167 541 2225 ἐκφέρειν
586 2167 735 2211 οὐκέθ’
787 2169 948 2224 ὁμοίως
993 2169 1238 2224 δυνάμενος
1282 2169 1355 2210 διὰ
1404 2170 1452 2211 τὸ
1496 2169 1558 2218 εἰς

1590 837 1624 863 10

1591 1191 1623 1217 15

1587 1545 1621 1571 20

1581 1896 1614 1924 25

212 2241 349 2283 Γάιον
390 2239 768 2295 μεταπεπτωκέναι
806 2241 857 2281 τὰ
894 2240 1136 2296 πράγματα.
1199 2240 1343 2294 <125>
1387 2237 1556 2293 ἐλέγετο
1577 2251 1613 2277 30

213 2308 261 2352 δὲ
293 2310 365 2353 καὶ
396 2313 473 2354 τὸν
489 2310 666 2367 Ἀρέταν
693 2312 1162 2367 οἰωνοσκοπησάμενον
1187 2313 1296 2367 πρὸς
1321 2311 1400 2365 τὴν
1432 2309 1558 2365 ἀγγε-
