1732 2526
714 90 826 122 ΒῐοΣ
1362 87 1447 128 333

44 164 95 240 l
98 195 237 251 μένην
274 203 349 250 τῆς
388 198 642 249 Γαλιλαίας,
687 195 823 237 αὐτοῦ
866 194 903 236 δ’
949 194 1198 250 ἀπέχουσαν
1240 194 1449 248 ἑξήκοντα

98 268 325 316 σταδίους,
365 268 555 319 [νυκτὸς]
595 266 831 319 ἀναλαβὼν
869 268 972 315 τοὺς
1010 265 1164 307 ἑκατὸν
1198 268 1340 315 ἱππεῖς
1372 266 1449 315 οὓς

96 334 183 392 εἶχε
218 339 301 380 σὺν
334 337 467 393 αὑτῷ,
499 339 574 378 καί
602 353 725 386 τινας
755 338 909 387 πεζοὺς
940 335 1038 390 περι
1071 338 1342 385 διακοσίους,
1377 335 1448 377 καὶ

95 410 198 457 τοὺς
243 408 289 449 ἑν
334 410 458 463 Γαβᾷ
500 409 626 449 πόλει
672 414 984 456 κατοικοῦντας
1029 407 1297 461 ἐπαγόμενος
1342 418 1449 461 συμ-

60 478 280 532 5μάχους,
324 479 482 527 νυκτὸς
528 477 712 527 ὁδεύσας
752 474 859 531 ἧκεν
903 479 965 526 εἰς
1008 478 1088 531 τὴν
1132 478 1284 531 κώμην
1330 477 1377 518 ἐν
1422 473 1448 532 ἧ

96 548 330 603 διέτριβον.
393 549 538 602 <116>
580 547 1041 603 ἀντιπαραταξαμένου
1081 546 1129 590 δὲ
1169 547 1311 602 κάμοῦ
1344 549 1449 601 μετὰ

95 620 325 673 δυνάμεως
356 623 535 673 πολλῆς,
561 619 583 661 ὁ
617 617 697 673 μὲν
723 620 961 673 Αἰβούτιος
986 621 1048 668 εἰς
1073 621 1121 661 τὸ
1153 620 1308 660 πεδίον
1340 618 1449 660 ὑπά-

95 704 190 742 γειν
222 690 334 744 ἡμᾶς
366 690 566 744 ἐπειρᾶτο
600 689 793 745 (σφόδρα
819 691 902 745 γὰρ
928 697 1020 739 τοῖς
1047 691 1251 731 ἱππεῦσιν
1278 689 1448 730 ἐπεποί-

93 759 209 815 offa),
249 761 302 802 οὐ
334 761 420 815 μὴν
454 761 782 815 ὑπηκούσαμεν·
828 761 913 814 ε’γὼ
955 762 1037 815 γὰρ
1070 762 1118 802 τὸ
1151 759 1449 814 πλεονέκτημα

43 847 74 871 10
96 831 293 872 συνιδὼν
319 833 368 873 τὸ
394 833 693 885 γενησόμενον
718 838 809 880 τοῖς
836 832 1054 876 ἱππεῦσιν,
1088 833 1128 872 εἰ
1152 833 1448 885 καταβαίημεν

95 902 157 951 είς
183 903 232 943 τὸ
258 903 412 944 πεδίον
439 901 577 958 (πεζοὶ
603 903 686 957 γὰρ
713 902 835 956 ἡμεῖς
862 903 1109 956 σύμπαντες
1134 899 1280 955 ἦμεν),
1305 904 1448 955 ἔγνων

95 971 232 1013 αὐτοῦ
264 979 356 1021 τοῖς
387 974 612 1026 πολεμιόις
639 972 887 1014 συνάπτειν.
943 973 1088 1025 <11ῖ>
1120 971 1192 1013 καὶ
1218 971 1343 1026 μέχρι
1370 970 1449 1025 μέν

95 1058 214 1091 τινος
246 1045 460 1095 γενναίως
491 1042 670 1098 ἀντέσχε
704 1045 787 1084 σὺν
819 1050 910 1092 τοῖς
941 1042 1040 1097 περὶ
1072 1042 1208 1085 αὑτὸν
1235 1043 1257 1084 ὁ
1284 1043 1450 1096 Αἰβού-

94 1125 202 1161 τιος·
248 1111 427 1167 ἀχρεῖον
467 1111 508 1154 δ’
549 1113 665 1166 ὁρῶν
702 1114 809 1155 κατὰ
841 1115 918 1155 τὸν
949 1115 1085 1155 τόπον
1118 1119 1278 1155 τοῦτον
1311 1110 1450 1155 οὖσαν

44 1199 76 1224 15
97 1183 213 1239 αὑτῷ
256 1183 336 1236 τὴν
383 1183 564 1237 ἱππικὴν
608 1183 820 1236 δύναμιν,
865 1182 1187 1236 ἀναζεύγνυσιν
1232 1184 1451 1237 ἄπρακτος

95 1254 158 1303 εἰς
198 1253 349 1306 Γαβὰν
388 1255 540 1307 πόλιν,
581 1261 697 1307 τρεῖς
738 1254 903 1306 ἄνδρας
944 1253 1181 1308 ἀποβαλὼν
1222 1255 1330 1296 κατὰ
1370 1255 1450 1308 τὴν

95 1324 252 1379 μάχην.
307 1324 452 1378 <118>
483 1324 669 1378 εἱπόμην
703 1321 750 1365 δὲ
776 1325 884 1365 κατὰ
910 1325 1049 1373 πόδας
1075 1324 1176 1379 ἐγώ,
1208 1326 1451 1380 δισχιλίους

96 1394 367 1449 ἐπαγόμενος
407 1394 603 1443 ὁπλίτας·
647 1396 719 1436 καὶ
759 1394 858 1448 περὶ
900 1396 1111 1448 Βησαρὰν
1154 1397 1286 1437 πόλιν
1326 1398 1450 1448 γενό-

96 1480 227 1519 μενος
265 1465 312 1507 ἐν
353 1467 547 1522 μεθορίῳ
585 1471 662 1518 τῆς
700 1466 1004 1518 Πτολεμαΐδος
1041 1465 1268 1520 κειμένην,
1311 1471 1451 1509 εἴκοσι

43 1551 77 1576 20
97 1535 136 1578 δ’
185 1535 436 1592 ἀπέχουσαν
481 1536 636 1577 στάδια
680 1542 754 1589 τῆς
797 1538 964 1590 Γαβᾶς,
1009 1538 1120 1578 ἔνθα
1165 1536 1383 1591 διέτριβεν
1428 1536 1450 1578 ὁ

95 1608 351 1661 Αἰβούτιος,
399 1609 559 1661 στήσας
599 1608 701 1656 τοὺς
745 1607 924 1656 ὁπλίτας
967 1607 1134 1657 ἔξωθεν
1175 1614 1251 1661 τῆς
1291 1609 1451 1663 κώμης,

95 1677 169 1719 καὶ
213 1685 429 1733 φρουρεῖν
474 1678 622 1727 αὐτοῖς
668 1677 874 1732 ἀσφαλῶς
917 1679 992 1727 τὰς
1033 1679 1166 1727 ὁδοὺς
1207 1680 1452 1734 προστάξας

96 1746 208 1802 ὑπὲρ
241 1755 319 1790 τοῦ
357 1749 414 1803 μὴ
451 1748 684 1804 ἐνοχλῆσαι
721 1750 824 1796 τοὺς
862 1751 1098 1802 πολεμιόυς
1134 1750 1240 1803 ἡμῖν
1279 1750 1359 1800 ἕως
1396 1750 1451 1792 ἂν

95 1820 175 1860 τὸν
218 1827 340 1861 σῖτον
379 1819 695 1874 ἐκφορήσωμεν
736 1820 892 1872 <119>
934 1818 1092 1874 (πολὺς
1127 1821 1211 1874 γὰρ
1250 1820 1450 1863 ἀπέκειτο

42 1902 76 1928 25
96 1891 334 1944 Βερενίκης
366 1895 441 1942 τῆς
473 1891 701 1942 βασιλίδος
733 1889 779 1931 ἐκ
810 1897 898 1931 τῶν
929 1889 1052 1944 πέριξ
1087 1898 1247 1945 κωμῶν
1279 1893 1340 1941 εἰς
1371 1894 1451 1946 τὴν

95 1961 306 2014 Βησαρὰν
341 1962 705 2014 συλλεγόμενος),
745 1961 977 2014 πληρώσας
1014 1961 1090 2010 τὰς
1126 1962 1348 2015 καμήλους
1378 1962 1451 2004 καὶ

96 2033 200 2080 τοὺς
232 2032 362 2080 ὄνους
395 2029 606 2087 (πολλοὺς
632 2030 671 2072 δ’
704 2029 946 2085 ἐπηγόμην)
981 2030 1197 2085 διέπεμψα
1223 2035 1300 2074 τὸν
1327 2040 1450 2074 σῖτον

96 2102 158 2151 εἰς
194 2102 274 2155 τὴν
307 2103 559 2143 Γαλιλαίαν.
623 2102 778 2154 <120>
815 2107 944 2142 τοῦτο
979 2099 1027 2143 δὲ
1063 2102 1228 2155 πράξας
1258 2118 1450 2157 προυκα-

97 2172 268 2226 λούμην
300 2173 362 2221 εἰς
394 2172 536 2227 μάχην
576 2173 655 2214 τὸν
686 2172 942 2226 Αἰβούτιον.
1005 2172 1084 2227 οὐχ
1117 2173 1450 2224 ὑπακούσαντος

45 2254 80 2279 30
99 2241 137 2284 δ’
172 2242 345 2285 ἐκείνου
371 2242 714 2298 (κατεπέπληκτο
740 2243 823 2296 γὰρ
849 2243 930 2296 τὴν
956 2242 1169 2297 ἡμετέραν
1196 2243 1451 2300 ἑτοιμότητα

98 2312 170 2354 καὶ
202 2314 250 2355 τὸ
282 2311 471 2368 θράσος)
504 2312 573 2355 ἐπὶ
600 2315 934 2355 Νεοπολιτανὸν
967 2313 1233 2369 ἐτραπόμην,
1265 2316 1345 2369 τὴν
1379 2318 1450 2357 Τι-
