1732 2526
180 64 267 106 282
670 68 1031 102 APXAJOAOPIAE

179 177 344 214 θᾶττον
385 172 561 223 ἐλπίδος
602 172 786 230 (ὥδευσε
824 176 907 231 γὰρ
946 174 1208 231 συντόνως),
1252 175 1558 230 βαλλομένου·

179 258 224 284 τε
261 244 428 298 χάρακα
468 245 578 299 πρὸς
617 251 676 301 τῷ
717 252 895 303 ποταμῷ
938 253 997 304 τῷ
1038 248 1118 301 τὴν
1151 245 1416 301 Ἀδιαβηνὴν
1456 245 1528 288 καὶ

180 315 260 367 τὴν
291 315 474 368 Μηδίαν
508 315 712 371 ὁρίζοντι,
742 319 893 371 τίθησι
925 315 995 358 καὶ
1029 317 1051 359 ὁ
1081 313 1238 370 Ἰζάτης
1269 318 1317 359 τὸ
1350 319 1530 372 στρατό-

178 385 316 427 πεδον
348 385 429 427 οὐκ
461 386 657 441 ἄπωθεν,
690 389 801 442 ἔχων
832 387 933 442 περὶ
958 388 1093 430 αὑτὸν
1127 388 1270 437 ἱππεῖς
1297 389 1375 430 τὸν
1402 387 1530 443 ἀριθ-

179 456 264 509 μὸν
314 454 642 511 ἑξακισχιλίους.
722 459 849 512 <87>
900 458 1146 513 ἀφικνεῖται
1198 456 1245 500 δὲ
1294 459 1402 514 πρὸς
1452 458 1529 500 τὸν
1566 471 1582 498 5

175 523 338 580 Ἰζάτην
375 527 558 580 ἄγγελος
594 529 711 583 παρὰ
749 534 827 570 τοῦ
859 529 1050 583 Πάρθου
1089 531 1326 583 πεμφθείς,
1372 528 1419 578 ὃς
1450 528 1530 582 τὴν

179 596 371 649 Πάρθου
404 598 595 652 δύναμιν
627 598 706 652 ὅση
738 601 802 648 τίς
834 598 953 641 ἐστιν
983 600 1209 653 ἤγγελλεν,
1242 597 1314 640 ἀπ’
1351 598 1530 654 Εὐφρά-

178 683 256 708 του
288 675 488 722 ποταμοῦ
526 667 651 723 μέχρι
683 669 894 724 Βάκτρων
932 672 1035 719 τοὺς
1072 670 1204 723 ὅρους
1242 669 1374 723 αὐτῆς
1411 667 1530 710 τιθέ-

179 752 329 792 μενος,
369 737 442 779 καὶ
473 740 576 788 τοὺς
606 739 829 792 ὑπηκόους
861 740 993 794 αὐτῆς
1024 739 1228 794 βασιλέας
1265 738 1528 792 καταλέγων.

178 808 293 861 <88>
331 808 496 861 ἠπείλει
537 806 586 850 δὲ
625 810 783 851 δώσειν
823 810 956 852 αὐτὸν
997 812 1119 860 δίκας
1156 811 1392 866 ἀχάριστον
1429 808 1528 865 περὶ
1550 824 1583 850 10

180 880 392 928 δεσπότας
436 881 538 929 τοὺς
583 878 742 922 ἑαυτοῦ
786 883 1050 935 γενόμενον,
1095 879 1168 922 καὶ
1213 881 1400 936 ῥύεσθαι
1443 887 1532 922 τῶν

179 948 393 1003 βασιλέως
425 949 560 992 αὐτὸν
592 958 751 1005 χειρῶν
784 948 889 992 οὐδὲ
919 952 995 993 τὸν
1021 952 1131 993 θεὸν
1165 950 1217 993 ὃν
1249 950 1366 1005 σέβει
1398 951 1532 1005 δυνή-

180 1024 350 1061 σεσθαι.
401 1020 516 1075 <89>
549 1026 684 1062 ταῦτα
708 1027 788 1063 τοῦ
815 1020 1003 1075 ἀγγέλου
1029 1021 1295 1077 φράσαντος,
1328 1021 1350 1063 ὁ
1372 1019 1533 1074 Ἰζάτης

179 1090 343 1132 εἰδέναι
382 1088 462 1144 μὲν
500 1092 581 1145 τὴν
614 1091 815 1146 Πάρθων
855 1092 1046 1146 δύναμιν
1087 1093 1169 1146 ἔφη
1201 1093 1314 1133 πολὺ
1347 1097 1423 1145 τῆς
1455 1091 1532 1133 αὑ-

178 1167 257 1203 τοῦ
297 1160 618 1216 διαφέρουσαν,
657 1164 919 1216 γιγνώσκειν
958 1161 996 1204 δ’
1035 1159 1117 1204 οὖν
1155 1163 1217 1203 ε”τι
1255 1165 1423 1216 μᾶλλον
1455 1161 1529 1203 o’cv-
1549 1177 1583 1203 15

177 1233 374 1286 θρώπων
400 1233 578 1274 πάντων
604 1234 723 1286 ἔλεγε
750 1236 928 1286 κρείττω
955 1234 1031 1275 τὸν
1057 1235 1180 1274 θεόν.
1224 1230 1295 1274 καὶ
1321 1233 1530 1286 τοιαύτην

179 1304 285 1351 δοὺς
327 1303 409 1356 τὴν
454 1302 687 1356 ἀπόκρισιν
733 1302 802 1345 ἐπὶ
846 1304 926 1357 τὴν
978 1304 1164 1345 ἱκετείαν
1208 1302 1408 1358 ἐτρέπετο
1451 1308 1531 1345 τοῦ

178 1379 310 1427 θεοῦ,
346 1376 486 1428 χαμαί
517 1390 563 1415 τε
595 1374 726 1427 ῥίψας
759 1374 893 1416 αὑτὸν
930 1372 1002 1415 καὶ
1042 1375 1190 1430 σποδῷ
1223 1374 1303 1428 τὴν
1335 1374 1531 1428 κεφαλὴν

178 1444 470 1499 καταισχύνας
519 1445 624 1498 μετὰ
674 1452 897 1498 γυναικῶν
946 1444 1018 1486 καὶ
1067 1443 1234 1486 τέκνων
1284 1443 1531 1498 ἐνήστευεν,

179 1515 411 1556 ἀνακαλῶν
444 1515 522 1556 τὸν
553 1516 663 1557 θεὸν
694 1513 767 1556 καὶ
804 1514 945 1569 λέγων
983 1515 1097 1569 <90>
1133 1515 1188 1557 ‘a’
1217 1516 1274 1569 μὴ
1307 1515 1463 1569 μάτην,
1495 1511 1528 1556 ὦ
1549 1529 1583 1555 20

181 1584 369 1627 δέσποτα
410 1586 554 1641 κύριε,
598 1592 673 1639 τῆς
714 1592 790 1640 σῆς
832 1586 1046 1640 ἐγενόμην
1089 1587 1400 1641 χρηστότητος,
1442 1592 1531 1627 τῶν

179 1656 358 1698 πάντων
392 1654 439 1698 δὲ
479 1657 658 1705 δικαίως
689 1659 828 1711 μόνον
861 1658 1077 1711 δεσπότην
1116 1655 1187 1698 καὶ
1219 1664 1394 1711 πρῶτον
1426 1656 1532 1710 ἥγη-

181 1743 256 1780 μαι
287 1727 537 1781 προνοητὴν
570 1725 641 1768 καὶ
673 1728 850 1781 κύριον,
889 1725 992 1768 ἐλθὲ
1025 1728 1270 1782 σύμμαχος,
1309 1726 1388 1781 οὐχ
1420 1723 1529 1781 ὑπὲρ

182 1796 289 1850 ἐμοῦ
322 1798 461 1850 μόνον
493 1796 799 1851 ἀμυνούμενος
830 1799 931 1846 τοὺς
956 1794 1207 1851 πολεμίους,
1239 1795 1332 1838 ἀλλ’
1365 1796 1431 1838 ὅτι
1459 1794 1531 1838 καὶ

180 1874 256 1921 τῆς
288 1873 365 1920 σῆς
391 1867 619 1921 δυνάμεως
644 1869 1039 1921 κατατετολμήκασι
1069 1865 1141 1908 καὶ
1168 1868 1531 1921 μεγαλορρήμονα
1551 1881 1584 1906 25

180 1941 386 1991 γλῶσσαν
413 1936 644 1992 ἐπαφιέναι
672 1937 724 1979 οὐ
757 1937 1050 1992 πεφρίκασινῖ
1103 1938 1157 1990 <9
1168 1937 1217 1990 L>
1252 1936 1274 1978 ὃ
1301 1934 1381 1991 μὲν
1406 1936 1524 1979 ταῦτ’

181 2007 410 2050 ἐποτνιᾶτο
439 2009 646 2063 δακρύων
671 2007 743 2049 καὶ
771 2009 1055 2063 ὀδυρόμενος,
1089 2007 1273 2062 ἐπήκοος
1306 2005 1345 2048 δ’
1378 2007 1400 2050 ὁ
1426 1998 1532 2058 θεὸς

182 2078 393 2132 ἐγίγνετο,
418 2077 490 2119 καὶ
515 2077 606 2120 κατ’
640 2078 812 2132 ἐκείνην
838 2078 977 2127 εὐθὺς
1002 2079 1082 2132 τὴν
1108 2078 1244 2120 νύκτα
1277 2077 1324 2119 ἐν
1356 2073 1382 2132 ᾗ
1409 2078 1528 2120 ταῦτ’

184 2148 349 2198 ἐκεῖνος
380 2148 541 2202 ἐδεῖτο,
583 2148 818 2203 δεξάμενος
847 2147 1094 2202 ’ὅολογέσης
1127 2148 1354 2198 ἐπιστολὰς
1385 2147 1432 2189 ἐν
1464 2143 1532 2198 αἷς

182 2218 421 2273 ἐγέγραπτο
454 2222 591 2261 Δαῶν
623 2218 695 2261 καὶ
727 2223 888 2261 Σακῶν
920 2227 1044 2274 χεῖρα
1076 2219 1284 2273 μεγάλην,
1314 2234 1530 2274 καταφρο-
1552 2233 1587 2258 ³0

180 2292 379 2345 νήσασαν
412 2290 549 2332 αὐτοῦ
581 2296 630 2345 τῇ
665 2289 901 2347 ἀποδημία,
929 2287 1378 2344 ἐπιστρατευσαμένην
1410 2290 1533 2346 διαρ-
