1732 2526
244 49 329 91 316
798 50 1028 84 ΙΩΣΗΠΟΤ

243 160 367 213 γεσία
410 157 544 212 ταύτῃ
588 157 732 211 τυχὼν
769 157 885 212 παρὰ
927 163 1002 211 τῆς
1041 159 1272 206 Ποππαίας
1315 155 1588 211 ὑπέστρεφον

245 227 313 269 ἐπὶ
345 228 424 282 τὴν
457 229 634 269 οἰκείαν.

333 299 446 352 <17>
477 298 794 351 καταλαμβάνω
828 295 866 339 δ’
898 299 982 352 ἤδη
1008 304 1312 352 νεωτερισμῶν
1344 296 1492 352 ἀρχάς,
1517 297 1589 339 καὶ

243 370 435 418 πολλοὺς
467 367 535 409 ἐπὶ
567 374 617 423 τῇ
643 366 865 422 Ῥωμαίων
898 368 1132 410 ἀποστάσει
1159 366 1267 421 μέγα
1299 373 1588 423 φρονοῦντας.

245 438 550 481 καταστέλλειν
577 435 658 481 οὖν
687 438 930 494 ἐπειρώμην
957 440 1058 487 τοὺς
1084 439 1340 487 στασιώδεις
1364 436 1436 479 καὶ
1463 453 1588 492 μετα-

244 518 366 552 νοεῖν
399 511 595 563 ἔπειθον,
626 508 949 563 ποιησαμένους
980 510 1063 563 πρὸ
1098 509 1345 563 ὀφθαλμῶν
1377 510 1484 563 πρὸς
1512 509 1590 559 οὓς

244 582 588 634 πολεμήσουσιν,
620 580 685 620 ὅτι
711 578 936 634 Ῥωμαίων
969 580 1022 621 οὐ
1054 577 1146 620 κατ’
1185 579 1411 633 ἐμπειρίαν
1450 581 1590 633 μόνον

244 652 486 705 πολεμικὴν
518 650 628 691 ἀλλὰ
659 648 730 691 καὶ
762 649 854 691 κατ’
892 651 1098 705 εὐτυχίαν
1142 650 1437 701 ἐλαττοῦνται,
1474 651 1589 705 <18>

243 720 315 763 καὶ
349 722 406 775 μὴ
433 728 656 775 προπετῶς
687 719 758 761 καὶ
783 721 1060 762 παντάπασιν
1086 720 1282 775 ἀνοήτως
1306 721 1492 775 πατράσι
1518 720 1590 763 καὶ

244 799 415 845 γενεαῖς
445 790 517 832 καὶ
550 793 703 844 σφίσιν
736 790 883 840 αὐτοῖς
914 792 991 832 τὸν
1029 790 1127 845 περὶ
1165 799 1252 832 τῶν
1292 791 1484 845 ἐσχάτων
1514 807 1589 833 κα-

244 870 334 903 κῶν
365 862 578 903 κίνδυνον
612 860 802 914 ἐπάγειν.
857 861 972 914 <19>
1005 868 1140 902 ταῦτα
1167 860 1206 902 δ’
1242 863 1393 914 ἔλεγον
1424 860 1496 903 καὶ
1527 865 1590 903 λι-

243 939 392 986 παρῶς
424 931 648 985 ἐνεκείμην
681 930 952 985 ἀποτρέπων,
991 931 1338 986 δυστυχέστατον
1376 931 1480 986 ἡμῖν
1511 939 1591 975 τοῦ

243 1002 438 1056 πολέμου
482 1002 530 1043 τὸ
571 1000 693 1051 τέλος
727 1005 995 1055 γενήσεσθαι
1032 1003 1353 1057 προορώμενος.
1416 1003 1470 1045 οὐ
1504 1005 1590 1057 μὴν

245 1076 413 1115 ἔπεισα·
464 1074 577 1114 πολὺ
615 1073 702 1127 πὰρ
747 1072 772 1125 ἡ
817 1081 904 1114 τῶν
949 1072 1291 1126 ἀπονοηθέντων
1329 1073 1590 1129 ἐπεκράτησε

245 1147 390 1198 μανία.

335 1215 450 1269 <20>
495 1216 641 1263 δείσας
685 1211 766 1256 οὖν
811 1216 868 1269 μὴ
912 1222 1046 1257 ταῦτα
1097 1223 1289 1270 συνεχῶς
1332 1215 1472 1269 λέγων
1517 1217 1590 1258 διὰ

246 1287 402 1339 μίσους
439 1284 680 1340 ἀφικοίμην
716 1284 788 1326 καὶ
825 1286 1016 1335 ὑποψίας
1060 1286 1118 1335 ὡς
1155 1287 1206 1326 τὰ
1244 1293 1331 1327 τῶν
1368 1290 1590 1340 πολεμίων

245 1363 442 1410 φρονῶν,
483 1354 554 1396 καὶ
592 1356 868 1397 κινδυνεύσω
908 1355 1095 1410 ληφθεὶς
1133 1355 1206 1397 ὑπ’
1242 1357 1387 1398 αὐτῶν
1419 1357 1591 1411 ἀναιρε-

244 1430 396 1480 θῆναι,
425 1425 632 1480 ἐχομένης
657 1427 741 1480 ἤδη
767 1432 842 1480 τῆς
862 1422 1112 1481 Ἀντωνίας,
1138 1427 1244 1482 ὅπερ
1276 1424 1331 1481 ἦν
1357 1428 1591 1482 φρούριον,

245 1498 306 1545 εἰς
337 1497 385 1537 τὸ
420 1495 633 1551 ἐνδοτέρω
669 1497 789 1550 ἱερὸν
821 1497 1093 1552 ὑπεχώρησα.
1145 1498 1259 1551 <21>
1286 1498 1390 1552 μετὰ
1422 1495 1470 1539 δὲ
1511 1499 1591 1552 τὴν

246 1567 474 1620 ἀναίρεσιν
507 1569 759 1622 Μαναήμου
790 1566 863 1609 καὶ
894 1575 982 1609 τῶν
1019 1569 1204 1622 πρώτων
1236 1575 1314 1610 τοῦ
1355 1571 1591 1622 λῃστρικοῦ

247 1639 444 1691 στίφους,
476 1637 730 1688 ὑπεξελθὼν
767 1645 846 1680 τοῦ
888 1639 1008 1691 ἱεροῦ
1049 1639 1181 1680 πάλιν
1212 1646 1302 1688 τοῖς
1343 1638 1591 1694 ἀρχιερεῦσι

246 1707 317 1749 καὶ
349 1715 439 1757 τοῖς
469 1710 658 1763 πρώτοις
692 1716 781 1750 τῶν
821 1712 1076 1763 Φαρισαίων
1116 1709 1434 1764 συνδιέτριβον.
1479 1711 1592 1764 <22>

246 1781 385 1832 φόβος
427 1777 465 1820 δ’
510 1779 605 1820 οὔτι
644 1778 817 1835 μέτριος
857 1777 972 1834 εἶχεν
1010 1779 1136 1833 ἡμᾶς,
1168 1780 1363 1834 ὁρῶντας
1402 1781 1479 1822 τὸν
1510 1778 1590 1834 μὲν

247 1850 388 1903 δῆμον
428 1849 476 1890 ἐν
519 1857 611 1898 τοῖς
649 1850 819 1899 ὅπλοις·
864 1849 987 1892 αὐτοὶ
1027 1848 1067 1891 δ’
1112 1852 1235 1900 ὄντες
1273 1851 1319 1892 ἐν
1358 1851 1506 1908 ἀπόρῳ
1549 1853 1595 1893 τί

245 1920 511 1972 ποιήσωμεν,
537 1918 609 1960 καὶ
634 1921 737 1969 τοὺς
761 1921 1047 1974 νεωτεριστὰς
1071 1921 1229 1962 παύειν
1256 1921 1309 1962 οὐ
1336 1921 1590 1976 δυνάμενοι,

245 1990 470 2042 προδήλου
504 1987 542 2030 δ7
580 1990 686 2043 ἡμῖν
711 1997 789 2032 τοῦ
821 1991 1034 2032 κινδύνου
1059 1998 1348 2046 παρεστῶτος,
1379 2002 1590 2045 συγκατα-

245 2060 393 2100 νεύειν
435 2057 515 2114 μὲν
561 2060 707 2101 αὐτῶν
745 2068 839 2110 ταῖς
876 2063 1070 2116 γνώμαις
1114 2061 1340 2116 ἐλέγομεν,
1378 2065 1590 2117 συνεβου-

247 2130 433 2183 λεύομεν
479 2127 526 2171 δὲ
571 2129 720 2184 μένειν
771 2129 838 2185 ἐφ’
895 2132 1041 2174 αὑτῶν
1090 2131 1161 2174 καὶ
1210 2135 1313 2182 τοὺς
1354 2135 1590 2187 πολεμιόυς

1609 810 1642 834 10

1610 1160 1643 1186 15

1609 1513 1645 1537 20

1610 1865 1645 1890 25

248 2200 516 2250 ἐπελθόντας
542 2199 633 2254 ἐᾶν,
659 2201 732 2243 ἵνα
757 2208 837 2244 τοῦ
864 2203 1042 2252 δικαίως
1061 2202 1283 2258 ἀνταίρειν
1305 2203 1416 2244 ὅπλα
1442 2206 1588 2245 πίστιν
1608 2216 1644 2241 30

247 2270 473 2324 εὕρωνται.
537 2270 652 2324 <23>
690 2277 824 2313 ταῦτα
863 2271 902 2313 δ’
939 2272 1205 2328 ἐπράττομεν
1237 2273 1479 2323 ἐλπι’ζοι,’τες
1511 2274 1591 2316 οὐκ
