1732 2526
186 2055 207 2085 4

253 91 309 132 62
745 94 1110 127 ΑΡΧΑῙΟΛΟΓΙΑΣ

251 199 395 254 <368>
426 198 499 241 καὶ
542 207 713 255 πρῶτος
757 199 836 255 μὲν
879 205 1205 256 Σατουρνῖνος,
1244 202 1357 258 ἀνὴρ
1395 204 1604 254 ὑπατικὸς

251 269 323 312 καὶ
355 277 443 312 τῶν
477 268 540 312 ἐπ’
579 270 836 326 ἀξιώματος,
868 271 1120 328 ἀπεφήνατο
1158 274 1339 328 γνώμην
1371 275 1602 329 αἰδημονε-

253 341 436 395 στάτην,
473 342 724 396 περιστάσει
767 343 1006 397 χρώμενος·
1049 344 1130 398 ἔφη
1173 344 1255 398 γὰρ
1300 345 1600 396 καταδικάζειν

249 409 330 465 μὲν
375 420 463 454 τῶν
501 411 706 468 Ἡρώδου
750 414 942 467 παίδων,
986 416 1174 456 κτείνειν
1219 413 1258 456 δ’
1302 415 1383 457 οὐκ
1425 420 1600 458 οἴεσθαι

250 483 437 535 δίκαιον,
472 483 602 533 αὐτὸς
633 485 792 533 παῖδας
824 485 951 539 ἔχων,
983 482 1056 526 καὶ
1087 491 1166 527 τοῦ
1197 486 1372 535 πάθους
1403 488 1600 539 μείζονος

249 555 390 607 ὄντος,
424 555 464 596 εἰ
492 553 564 596 καὶ
601 555 742 596 πάντα
781 551 840 596 δι’
887 555 1047 605 αὐτοὺς
1085 556 1392 611 δεδυστύχηκε.
1454 557 1600 612 <369>

249 623 337 678 μετ’
371 624 542 668 ἐκεῖνον
569 626 615 667 οἱ
631 627 942 681 Σατουρνίνου
967 627 1122 677 παῖδες
1149 626 1344 682 (εἵποντο
1371 628 1453 682 γὰρ
1481 627 1598 686 αὐτῷ

247 694 511 751 πρεσβευταὶ
553 703 668 752 τρεῖς
713 694 854 752 ὄντες)
903 697 984 751 τὴν
1031 697 1167 751 αὐτὴν
1211 699 1393 753 γνώμην
1434 698 1598 754 ἀπεφή-

247 782 393 808 ναντο.
451 765 699 822 ’ὅολόμνιος
731 764 770 808 δ’
814 768 1020 823 ἄντικρυς
1058 769 1141 822 ἔφη
1179 769 1378 820 κολάζειν
1414 769 1597 828 θανάτῳ

246 839 348 887 τοὺς
380 838 518 887 οὕτως
549 830 848 893 ἀσεβήσαντας
881 839 941 887 εἰς
972 839 1049 880 τὸν
1081 837 1256 894 πατέρα.
1319 840 1370 881 τὰ
1409 838 1447 881 δ’
1486 840 1596 882 αὐτὰ

245 906 317 949 καὶ
349 916 437 950 τῶν
470 907 566 962 ἑξῆς
598 910 644 951 οἱ
671 911 864 962 πλείους,
897 909 1006 951 ὥστε
1038 907 1184 964 μηκέτ’
1222 911 1329 952 ἄλλο
1367 926 1409 952 τι
1447 911 1596 953 δοκεῖν

245 978 270 1032 η’
313 980 687 1022 καταδεδικάσθαι
731 981 812 1035 τὴν
857 978 926 1021 ε’πὶ
969 981 1151 1037 θανάτῳ
1189 982 1292 1030 τοὺς
1324 983 1595 1032 νεανίσκους.

244 1050 389 1104 <370>
420 1050 628 1093 κάκεῖθεν
661 1048 741 1106 μὲν
773 1051 911 1101 εὐθὺς
925 1049 1125 1107 “Ηρώδης
1156 1047 1261 1105 ἧκεν
1287 1052 1408 1106 ἄγων
1434 1052 1597 1103 αὐτοὺς

1617 855 1651 881 10

244 1123 305 1171 είς
342 1122 503 1177 Τύρον,
535 1120 606 1163 καὶ
638 1127 718 1164 τοῦ
744 1137 791 1176 γε
813 1122 1043 1164 Νικολάου
1069 1123 1341 1172 πλεύσαντος
1369 1123 1427 1173 ὡς
1457 1123 1595 1166 αὐτὸν
1620 1144 1622 1146 >

243 1191 291 1234 ἐκ
334 1199 410 1247 τῆς
447 1191 610 1247 Ῥώμης
655 1191 951 1246 ἐπυνθάνετο,
995 1193 1406 1249 προδιηγησάμενος
1449 1194 1501 1236 τὰ
1545 1193 1594 1236 ἐν

241 1266 445 1319 Βηρυτῷ,
464 1261 606 1317 ἥντιν’
643 1264 785 1318 ἔχοιεν
811 1265 993 1318 γνώμην
1017 1262 1117 1318 περὶ
1142 1270 1230 1306 τῶν
1256 1265 1428 1306 παίδων
1455 1265 1592 1307 αὐτοῦ

241 1336 312 1376 καὶ
346 1335 392 1376 οὗ
420 1333 468 1376 ἐν
500 1332 640 1390 Ῥώμῃ
679 1334 816 1376 αὐτοῦ
855 1336 991 1389 φίλοι.
1052 1335 1197 1388 <371>
1233 1334 1434 1385 κάκεῖνος
1470 1333 1592 1377 εἶπεν

242 1406 308 1447 ὅτι
342 1406 465 1447 δοκεῖ
493 1402 574 1459 μὲν
605 1404 740 1459 ἀσεβῆ
773 1402 888 1446 εἶναι
927 1405 979 1446 τὰ
1021 1404 1205 1455 ἐκείνοις
1235 1404 1336 1460 περὶ
1377 1404 1425 1448 σὲ
1457 1405 1592 1460 ἐγνω-

242 1475 400 1531 σμένα,
440 1481 597 1531 χρῆναι
639 1474 789 1530 μέντοι
831 1475 991 1525 αὐτοὺς
1033 1476 1328 1532 καθείρξαντα
1368 1477 1591 1532 δεσμώτας

239 1548 489 1603 φυλάττειν.
553 1547 698 1602 <372>
731 1545 823 1589 εκαὶ
857 1548 898 1588 εἰ
926 1544 1006 1601 μὲν
1040 1545 1195 1603 ἑτέρως
1227 1559 1298 1589 σοι
1334 1548 1486 1602 δοκοίη
1517 1564 1590 1591 κο-

240 1619 383 1669 λάζειν
423 1618 599 1672 αὐτούς,
643 1618 701 1673 μὴ
739 1620 919 1672 φαίνοιο
958 1617 1067 1673 ὀργῇ
1105 1619 1153 1660 τὸ
1198 1617 1334 1660 πλεόν
1374 1617 1398 1672 ἢ
1437 1620 1590 1675 γνώμῃ

238 1694 498 1745 κεχρῆσθαι·
540 1690 581 1731 εἰ
620 1686 668 1730 δὲ
721 1688 931 1730 τάναντία
971 1687 1204 1743 ἀπολύειν,
1245 1689 1303 1743 μὴ
1346 1688 1590 1744 ἀνεπανόρ-

238 1764 389 1802 θωτον
434 1764 500 1814 εἴη
547 1771 616 1802 σοι
655 1760 703 1801 τὸ
741 1759 951 1814 ἀτύχημα.
1013 1758 1148 1801 ταύτὰ
1187 1756 1234 1801 δὲ
1273 1760 1398 1801 δοκεῖ
1436 1758 1508 1802 καὶ
1541 1759 1589 1802 ἐν

232 1829 372 1887 Ῥώμῃ
405 1838 496 1880 τοῖς
527 1833 748 1880 πλείστοις
778 1837 867 1872 τῶν
894 1837 984 1872 σῶν
1009 1830 1181 1884 φίλων.’
1244 1829 1315 1871 καὶ
1348 1830 1395 1879 ὃς
1427 1832 1589 1885 σιωπή-

238 1914 316 1952 σας
347 1902 395 1944 ἐν
426 1905 564 1957 πολλῇ
592 1900 765 1955 ἐγένετο
793 1903 992 1957 συννοίᾳ,
1017 1899 1223 1942 κάκεῖνον
1255 1899 1452 1942 ἐκέλευσε
1479 1912 1586 1955 συμ-

236 1976 362 2014 πλεῖν
394 1973 523 2029 αὐτῷ.

324 2044 468 2098 <373>
501 2043 560 2093 ὡς
592 2041 631 2085 δ’
668 2040 808 2097 ἦλθεν
835 2043 896 2093 εἰς
916 2042 1202 2098 Καισάρειαν,
1228 2045 1422 2096 γίγνεται
1456 2043 1586 2097 λόγος

234 2114 372 2164 εὐθὺς
407 2115 541 2156 ἅπασι
579 2121 667 2156 τῶν
706 2114 893 2168 παίδων,
934 2112 1007 2155 καὶ
1038 2112 1254 2169 μετέωρος
1296 2112 1322 2167 ἡ
1367 2115 1583 2167 βασιλεία,

233 2192 312 2227 ποῖ
339 2183 443 2227 ποτε
474 2186 684 2240 χωρήσειε
709 2185 761 2226 τὰ
786 2183 877 2226 κατ’
911 2185 1071 2233 αὐτοὺς
1097 2182 1405 2239 ἐκδεχομένων.
1439 2184 1582 2238 <374>

1614 1207 1647 1234 15

1610 1561 1645 1586 20

1606 1914 1640 1940 25

235 2256 383 2298 δεινὸν
421 2257 502 2311 γὰρ
541 2253 671 2312 ὑπῄει
709 2255 875 2304 πάντας
915 2254 1013 2304 δέος
1052 2254 1098 2296 ἐκ
1142 2258 1331 2297 παλαιοῦ
1370 2266 1579 2298 καταστα-
1599 2266 1636 2292 30

329 2341 348 2379 ξ
376 2340 443 2371 373
471 2336 516 2371 ef.
544 2335 634 2372 Bell.
661 2336 738 2370 Iud.
766 2335 782 2369 I
808 2339 863 2380 27,
892 2339 923 2370 3.
