1732 2526
156 1018 210 1033 s

156 2295 198 2325 13

225 64 310 104 324
781 64 1010 97 ΙΩΣΗΠΟΤ

224 170 370 224 μένων
409 172 556 222 αὐτοῖς
599 172 813 223 δεκατῶν,
852 170 901 219 ἃς
943 171 1066 218 ὄντες
1111 170 1240 222 ἱερεῖς
1284 167 1573 223 ὀφειλομένας

224 242 551 296 ἀπελάμβανον,
589 243 651 291 εἰς
688 242 767 295 τὴν
807 243 972 283 οἰκείαν
1010 238 1304 293 ὑποστρέφειν
1343 245 1426 292 γῆν
1459 241 1572 292 ἔκρι-

223 325 324 354 ναν·
359 312 466 367 ἐμοῦ
499 308 539 354 δ’
582 311 740 360 αὐτοὺς
773 317 1034 365 προσμεῖναι
1072 308 1455 364 παρακαλέσαντος
1493 309 1573 359 ἕως

216 381 271 423 ἂν
304 384 356 424 τὰ
390 383 622 437 πράγματα
648 384 1003 436 καταστήσωμεν,
1028 383 1273 422 πείθονται.
1316 380 1432 434 <ss4>
1465 381 1573 435 ἄρας

215 449 297 494 οὖν
329 453 422 508 μετ’
461 453 607 495 αὐτῶν
640 452 723 494 ἀπὸ
756 458 831 505 τῆς
868 455 1170 506 Σεπφωριτῶν
1196 452 1363 499 πόλεως
1395 451 1457 500 εἰς
1487 451 1571 492 κώ·
1611 461 1626 486 5

216 539 303 578 μην
334 525 433 566 τινὰ
469 525 711 578 Βηθμαοὺς
743 521 1002 577 λεγομένην,
1034 520 1283 575 ἀπέχουσαν
1316 521 1573 575 Τιβεριάδος

216 594 372 636 στάδια
404 594 603 649 τέτταρα,
644 596 983 647 παραγίγνομαι.
1045 591 1117 634 καὶ
1158 591 1330 646 πέμψας
1363 591 1574 634 ἐντεῦθεν

217 665 356 718 [τοὺς]
392 665 501 719 πρὸς
533 665 613 718 τὴν
652 664 887 717 Τιβεριέων
931 664 1098 717 βουλὴν
1136 661 1207 704 καὶ
1240 664 1342 712 τοὺς
1373 663 1574 715 πρώτους

216 741 296 776 τοῦ
329 735 472 789 δήμου
507 735 785 787 παρεκάλουν
819 733 1057 788 ἀφικέσθαι
1089 735 1197 786 πρός
1229 748 1293 786 με.
1355 733 1470 787 <65>
1501 732 1573 775 καὶ

216 803 588 860 παραγενομένων
624 804 851 860 (ἐληλύθει
885 801 932 845 δὲ
964 802 1035 845 καὶ
1058 801 1249 852 Ἰοῦστος
1282 804 1365 844 σὺν
1401 802 1569 859 αὐτοῖς)
1591 814 1624 838 10

219 877 374 929 ε”λεγον
406 876 491 918 ὑπὸ
530 882 609 917 τοῦ
647 881 802 917 κοινοῦ
841 882 929 916 τῶν
961 873 1324 928 Ἱεροσολυμιτῶν
1363 875 1574 928 πρεσβεύ-

221 957 312 987 σων
356 947 462 999 μετὰ
505 947 675 988 τούτων
719 944 978 1000 πεπέμφθαι
1022 946 1131 997 πρὸς
1181 943 1365 996 αὐτούς,
1409 946 1574 986 πείσων

214 1015 545 1071 καθαιρεθῆναι
577 1017 654 1057 τὸν
686 1012 811 1057 οἷκον
844 1017 921 1057 τὸν
949 1015 1034 1057 ὑπὸ
1050 1011 1254 1068 “Ηρώὸου
1286 1020 1365 1055 τοῦ
1396 1015 1575 1069 τετράρ-

216 1102 298 1142 χου
325 1085 756 1139 κατασκευασθέντα,
785 1084 906 1143 ζῴων
934 1086 1106 1140 μορφὰς
1125 1087 1296 1139 ἔχοντα,
1316 1092 1405 1126 τῶν
1424 1086 1575 1139 νόμων

218 1157 331 1199 οὕτω
358 1173 399 1199 τι
427 1157 763 1207 κατασκευάζειν
790 1156 1176 1210 ἀπαγορευόντων·
1203 1154 1275 1197 καὶ
1294 1156 1573 1208 παρεκάλουν
1595 1164 1627 1190 15

219 1227 381 1277 αὐτοὺς
414 1228 490 1270 ε’ᾶν
532 1227 643 1281 ἡμᾶς
680 1223 707 1283 ᾗ
750 1227 879 1281 τάχος
911 1233 1039 1269 τοῦτο
1073 1226 1290 1280 πράττειν.
1352 1225 1468 1278 <ssss>
1503 1224 1574 1267 ε’πὶ

215 1300 330 1340 πολὺ
372 1296 452 1353 μὲν
494 1295 576 1340 οὖν
615 1299 660 1339 οἵ
695 1297 793 1352 περὶ
828 1299 905 1339 τὸν
939 1298 1171 1339 Κάπελλον
1214 1295 1286 1337 καὶ
1318 1298 1421 1346 τοὺς
1454 1298 1571 1351 πρώ-

216 1385 320 1418 τους
351 1369 497 1410 αὐτῶν
530 1367 776 1420 ἐπιτρέπειν
809 1368 889 1409 οὐκ
921 1369 1101 1421 ἤθελον,
1128 1368 1378 1420 βιαζόμενοι
1412 1366 1455 1408 δ’
1486 1366 1565 1420 ὑφ’

216 1440 342 1493 ’ἡμῶν
374 1442 777 1493 συγκατατίθενται.
840 1438 1005 1493 φθάνει
1033 1439 1058 1479 ὃ
1065 1434 1073 1448 ⁷
1098 1436 1267 1490 Ἰησοῦς
1294 1437 1316 1479 ὁ
1342 1442 1421 1478 τοῦ
1445 1440 1569 1478 Σαπ-

217 1512 298 1564 φία
329 1517 444 1562 παῖς,
477 1509 528 1551 ὃν
566 1514 640 1563 τῆς
676 1516 764 1550 τῶν
802 1515 979 1550 ναυτῶν
1016 1506 1087 1549 καὶ
1125 1514 1214 1548 τῶν
1256 1506 1434 1561 ἀπόρων
1467 1508 1567 1549 στά-
1588 1518 1621 1542 20

219 1591 327 1629 σεως
357 1587 532 1635 πρῶτον
565 1582 731 1634 ἔφαμεν
757 1580 898 1633 ἄρξαι,
924 1579 1191 1632 παραλαβών
1216 1593 1339 1626 τινας
1360 1579 1567 1619 Γαλιλαί-

220 1666 297 1699 ους
328 1650 400 1692 καὶ
432 1652 512 1704 τὴν
543 1656 688 1692 πᾶσαν
721 1650 861 1704 αὐλὴν
894 1649 1129 1703 ἐμπρήσας,
1155 1651 1332 1690 πολλῶν
1365 1650 1569 1702 οἰόμενος

219 1721 483 1775 εὐπορήσειν
528 1720 570 1770 ἐξ
613 1721 746 1774 αὐτῆς
783 1719 1031 1775 χρημάτων,
1072 1719 1221 1772 ἐπειδή
1267 1734 1388 1767 τινας
1432 1723 1568 1760 οἴκων

221 1791 386 1845 ὀροφὰς
436 1790 768 1846 κεχρυσωμένας
817 1788 943 1832 εἶδεν.
1019 1790 1146 1844 <67>
1200 1787 1272 1830 καὶ
1318 1789 1567 1843 διήρπασαν

220 1862 376 1911 πολλά,
407 1863 522 1916 παρὰ
560 1863 741 1916 γνώμην
778 1863 859 1915 τὴν
891 1859 1106 1914 ἡμετέραν
1147 1859 1405 1914 πράξαντες·
1450 1859 1574 1913 ἡμεῖς
1593 1871 1626 1897 25

221 1932 303 1985 γὰρ
337 1933 442 1985 μετὰ
473 1933 553 1986 τὴν
585 1933 693 1984 πρὸς
725 1932 958 1973 Κάπελλον
989 1929 1061 1972 καὶ
1086 1932 1188 1979 τοὺς
1213 1929 1413 1982 πρώτους
1453 1931 1575 1982 Τιβε-

222 2000 354 2056 ριέων
387 2002 563 2055 ὁμιλίαν
595 2004 656 2050 εἰς
693 2003 772 2055 τὴν
811 2003 901 2043 ἄνω
938 2003 1179 2042 Γαλιλαίαν
1222 1999 1304 2041 ἀπὸ
1342 2001 1572 2052 Βηθμαῶν

223 2071 574 2126 ἀνεχωρήσαμεν.
625 2072 857 2125 ἀναιροῦσι
891 2070 933 2113 δ’
973 2072 1018 2113 οἱ
1040 2070 1139 2125 περὶ
1165 2071 1241 2112 τὸν
1265 2066 1436 2123 Ἰησοῦν
1462 2070 1570 2111 πάν-

222 2158 297 2191 τας
327 2144 431 2191 τοὺς
465 2142 746 2191 ἐνοικοῦντας
767 2141 997 2195 ’Έλληνας,
1029 2141 1126 2183 ὅσοι
1152 2155 1197 2181 τε
1223 2140 1307 2194 πρὸ
1341 2145 1419 2181 τοῦ
1449 2138 1575 2181 πολέ-

224 2229 309 2267 μου
342 2214 581 2266 γεγόνεσαν
614 2211 760 2253 αὐτῶν
793 2212 960 2266 ἐχθροί.
1597 2222 1632 2247 30

314 2283 708 2337 <68> πυθόμενος
734 2279 773 2322 δ’
805 2281 889 2335 ἐγὼ
910 2288 1044 2323 ταῦτα
1065 2281 1364 2335 παρωξύνθην
1389 2281 1577 2335 σφόδρα,
