1732 2526
570 52 1005 86 ENNEAKAIAEKATH
1373 51 1458 93 217

117 158 172 200 ἂν
197 159 326 209 αὐτὸς
351 160 537 213 πάθοιμι
565 157 706 200 ε’λπίδι
733 160 1094 213 περιφερόμενος·
1137 159 1190 200 οὐ
1216 159 1298 213 γὰρ
1326 160 1460 214 σχολὴ

115 230 354 280 κινδύνους
390 245 464 284 μοι
503 235 732 270 κατανοεῖν
770 230 870 277 τοὺς
910 227 1119 282 ἐμαυτοῦ,
1165 231 1378 271 δουλώσει
1416 245 1461 271 τε

115 301 324 355 πατρίδος
363 299 713 354 ἐλευθερωτάτης
751 298 1036 352 ἐπαλγοῦντι,
1078 298 1148 340 καὶ
1187 307 1272 340 τῶν
1313 301 1461 354 νόμων

116 377 190 424 τῆς
229 370 382 425 ἀρετῆς
422 368 722 425 ἀφῃρημένης,
766 370 868 418 τούς
908 384 951 410 τε
992 369 1156 417 πάντας
1197 369 1462 422 ἀνθρώπους

81 453 97 475 ι’»
117 440 309 495 ὀλέθρου
349 441 421 482 διὰ
462 440 595 481 Γάιον
634 442 953 494 κατειληφότος.
1023 440 1136 493 <58>
1174 438 1292 489 ἄξιος
1331 439 1368 480 δ’
1407 440 1462 481 ἂν

64 803 96 828 10

11 1155 96 1179 ,15

66 1506 99 1530 20

68 1857 100 1882 25

116 515 210 564 εἰήν
247 512 364 564 παρὰ
403 509 473 552 σοὶ
513 511 692 564 δικαστῇ
731 512 915 559 πίστεως
953 508 1021 551 ἐπὶ
1060 510 1276 559 τοιούτοις
1306 510 1463 564 τυγχά-

116 596 210 623 νειν
248 581 331 623 ἀπὸ
371 586 450 622 τοῦ
482 580 611 635 ὅμοια
643 587 827 635 φρονεῖν
866 580 1016 629 αὐτοῖς
1056 578 1127 621 καὶ
1161 577 1207 621 σε
1239 580 1295 633 μὴ
1329 578 1463 633 ἀπηλ-

116 651 305 707 λάχθαι.’

203 722 318 775 <59>
356 723 648 771 Βινουκιανὸς
686 719 734 762 δὲ
773 722 852 775 τὴν
891 721 1032 776 ὁρμὴν
1063 728 1151 762 τῶν
1183 722 1327 774 λόγων
1359 725 1463 762 θεα-

116 792 302 846 σάμενος
334 792 544 846 ἠσπάζετό
577 790 612 832 τ’
649 790 848 846 ἀσμένως
878 789 949 832 καὶ
991 794 1342 845 προσπαρίστατο
1385 792 1464 845 τὴν

115 864 279 917 τόλμαν
311 863 465 904 αὐτοῦ·
511 860 738 911 ἐπαινέσας
769 877 813 903 τε
846 860 916 902 καὶ
943 860 1248 915 ἀσπασάμενος
1275 860 1362 915 μετ’
1395 861 1464 902 εὐ-

115 940 205 987 χῶν
232 931 302 973 καὶ
331 933 511 981 ἱκετείας
537 931 760 973 ἀπελύετο.
811 932 925 985 (GO)
953 930 1024 972 καὶ
1052 933 1324 986 ἰσχυρίζοντό
1350 947 1465 982 τινες

117 1003 174 1052 ὡς
211 1005 421 1057 βεβαιοῦν
460 1003 511 1043 τὰ
550 1001 772 1057 εἰρημένα·
817 1003 1029 1051 εἰσιόντος
1068 1003 1149 1056 γὰρ
1188 1004 1250 1051 εἰς
1281 1004 1328 1044 τὸ
1361 1005 1465 1057 βου-

117 1074 345 1127 λευτήριον
386 1071 576 1125 Χαιρέου
618 1073 773 1126 φωνὴν
813 1071 858 1113 ἐκ
899 1078 977 1113 τοῦ
1018 1074 1218 1125 πλήθους
1255 1071 1464 1126 γενέσθαι

115 1144 233 1192 τινὸς
270 1139 335 1184 ἐπ’
377 1142 625 1197 ἐξορμήσει,
663 1143 947 1184 κελεύουσαν·
992 1141 1169 1195 πέραινε
1203 1141 1283 1197 μὲν
1322 1143 1375 1196 δὴ
1416 1145 1463 1184 τὸ

115 1212 330 1266 πρακτέον
368 1212 441 1255 καὶ
478 1213 810 1267 προσλαμβάνοι
847 1214 895 1254 τὸ
935 1213 1184 1267 δαιμόνιον·
1237 1213 1360 1267 <61>
1392 1212 1464 1254 καὶ

115 1284 193 1325 τὸν
226 1282 416 1338 Χαιρέαν
454 1284 501 1325 τὸ
540 1280 620 1337 μὲν
658 1290 832 1338 πρῶτον
870 1281 1108 1324 ὑπιδέσθαι
1147 1284 1204 1337 μὴ
1243 1286 1320 1325 καί
1346 1299 1465 1333 τινος

116 1361 203 1395 τῶν
248 1361 516 1407 συνωμοτῶν
559 1354 780 1408 προδότου
825 1354 1055 1406 γεγονότος
1099 1352 1344 1406 ἁλίσκοιτο,
1393 1352 1465 1395 καὶ

118 1422 239 1473 τέλος
276 1422 462 1465 συνέντα
504 1422 573 1465 ε’πὶ
611 1430 833 1479 προτροπῇ
872 1423 1045 1479 φέρειν,
1089 1428 1173 1465 εἴτε
1211 1423 1466 1478 παραινέσει

120 1501 206 1535 τῶν
240 1495 582 1547 συνεγνωκότων
609 1493 999 1548 ἀντισημαίνοντός
1024 1510 1158 1547 τινος,
1190 1499 1273 1535 εἴτε
1308 1496 1361 1548 δὴ
1394 1493 1466 1535 καὶ

119 1571 197 1606 τοῦ
241 1569 371 1617 θεοῦ,
416 1564 462 1614 ὃς
500 1564 638 1621 ἐφορᾷ
677 1565 727 1605 τὰ
766 1563 1046 1617 ἀνθρώπινα,
1091 1569 1291 1617 αἴροντος
1332 1565 1466 1607 αὐτὸν

118 1639 350 1689 θαρρῆσαι.
412 1634 539 1689 <62>
579 1635 832 1688 διεληλύθει
870 1632 917 1675 δὲ
960 1635 1032 1675 διὰ
1072 1638 1247 1676 πολλῶν
1287 1636 1335 1677 τὸ
1378 1635 1467 1676 ε’πι-

118 1706 357 1759 βούλευμα,
392 1703 463 1746 καὶ
494 1705 652 1754 πάντες
685 1704 732 1746 ἐν
765 1704 915 1754 ὅπλοις
946 1711 1161 1758 παρῆσαν,
1194 1707 1240 1746 οἳ
1268 1703 1348 1758 μὲν
1379 1713 1467 1766 τῶν

119 1778 371 1829 βουλευτῶν
404 1776 527 1824 ὄντες
560 1777 605 1816 οἳ
640 1773 682 1816 δ’
722 1776 882 1830 ἱππεῖς,
920 1774 991 1816 καὶ
1031 1775 1184 1817 ὁπόσοι
1223 1781 1300 1817 τοῦ
1340 1786 1467 1829 στρα-

119 1852 321 1887 τιωτικοῦ
355 1843 615 1900 συνῄδεσαν.
678 1845 823 1895 οὐδεὶς
861 1846 942 1899 γὰρ
986 1842 1038 1899 ἧν
1072 1845 1118 1895 ὃς
1149 1846 1206 1899 μὴ
1240 1845 1287 1887 ἐν
1321 1846 1467 1887 εὐδαι-

120 1918 252 1972 μονίᾳ
284 1915 521 1970 ἀνηρίθμει
554 1916 633 1970 τὴν
666 1917 802 1958 Γαΐου
835 1916 1116 1970 μετάστασιν,
1155 1916 1268 1969 <63>
1302 1915 1372 1957 καὶ
1406 1915 1462 1957 δι’

121 1986 226 2028 αὐτὸ
252 1986 410 2035 πάντες
436 1986 684 2040 ἠπείγοντο,
709 1986 845 2043 ὁποίῳ
873 1987 1054 2028 δύναιτό
1080 2002 1144 2036 τις
1168 1988 1327 2044 τρόπῳ,
1359 1984 1460 2040 μηδ’

121 2054 233 2098 ἑκὼν
263 2053 376 2098 εἶναι
408 2062 482 2110 τῆς
514 2054 583 2097 ἐπὶ
615 2057 829 2105 τοιούτοις
861 2056 1058 2110 ὑστερεῖν
1084 2056 1252 2111 ἀρετῆς,
1284 2055 1378 2098 ἀλλ’
1411 2056 1468 2105 ὡς

122 2127 213 2181 ἔχοι
244 2129 495 2180 προθυμίας
520 2126 545 2179 ἣ
573 2126 816 2180 δυνάμεως,
847 2125 920 2169 καὶ
947 2129 1093 2180 λόγοις
1118 2126 1189 2168 καὶ
1221 2125 1278 2168 δι’
1311 2128 1468 2179 ἔργων,

69 2208 103 2232 30
123 2193 227 2250 ἦρτο
261 2195 329 2237 ε’πὶ
361 2202 411 2250 τῇ
443 2191 801 2252 τυραννοκτονίᾳ.
852 2198 965 2250 (64)
999 2196 1089 2239 ἐπεὶ
1120 2195 1192 2238 καὶ
1225 2197 1468 2245 Κάλλιστος

124 2266 436 2321 (ἀπελεύθερος
469 2264 510 2308 δ’
548 2264 603 2320 ἦν
636 2269 677 2307 Γ
674 2269 788 2321 αΐου,
820 2268 999 2308 πλεῖστά
1031 2266 1067 2308 τ’
1105 2267 1214 2321 ἀνὴρ
1247 2261 1309 2316 εἷς
1341 2263 1468 2315 οὗτος

1491 731 1536 764 10
