1732 2526
178 192 222 223 ‘27

182 1817 226 1847 28

249 73 334 114 336
812 76 1040 108 ΙΩΣΗΠΟΤ

250 183 290 223 εἰ
319 183 427 235 πρὸς
459 181 609 235 ἕτερον
650 188 783 223 ταῦτα
822 182 1157 236 ἀπαγγελοῦσιν.
1219 182 1363 236 <132>
1397 181 1598 238 ἐπισχού-

249 263 327 306 σης
368 251 416 294 δὲ
457 254 602 307 φήμης
640 253 718 305 τὴν
757 254 999 294 Γαλιλαίαν
1038 254 1211 294 ἅπασαν
1250 253 1308 302 ὡς
1345 259 1419 307 τῆς
1455 254 1598 308 χώρας

249 323 394 365 αὐτῶν
421 323 664 377 μελλούσης
688 321 761 365 ὑπ’
793 323 900 377 ἐμοῦ
926 330 1016 372 τοῖς
1035 322 1261 377 Ῥωμαίοις
1285 324 1597 378 προδίδοσθαι,

247 392 320 435 καὶ
360 394 537 435 πάντων
577 392 947 446 παροξυνθέντων
990 393 1059 435 ἐπὶ
1100 395 1179 447 τὴν
1222 394 1330 448 ἐμὴν
1371 397 1596 448 τιμωρίαν,

249 466 296 506 oc
322 466 397 515 τὰς
434 468 668 519 Ταριχαίας
704 470 1009 514 κατοικοῦντες
1046 463 1118 506 καὶ
1155 463 1280 506 αὐτοὶ
1321 467 1424 514 τοὺς
1453 467 1598 507 νεανί-

250 548 381 585 σκους
414 536 651 589 ἀληθεύειν
682 536 996 588 ὑπολαβόντες,
1031 538 1238 576 πείθουσι
1270 537 1372 584 τοὺς
1404 546 1598 589 σωματο-

248 607 447 661 φύλακας
478 605 549 648 καὶ
574 608 677 655 τοὺς
703 606 881 656 ὁπλίτας
905 608 1181 660 κοιμώμενόν
1207 622 1258 660 με
1285 608 1600 656 καταλιπόντας

249 676 578 730 παραγενέσθαι
602 681 768 718 θᾶττον
800 678 862 725 είς
894 677 1185 730 ἶππόδρομον,
1218 677 1276 726 ὡς
1303 677 1390 718 ε’κεῑ
1415 680 1600 731 βουλευ-

250 747 464 801 σομένους
508 747 613 800 μετὰ
654 747 832 788 πάντων
873 745 973 801 περὶ
1015 754 1093 789 τοῦ
1134 754 1390 801 στρατηγοῦ.
1453 747 1598 800 <133>

249 816 530 871 πειθομένων
563 815 610 859 δὲ
643 818 812 858 τούτων
849 816 921 858 καὶ
960 819 1273 859 συνελθόντων
1303 819 1441 867 πολὺς
1473 819 1600 872 ὄχλος

247 889 332 942 ἤδη
359 890 765 942 προσυνήθροιστο,
791 890 896 942 μίαν
922 903 966 929 τε
992 887 1150 936 πάντες
1170 887 1401 930 ἐποιοῦντο
1428 889 1599 942 φωνήν,

249 959 447 1009 κολάζειν
485 960 562 1000 τὸν
599 959 822 1013 προδότην
859 959 1057 1013 πονηρὸν
1094 957 1193 1011 περὶ
1225 958 1386 1008 αὐτοὺς
1423 973 1600 1012 γεγενη-

250 1028 396 1084 μένον.
455 1029 601 1082 <134>
633 1029 819 1083 μάλιστα
846 1028 884 1070 δ’
917 1029 1079 1078 αὐτοὺς
1108 1027 1300 1079 ἐξέκαιεν
1327 1029 1349 1071 ὁ
1375 1035 1454 1071 τοῦ
1480 1032 1600 1070 Σαπ-

249 1102 330 1154 φία
360 1106 461 1149 παῖς
488 1098 671 1153 Ἰησοῦς,
704 1100 851 1153 ἄρχων
876 1102 972 1141 τότε
998 1105 1074 1153 τῆς
1106 1099 1378 1154 Τιβεριάδος,
1409 1100 1601 1153 πονηρὸς

249 1171 488 1226 ἄνθρωπος
517 1168 590 1211 καὶ
621 1169 801 1223 ταράξαι
839 1171 1005 1224 μεγάλα
1041 1170 1273 1225 πράγματα
1304 1167 1443 1224 φύσιν
1475 1171 1600 1223 ἔχων,
1638 1185 1653 1209 5

252 1242 529 1289 στασιοποιός
568 1256 613 1281 τε
655 1239 727 1281 καὶ
768 1241 1052 1294 νεωτεριστὴς
1093 1240 1150 1289 ὡς
1193 1240 1271 1295 οὐχ
1311 1240 1466 1293 ἕτερος.
1528 1238 1601 1280 καὶ

250 1313 345 1353 τότε
385 1312 438 1364 δὴ
479 1311 628 1365 λαβὼν
665 1312 728 1360 εἰς
764 1318 911 1366 χεῖρας
951 1313 1054 1360 τοὺς
1086 1310 1302 1359 ΝΙωυσεός
1333 1313 1498 1364 νόμους
1528 1307 1601 1350 καὶ

250 1382 485 1435 προελθὼν
527 1382 588 1430 εἰς
629 1379 764 1435 μέσον
808 1382 963 1434 <135>
1004 1381 1059 1422 ‘a'
1095 1382 1152 1435 μὴ
1191 1380 1263 1422 καὶ
1295 1378 1404 1434 ὑπὲρ
1437 1378 1600 1422 αὑτῶν’

251 1454 355 1506 ἔφη,
405 1451 615 1503 ςπολῖται,
664 1459 808 1505 μισεῖν
860 1453 1058 1493 δύνασθε
1103 1450 1338 1506 Ἰώσηπον,
1389 1452 1451 1500 εἰς
1498 1452 1601 1499 τοὺς

250 1526 460 1577 πατρίους
503 1522 830 1576 ἀποβλέψαντες
869 1524 1054 1576 νόμους,
1100 1518 1162 1564 ὧν
1204 1522 1226 1564 ὁ
1267 1528 1436 1575 πρῶτος
1475 1521 1600 1575 ὑμῶν

252 1594 491 1648 στρατηγὸς
522 1594 742 1647 προδότης
775 1595 925 1646 ἔμελλε
964 1595 1218 1646 γίγνεσθαι,
1259 1591 1331 1633 καὶ
1363 1603 1602 1646 μισοπονη-

252 1665 464 1717 ρήσαντες
495 1661 605 1717 ὑπὲρ
631 1664 815 1716 τούτων,
847 1665 1159 1719 τιμωρήσασθε
1191 1664 1268 1704 τὸν
1294 1668 1473 1704 τοιαῦτα
1505 1665 1602 1703 τολ-

252 1734 477 1788 μήσαντα.’

343 1805 488 1858 <136>
513 1801 632 1846 ταῦτ’
663 1805 814 1858 εἰπών,
845 1803 916 1846 καὶ
944 1810 1021 1846 τοῦ
1047 1807 1248 1858 πλήθους
1273 1803 1602 1858 ἐπιβοήσαντος,

253 1874 487 1927 ἀναλαβών
518 1891 639 1924 τινας
670 1875 849 1924 ὁπλίτας
890 1874 960 1916 ε’πὶ
992 1876 1072 1929 τὴν
1104 1876 1247 1916 οἰκίαν
1280 1873 1328 1915 ἐν
1359 1869 1386 1929 ᾗ
1418 1875 1601 1928 κατηγό-

252 1961 339 1999 μην
370 1947 582 1987 ἔσπευδεν
615 1946 673 1995 ὡς
701 1945 967 1999 ἀναιρήσων.
1018 1945 1102 1998 ἐγὼ
1130 1944 1169 1986 δ’
1200 1942 1334 1987 οὐδὲν
1358 1946 1601 1998 προαισθό-

253 2030 382 2069 μενος
415 2016 487 2056 διὰ
520 2017 658 2057 κόπον
689 2017 773 2070 πρὸ
806 2021 881 2068 τῆς
906 2021 1095 2070 ταραχῆς
1119 2017 1404 2070 κατεσχήμην.
1456 2014 1600 2067 <137>

253 2088 408 2140 Σίμων
441 2084 482 2126 δ’
518 2085 540 2126 ὁ
572 2092 651 2127 τοῦ
684 2087 881 2140 σώματός
912 2102 997 2140 μου
1028 2087 1108 2140 τὴν
1140 2087 1344 2140 φυλακὴν
1373 2096 1601 2126 πεπιστευ-

253 2154 403 2209 μένος,
441 2155 464 2197 ὁ
496 2154 567 2196 καὶ
600 2158 734 2209 μόνος
770 2159 1058 2210 παραμείνας,
1098 2157 1207 2198 ἰδὼν
1244 2157 1324 2209 τὴν
1357 2155 1601 2210 ἐπιδρομὴν

1621 832 1654 858 10

1620 1537 1653 1562 20

1621 1888 1654 1913 25

253 2234 341 2268 τῶν
378 2230 570 2268 πολιτῶν
609 2227 813 2279 διεγείρει
851 2242 902 2280 με
933 2225 1005 2267 καὶ
1042 2228 1120 2268 τὸν
1153 2225 1372 2281 ἐφεστῶτά
1403 2241 1478 2279 μοι
1509 2227 1601 2267 κίν-
1619 2237 1654 2262 30

349 2311 366 2348 ξ
394 2310 460 2341 136
488 2306 533 2341 cf.
560 2306 652 2341 Bell.
678 2307 757 2342 Iud.
784 2307 818 2340 Π
844 2310 899 2350 21,
922 2310 953 2342 3.
