1732 2526
105 809 136 832 10

106 1160 138 1185 15

109 1516 140 1539 20

653 51 993 83 EKKAIAEKATH
1441 49 1496 90 29

151 157 419 212 ἀναπέμπειν
463 159 525 207 εἰς
561 155 856 212 Ἱεροσόλυμα.
925 159 1093 210 ἔγραψα
1138 154 1218 199 οὖν
1263 158 1390 212 ὑμῖν,
1434 156 1491 199 ἵν’

151 230 293 283 εἰδῆτε
326 229 392 270 ὅτι
425 230 596 283 Καῖσαρ
629 227 747 281 κάγὼ
781 227 895 269 οὕτω
927 225 1119 281 θέλομεν
1150 227 1411 281 γι’γνεσθαι.’

240 300 384 353 <172>
415 296 548 341 οὐδὲν
580 295 710 352 ἧττον
736 296 807 340 καὶ
828 296 1011 348 Ἰούλιος
1038 295 1268 347 Ἀντώνιος
1299 298 1497 340 ἀνθύπα-

152 386 225 421 τος
262 371 451 425 ἔγραψεν
489 367 721 423 (Ἐφεσίων
759 370 943 424 ἄρχουσι
981 371 1118 423 βουλῇ
1159 370 1281 425 δήμῳ
1319 371 1500 423 χαίρειν.

154 441 200 483 οἶ
234 440 281 482 ἐν
320 446 369 496 τῇ
397 436 519 497 Ἀσία
556 446 862 489 κατοικοῦντες
891 438 1097 482 Ἰουδαῖοι
1135 440 1270 489 εἰδοῖς
1303 442 1500 493 Φεβρου-

153 513 297 566 αριάις
337 511 695 552 δικαιοδοτοῦντί
729 526 803 564 μοι
840 510 889 552 έν
916 508 1084 567 Ἐφέσῳ
1122 509 1355 560 ὑπέδειξαν
1393 512 1501 550 Καί-

155 593 267 636 σαρα
316 583 394 623 τὸν
440 583 669 636 Σεβαστὸν
719 580 791 622 καὶ
835 577 1077 636 Ἀγρίππαν
1122 579 1499 636 συγκεχωρηκέναι

154 652 305 702 αὐτοῖς
335 656 526 707 χρῆσθαι
553 659 643 702 τοῖς
673 653 802 701 ἰδίοις
828 654 981 706 νόμοις
1006 650 1078 693 καὶ
1110 653 1275 704 ἔθεσιν,
1307 650 1502 706 ἀπαρχάς

153 738 199 764 τε
242 722 292 772 ἃς
318 714 513 772 ’ἕκαστος
553 723 698 764 αὐτῶν
740 722 786 764 ἐκ
829 729 905 776 τῆς
946 723 1059 772 ἰδίας
1099 720 1392 777 προαιρέσεως
1433 720 1502 762 εὐ-

156 795 325 848 σεβείας
356 793 482 835 ἕνεκα
513 800 589 848 τῆς
619 794 729 848 πρὸς
760 794 808 835 τὸ
839 797 967 835 θεῖον
995 826 1003 834 .
1024 826 1031 834 .
1055 827 1062 834 .
1089 792 1358 847 ἀνακομιδῆς
1396 803 1503 846 συμ-

154 863 501 919 πορευομένους,
538 871 681 906 ποιεῖν
720 863 1064 918 ἀνεμποδίστως·
1114 864 1257 917 <173>
1290 860 1428 918 ᾔτουν
1459 879 1502 904 τε

157 934 272 983 ὅπως
296 933 413 988 κάγὼ
441 935 602 989 ὁμοίως
627 942 718 984 τοῖς
743 935 828 976 ὑπὸ
849 941 927 976 τοῦ
948 937 1177 989 Σεβαστοῦ
1203 932 1276 975 καὶ
1290 931 1504 989 Ἀγρίππα

157 1006 330 1047 δοθεῖσι
362 1006 441 1059 τὴν
479 1005 587 1061 ε’μὴν
619 1007 802 1061 γνώμην
833 1006 1070 1061 βεβαιώσω.
1132 1006 1247 1059 ὑμᾶς
1287 1001 1369 1046 οὖν
1401 1005 1506 1058 βού-

158 1079 288 1131 λομαι
333 1074 498 1117 εἰδέναι
542 1074 615 1131 ἐμὲ
658 1084 748 1126 τοῖς
791 1082 869 1118 τοῦ
911 1079 1141 1131 Σεβαστοῦ
1184 1074 1255 1117 καὶ
1291 1074 1505 1129 Ἀγρίππα

157 1149 406 1202 βουλήμασι
447 1146 779 1202 συνεπιτρέπειν
823 1146 971 1196 αὐτοῖς
1013 1150 1205 1201 χρῆσθαι
1248 1144 1319 1188 καὶ
1363 1153 1506 1188 ποιεῖν

158 1218 266 1259 κατὰ
298 1218 348 1259 τὰ
380 1218 539 1272 πάτρια
571 1216 703 1273 χωρὶς
736 1216 1038 1273 ἐμποδισμοῦ.’

249 1289 394 1343 <174>
414 1295 548 1331 ταῦτα
568 1286 649 1344 μὲν
676 1285 758 1331 οὖν
783 1287 1039 1344 παρεθέμην
1063 1287 1105 1338 ἐξ
1127 1286 1332 1342 ἀνάγκης,
1359 1287 1507 1343 ἐπειδὴ

160 1358 396 1414 μέλλουσιν
441 1360 489 1400 αἱ
530 1366 617 1401 τῶν
660 1358 884 1414 ἡμετέρων
926 1358 1127 1413 πράξεων
1167 1357 1419 1415 ἀναγραφαὶ
1459 1360 1507 1401 τὸ

159 1429 294 1472 πλέον
326 1431 387 1480 εἰς
418 1431 520 1480 τοὺς
539 1429 757 1484 ’Έλληνας
789 1428 915 1484 ι’έναι,
948 1430 1123 1479 δεικνὺς
1155 1429 1301 1479 αὐτοῖς
1333 1429 1399 1471 ὅτι
1431 1430 1509 1471 πά-

162 1513 239 1555 σης
270 1507 396 1556 τιμῆς
427 1501 606 1542 ἄνωθεν
639 1500 1000 1556 ἐπιτυγχάνοντες
1029 1497 1163 1543 οὐδὲν
1194 1508 1282 1543 τῶν
1314 1503 1509 1555 πατρίων

162 1570 449 1626 ἐκωλύθημεν
492 1571 577 1613 ὑπὸ
618 1579 706 1613 τῶν
748 1571 974 1626 ἀρχόντων
1017 1571 1244 1627 πράττειν,
1286 1571 1397 1614 ἀλλὰ
1438 1570 1510 1613 καὶ

163 1642 500 1696 συνεργούμεθα
536 1642 588 1683 τὰ
626 1648 701 1695 τῆς
738 1643 976 1697 θρησκείας
1014 1643 1187 1697 ἔχοντες
1226 1641 1299 1684 καὶ
1331 1649 1418 1684 τῶν
1451 1644 1511 1693 εἰς

162 1713 239 1754 τὸν
271 1714 382 1754 θεὸν
414 1719 562 1766 τιμῶν.
625 1712 771 1766 <175>
802 1718 1014 1766 ποιοῦμαι
1046 1709 1094 1754 δὲ
1125 1713 1334 1762 πολλάκις
1365 1712 1511 1755 αὐτῶν

163 1783 243 1837 τὴν
276 1785 451 1837 μνήμην
484 1782 829 1825 ἐπιδιαλλάττων
860 1784 913 1824 τὰ
944 1782 1072 1838 γένη,
1112 1782 1185 1825 καὶ
1216 1784 1291 1833 τὰς
1322 1783 1512 1838 ἐμπεφυ-

133 1876 143 1891 )
163 1856 288 1903 κυίας
317 1860 409 1903 τοῖς
441 1853 689 1908 ἀλογίστοις
719 1853 844 1908 ἡμῶν
874 1869 918 1895 τε
944 1853 1159 1896 κάκείνων
1188 1856 1343 1909 μίσους
1374 1856 1513 1904 αἰτίας

163 1924 544 1981 ὑπεξαιρούμενος.
576 1925 721 1979 <176>
747 1926 869 1967 ἔθεσι
895 1922 975 1979 μὲν
1001 1926 1084 1979 γὰρ
1112 1925 1245 1968 οὐδέν
1271 1925 1361 1967 ἐστι
1387 1925 1514 1980 γένος

165 1994 188 2036 ὃ
226 2002 318 2044 τοῖς
354 1995 504 2045 αὐτοῖς
541 1993 607 2036 ἀεὶ
645 2001 818 2051 χρῆται,
856 1995 928 2037 καὶ
965 1997 1072 2038 κατὰ
1109 1998 1257 2046 πόλεις
1295 1992 1391 2038 ἔσθ’
1429 1996 1512 2052 ὅπῃ

164 2069 329 2120 πολλῆς
362 2064 674 2120 ἐγγιγνομένης
704 2072 780 2120 τῆς
806 2067 1037 2121 διαφορᾶς·
1088 2066 1233 2120 <177>
1266 2067 1312 2109 τὸ
1341 2067 1513 2110 δίκαιον

168 2133 216 2178 δὲ
248 2142 381 2178 πᾶσιν
414 2136 670 2192 ἀνθρώποις
696 2137 856 2192 ὁμοίως
881 2137 1179 2192 ἐπιτηδεύεται
1212 2137 1513 2180 λυσιτελέστα-

113 2219 148 2244 30
166 2223 244 2249 τον
277 2207 329 2249 ὂν
348 2206 534 2261 ’Έλλησί
562 2223 607 2249 τε
639 2206 711 2248 καὶ
742 2208 995 2263 βαρβάροις,
1027 2204 1080 2250 οὗ
1106 2211 1311 2250 πλεῖστον
1341 2209 1387 2250 οἱ
1408 2206 1508 2263 παρ’

166 2277 271 2332 ἡμῖν
311 2279 439 2332 νόμοι
478 2279 611 2331 λόγον
650 2279 821 2333 ἔχοντες
857 2279 1020 2320 ἅπασιν
1057 2278 1188 2333 ἡμᾶς,
1229 2280 1269 2320 εἰ
1306 2283 1514 2333 καθαρῶς
