1732 2526
678 79 894 112 ΕΙΚΟΣΤΗ
1375 77 1459 119 287

114 186 386 240 Καισάρειαν
419 185 532 242 (ἐκεῖ
559 186 642 241 γὰρ
675 185 913 241 ἐτύγχανεν
944 186 967 227 ὁ
1001 188 1236 240 Κουμανὸς
1268 184 1350 241 ὤν)
1380 186 1462 227 ι’κε-

113 258 314 307 τεύοντες
354 258 412 311 μὴ
451 256 612 306 αὑτοὺς
648 255 759 297 ἀλλά
798 257 876 297 τὸν
907 258 1034 309 θεόν,
1076 254 1211 311 οὗπερ
1251 257 1297 298 οῖ
1334 259 1463 311 νόμοι

114 330 506 382 καθυβρίσθησαν,
551 326 795 380 ἐκδικῆσαι’
843 328 917 380 ζῆν
961 327 1043 380 γὰρ
1089 327 1169 382 οὐχ
1224 326 1464 382 ὑπομένειν

114 406 202 440 τῶν
241 400 437 453 πατρίων
474 396 546 439 καὶ
584 400 784 452 νομίμων
817 397 966 447 αὐτοῖς
999 397 1113 439 οὕτω
1154 396 1463 452 περιυβρισμέ-

78 484 217 511 5νων.
280 469 425 522 <117>
457 467 529 510 καὶ
566 468 589 510 ὁ
629 469 865 522 Κουμανὸς
903 468 1051 517 δείσας
1088 469 1145 522 μὴ
1185 468 1317 509 πάλιν
1358 483 1464 508 νεω-

115 541 297 594 τερίσειε
329 539 377 580 τὸ
409 541 594 592 πλῆθος,
627 538 1059 592 συμβουλευσάντων
1085 537 1156 579 καὶ
1188 546 1276 580 τῶν
1304 541 1463 592 φίλων,

114 611 191 651 τὸν
235 609 528 664 ἐνυβρίσαντα
576 617 668 658 τοῖς
711 611 865 663 νόμοις
915 609 1185 663 στρατιώτην
1235 611 1464 658 πελεκίσας

115 681 275 721 ἔπαυσε
308 681 388 734 τὴν
414 680 568 721 στάσιν
595 679 642 721 ἐκ
667 679 877 734 δευτέρου
904 679 1154 734 μέλλουσαν
1188 679 1462 730 ἐξάπτεσθαι.

204 751 349 804 <118>
375 753 569 804 γίγνεται
597 748 645 792 δὲ
671 749 742 792 καὶ
770 753 1066 805 Σαμαρείταις
1092 752 1200 806 πρὸς
1221 749 1464 799 Ἰουδαίους
1484 752 1511 793 6

63 838 96 863 10
116 823 255 876 ἔχθρα
287 819 343 863 δι’
383 823 528 863 αἰτίαν
565 822 786 876 τοιαύτην.
849 823 953 871 ἔθος
990 819 1046 875 ἦν
1084 829 1174 871 τοῖς
1213 823 1466 871 Γαλιλαίοις

117 891 164 933 έν
196 900 289 941 ταῖς
321 890 491 944 ἑορταῖς
523 893 584 941 εἰς
627 893 706 946 τὴν
746 892 868 946 ΐερὰν
906 894 1038 934 πόλιν
1069 892 1466 947 παραγιγνομένοις

116 963 290 1005 ὁδεύειν
318 963 390 1004 διὰ
416 969 491 1016 τῆς
512 961 758 1017 Σαμαρέων
783 964 937 1018 χώρας.
999 961 1072 1004 καὶ
1098 965 1193 1004 τότε
1220 961 1323 1004 καθ’
1358 963 1466 1005 ὁδὸν

116 1033 265 1082 αὐτοῖς
294 1034 441 1088 κώμης
472 1035 654 1083 Γιναίας
685 1032 937 1088 λεγομένης,
968 1040 1043 1088 τῆς
1070 1032 1117 1074 ἐν
1150 1036 1346 1091 μεθορίῳ
1380 1048 1464 1074 κει·
1494 1090 1498 1094 ¹

115 1102 247 1158 μένης
285 1107 536 1158 Σαμαρείας
572 1119 617 1145 τε
654 1103 726 1146 καὶ
770 1110 848 1146 τοῦ
893 1104 1087 1158 μεγάλου
1129 1105 1306 1157 πεδιόυ,
1350 1101 1466 1152 τινες

62 1188 97 1214 15
116 1174 392 1224 συνάψαντες
423 1174 566 1230 μάχην
597 1177 789 1224 πολλοὺς
821 1174 966 1216 αὐτῶν
1006 1173 1250 1226 ἀναιροῦσι.
1319 1174 1464 1227 <119>

115 1247 364 1299 πυθόμενοι
398 1243 446 1287 δὲ
477 1246 528 1287 τὰ
559 1244 814 1300 πραχθέντα
840 1252 927 1287 τῶν
949 1246 1199 1286 Γαλιλαίων
1226 1245 1272 1286 οἱ
1302 1251 1466 1298 πρῶτοι

115 1317 226 1371 πρὸς
256 1317 498 1371 Κουμανὸν
529 1315 759 1370 ἀφίκοντο,
800 1314 872 1357 καὶ
912 1315 1191 1369 παρεκάλουν
1224 1315 1359 1357 αὐτὸν
1392 1330 1465 1369 με-

117 1387 256 1428 τιέναι
286 1394 374 1428 τῶν
406 1386 567 1436 ἀδίκως
599 1385 890 1442 ἀνῃρημένων
921 1387 999 1428 τὸν
1026 1387 1182 1440 φόνον.
1233 1386 1255 1427 ὃ
1289 1383 1337 1427 δὲ
1363 1388 1466 1440 χρή-

117 1469 222 1512 μασι
266 1460 446 1506 πολλοῖς
489 1456 828 1511 ἀποτυφλωθεὶς
862 1458 946 1499 ὑπὸ
986 1464 1072 1498 τῶν
1105 1455 1352 1511 Σαμαρέων
1393 1455 1466 1497 κά-

63 1541 98 1567 20
117 1530 280 1577 κείνοις
323 1531 491 1582 μᾶλλον
535 1527 861 1582 πεισθεὶς.τὴν
906 1527 1128 1581 ἐκδίκησιν
1173 1527 1466 1581 ὠλιγώρησεν.

118 1599 262 1652 <120>
297 1598 673 1652 ἀγανακτήσαντες
700 1597 737 1640 δ’
771 1597 840 1639 ἐπὶ
866 1598 1006 1655 τούτῳ
1028 1599 1256 1639 Γαλιλαῖοι
1281 1598 1330 1638 τὸ
1360 1600 1466 1651 πλῆ-

119 1673 202 1718 θος
232 1676 320 1710 τῶν
347 1669 574 1711 Ἰουδαίων
606 1671 786 1711 ἔπειθον
819 1667 886 1722 ἐφ’
925 1669 1036 1709 ὅπλα
1077 1666 1147 1709 καὶ
1186 1670 1353 1721 φόνους
1384 1684 1467 1722 χω-

119 1746 250 1794 ρῆσαι
287 1738 360 1780 καὶ
397 1746 471 1793 τῆς
512 1739 769 1792 ἐλευθερίας
807 1738 1085 1793 ἀντέχεσθαι·
1132 1739 1339 1780 δουλείαν
1384 1739 1466 1792 γὰρ

118 1809 190 1852 καὶ
235 1808 336 1851 καθ’
387 1810 525 1863 αὑτὴν
569 1807 649 1863 μὲν
691 1810 852 1863 πικρὰν
897 1812 1050 1863 ἔλεγον
1095 1806 1228 1862 εἶναι,
1270 1810 1348 1863 τὴν
1394 1806 1462 1861 ἐφ’

68 1893 102 1919 25
120 1881 247 1935 ὕβρει
293 1878 340 1921 δὲ
381 1880 657 1922 παντάπασιν
701 1880 936 1935 ἀφόρητον.
1011 1880 1157 1933 <121>
1199 1886 1288 1921 τῶν
1327 1876 1368 1920 δ’
1420 1878 1467 1920 ἐν

120 1950 234 1993 τέλει
265 1951 588 2005 καταπραΰνειν
629 1950 788 2000 αὐτοὺς
824 1949 896 1992 καὶ
936 1949 1188 1992 συστέλλειν
1226 1950 1306 2003 τὴν
1338 1965 1467 2003 ταρα-

120 2022 203 2077 χὴν
234 2021 532 2076 πειρωμένων,
564 2020 636 2062 καὶ
667 2024 835 2063 πείσειν
866 2023 943 2063 τὸν
976 2022 1217 2075 Κουμανὸν
1259 2019 1467 2074 ἐπαγγελ-

121 2091 321 2146 λομένων
361 2093 484 2141 δίκας
523 2091 840 2146 εἰσπράξασθαι
883 2093 1000 2147 παρὰ
1036 2099 1124 2133 τῶν
1165 2090 1468 2147 ἀνῃρηκότων,

123 2161 306 2212 ἐκείνοις
343 2161 423 2217 μὲν
461 2161 513 2204 οὐ
550 2161 816 2217 προσέσχον,
856 2161 1150 2216 ἀναλαβόντες
1182 2160 1230 2203 δὲ
1264 2162 1316 2203 τὰ
1356 2161 1467 2203 ὅπλα

11 2256 16 2260 ·
67 2245 100 2271 30
119 2233 192 2275 καὶ
232 2236 418 2287 βοηθεῖν
449 2232 709 2287 Ἐλεάζαρον
745 2235 823 2275 τὸν
861 2240 940 2275 τοῦ
972 2235 1186 2275 Δειναίου
1224 2230 1468 2286 παρακαλέ-

218 2317 237 2356 ξ
265 2316 331 2348 118
359 2314 402 2349 cf,
429 2313 520 2348 Bell.
547 2314 625 2348 Iud.
653 2314 687 2347 11
714 2317 769 2358 12,
796 2318 827 2349 3.
