1732 2526
211 81 298 122 354
773 80 1003 113 ΙΩΣΗΠΟΥ

210 194 341 230 τοῦτο
374 185 446 229 καὶ
478 188 539 237 εἰς
571 187 651 241 τὴν
682 195 769 228 τῶν
795 185 1158 242 Ἱεροσολυμιτῶν
1195 187 1341 239 πόλιν,
1379 186 1452 227 ἵνα
1482 185 1574 227 κά-’

212 267 350 300 κεῖνοι
382 259 561 311 γνόντες
591 257 677 300 ὑπὸ
709 264 798 298 τῶν
836 258 1086 298 Γαλιλαίων
1123 258 1355 311 κεκρίσθαι
1392 272 1442 311 με
1481 271 1558 298 πο-

214 328 366 382 λέμιον
398 326 470 369 καὶ
503 326 627 369 αὐτοὶ
664 329 964 382 ψηφίσωνται·
1002 327 1244 381 γενομένου
1283 327 1365 382 γὰρ
1397 327 1557 369 τούτου

213 397 285 440 καὶ
305 400 408 447 τοὺς
427 397 635 447 εὐνοϊκῶς
655 398 833 454 ἔχοντάς
853 413 927 451 μοι
948 398 1210 447 Γαλιλαίους
1231 396 1558 451 ἐγκαταλείψειν

215 471 296 523 ἔφη
329 467 620 523 φοβηθέντας.
657 468 800 521 <238>
825 474 959 509 ταῦτα
986 468 1399 522 συμβουλεύσαντος
1414 466 1558 509 Ἰωάν-
1595 483 1611 509 5

214 556 319 593 νου,
345 539 517 594 σφόδρα
543 537 614 579 καὶ
639 545 731 587 τοῖς
750 538 899 587 ἄλλοις
924 539 1051 593 ἤρεσε
1079 538 1128 578 τὰ
1157 537 1380 593 λεχθέντα.
1413 539 1558 592 <239>

214 608 313 664 περὶ
346 607 387 651 δ’
432 610 551 663 ὥραν
582 615 656 662 τῆς
690 609 847 657 νυκτὸς
880 610 1029 662 τρίτην
1072 609 1133 657 είς
1165 616 1329 662 γνῶσιν
1370 605 1451 662 ἧκέ
1484 624 1558 662 μοι

215 687 362 733 ταῦτα,
389 680 613 733 Σακχαίου
639 685 727 719 τῶν
754 680 837 720 σὺν
863 678 1010 728 αὐτοῖς
1035 679 1153 728 τινὸς
1179 678 1560 733 αὐτομολήσαντος

214 752 323 804 πρός
363 765 414 804 με
460 748 532 790 καὶ
575 750 654 803 τὴν
705 748 972 803 ἐπιχείρησιν
1019 749 1163 790 αὐτῶν
1205 749 1558 803 ἀπαγγείλαντος.

216 821 359 874 <24Ο>
392 818 535 861 οὐκέτι
563 820 616 873 δὴ
644 820 738 860 δεῖν
772 819 1092 874 ὑπερτίθεσθαι
1124 821 1200 861 τὸν
1232 821 1404 873 καιρόν·
1437 819 1560 870 ἄξιον
1582 836 1614 861 ιο

217 888 265 932 δὲ
318 893 469 944 κρίνας
515 887 724 944 Ἰάκωβον
775 889 956 944 ὁπλίτην
1000 898 1087 931 τῶν
1131 889 1229 942 περὶ
1283 887 1355 944 ἐμὲ
1404 892 1561 932 πιστὸν

215 962 379 1003 κελεύω
412 962 663 1010 διακοσίους
696 960 872 1010 ὁπλίτας
904 962 1095 1014 λαβόντα
1127 968 1340 1015 φρουρεῖν
1372 961 1447 1010 τὰς
1478 959 1561 1002 ἀπὸ

225 1032 440 1086 Γαβάρων
462 1032 522 1080 εἰς
541 1032 620 1085 τὴν
642 1032 882 1072 Γαλιλαίαν
903 1031 1094 1084 ἐξόδους,
1115 1030 1186 1072 καὶ
1206 1033 1307 1080 τοὺς
1325 1033 1563 1086 παριόντας

223 1101 589 1156 συλλαμβάνοντα
609 1103 716 1155 πρὸς
737 1099 810 1155 ἐμὲ
834 1101 1035 1156 πέμπειν,
1060 1102 1245 1156 μάλιστα
1263 1099 1310 1143 δὲ
1336 1103 1438 1151 τοὺς
1458 1102 1562 1155 μετὰ

219 1172 486 1227 γραμμάτων
507 1170 830 1226 ἁλισκομένους.
870 1173 1014 1225 <241>
1034 1170 1248 1227 Ἱερεμίαν
1270 1169 1318 1213 δὲ
1337 1170 1408 1213 καὶ
1428 1172 1563 1214 αὐτὸν
1584 1188 1616 1213 15

220 1243 267 1285 ἐκ
301 1250 389 1284 τῶν
432 1244 575 1297 φίλων
610 1258 694 1296 μου
730 1241 828 1296 μεθ’
876 1240 1111 1292 ἑξακοσίων
1153 1243 1342 1284 ὁπλιτῶν
1385 1243 1448 1291 εἰς
1483 1243 1564 1296 τὴν

223 1315 436 1368 μεθόριον
462 1319 537 1366 τῆς
561 1314 795 1362 Γαλιλαίας
814 1315 996 1367 ἔπεμψα,
1017 1314 1090 1373 τὰς
1110 1312 1193 1355 ἀπὸ
1214 1313 1371 1367 ταύτης
1399 1314 1460 1362 εἰς
1485 1314 1565 1366 τὴν

215 1382 576 1439 Ἱεροσολυμιτῶν
599 1385 730 1425 πόλιν
751 1383 882 1433 ὁδοὺς
900 1383 1284 1438 παραφυλάξοντα,
1309 1385 1565 1437 πρόσταγμα

225 1455 330 1503 δοὺς
360 1453 544 1511 κάκείνῳ
577 1455 678 1502 τοὺς
710 1451 799 1507 μετ’
837 1452 1078 1495 ἐπιστολῶν
1109 1453 1345 1503 ὁδεύοντας
1376 1456 1577 1508 συλλαμ-.

224 1524 398 1578 βάνειν,
441 1521 512 1563 καὶ
554 1523 656 1571 τοὺς
694 1520 774 1576 μὲν
817 1523 981 1577 ἄνδρας
1017 1522 1064 1563 ἐν
1109 1523 1284 1576 δεσμοῖς
1322 1522 1391 1565 ἐπὶ
1428 1526 1565 1566 τόπου
1584 1541 1619 1566 20

221 1594 475 1648 φυλάττειν,
506 1593 557 1633 τὰ
591 1589 638 1633 δὲ
670 1593 899 1647 γράμματα
930 1594 1038 1647 πρὸς
1070 1591 1142 1647 ἐμὲ
1176 1591 1444 1647 διαπέμπειν.

160 1676 207 1705 47
314 1664 458 1717 <242>
491 1669 626 1704 ταῦτα
658 1670 748 1712 τοῖς
773 1662 1065 1718 πεμπομένοις
1091 1663 1404 1718 ἐντειλάμενος,
1437 1666 1478 1705 Γ
1474 1668 1565 1706 αλι-

223 1737 362 1782 λαιόις
395 1734 621 1787 διήγγειλα
652 1734 843 1775 κελεύων
875 1735 936 1782 εἰς
967 1734 1048 1787 τὴν
1081 1733 1291 1775 ἐπιοῦσαν
1323 1733 1566 1789 ἀναλαβόν-

222 1821 296 1853 τας
327 1805 378 1845 τὰ
405 1804 516 1845 ὅπλα
553 1803 625 1845 καὶ
662 1811 796 1858 τριῶν
836 1804 1010 1859 ἡμερῶν
1042 1806 1212 1859 τροφὴν
1250 1806 1311 1854 είς
1343 1806 1566 1860 Γαβαρὼθ

221 1875 372 1928 κώμην
403 1873 730 1928 παραγενέσθαι
761 1876 869 1929 πρός
901 1890 964 1929 με.
1015 1882 1102 1916 τῶν
1135 1873 1182 1916 δὲ
1208 1873 1307 1930 περὶ
1340 1873 1412 1930 ἐμὲ
1444 1876 1564 1918 ὁπλι-
1585 1891 1619 1917 25

221 1952 309 1986 τῶν
341 1946 495 1999 μοίρας
525 1943 728 1999 τέτταρας
759 1947 924 1999 νείμας,
956 1947 1057 1994 τοὺς
1100 1945 1384 1995 πιστοτάτους
1420 1946 1565 1988 αὐτῶν

221 2013 321 2069 περὶ
370 2015 450 2068 τὴν
499 2020 577 2055 τοῦ
628 2016 824 2069 σώματος
867 2017 1069 2069 φυλακὴν
1119 2015 1264 2067 ἔταξα,
1308 2015 1565 2071 ταξιάρχους

223 2084 372 2133 αὐτοῖς
410 2083 661 2138 ἐπιστήσας,
704 2084 776 2126 καὶ
814 2088 1061 2140 φροντίζειν
1092 2087 1299 2136 κελεύσας
1336 2083 1444 2139 ὑπὲρ
1485 2094 1564 2129 τοῦ

223 2152 390 2209 μηδένα
417 2155 682 2208 στρατιώτην
708 2156 935 2208 ἄγνωστον
962 2156 1109 2205 αὐτοῖς
1138 2159 1563 2212 συναναμίγνυσθαι.

222 2225 370 2279 <243>
402 2231 451 2279 τῇ
486 2223 524 2265 δ’
562 2225 743 2281 ἐπιούσῃ
775 2225 873 2281 περὶ
898 2226 1096 2281 πέμπτην
1128 2227 1246 2281 ὥραν
1273 2226 1320 2268 ἐν
1345 2228 1565 2282 Γαβαρὼθ
1583 2242 1622 2267 3ο

221 2296 459 2349 γενόμενος
491 2294 676 2350 εὑρίσκω
715 2302 802 2337 πᾶν
840 2298 887 2338 τὸ
925 2297 1078 2338 πεδίον
1119 2299 1167 2339 τὸ
1199 2299 1284 2352 πρὸ
1316 2303 1390 2351 τῆς
1420 2299 1566 2353 κώμης
