1732 2526
598 95 1008 130 ΕΠΤΑΚΑΙΔΕΚΑΤΗ
1392 97 1475 138 123

219 203 364 258 (285)
404 201 477 244 καὶ
516 202 618 244 τάδε
659 199 738 257 μὲν
775 201 963 258 ὕστερον
1001 205 1189 259 γίνεται,
1228 207 1475 260 λῃστηρίων
1502 216 1523 247 8

131 271 174 315 δ’
211 273 237 327 ἡ
266 271 457 316 Ἰουδαία
483 275 678 327 ἔμπλεως
703 269 773 327 ἦν,
799 271 870 314 καὶ
897 273 955 322 ὡς
980 272 1035 314 ἂν
1067 275 1360 330 παρατύχοιέν
1389 292 1476 318 τινι

131 345 178 386 οἱ
212 344 582 392 συστασιάσαντες
619 343 758 399 αὐτῷ,
796 345 1003 397 βασιλεὺς
1048 346 1366 400 προϊστάμενος
1407 345 1470 388 ἐπ’

130 413 303 472 ὀλέθρῳ
335 420 414 456 τοῦ
439 419 595 456 κοινοῦ
620 414 836 467 ἠπείγετο,
858 413 985 467 ὀλίγα
1011 412 1091 468 μὲν
1117 414 1189 456 καὶ
1215 414 1281 456 ἐπ’
1313 416 1477 470 ὀλίγοις

93 498 110 523 5
124 484 350 540 Ῥωμαίοις
381 482 568 539 λυπηροὶ
600 485 932 539 καθιστάμενοι,
963 491 1042 527 τοῦ
1069 483 1109 526 δ’
1141 485 1370 541 ὁμοφύλου
1396 489 1475 541 φό-

128 571 209 598 νον
241 554 310 597 ἐπὶ
342 556 552 610 μήκιστον
584 554 879 609 ἐμποιοῦντες.

216 626 361 681 (286)
390 624 532 681 ’ὃᾶρος
565 624 603 667 δ’
642 625 791 680 ἐπειδὴ
824 627 872 668 τὸ
904 633 1079 681 πρῶτον
1117 627 1392 669 πυνθάνεται
1424 629 1475 669 τὰ

125 695 408 750 πεπραγμένα
449 698 649 750 Σαβίνου
688 696 938 752 γράψαντος
974 698 1083 752 πρὸς
1128 696 1284 751 αὐτόν,
1330 699 1476 748 δείσας

127 766 227 821 περὶ
258 774 338 809 τοῦ
370 767 598 822 τάγματος,
633 767 714 809 δύο
746 768 798 809 τὰ
830 768 961 809 λοιπὰ
987 766 1221 822 ἀναλαβών
1249 766 1366 824 (τρία
1392 770 1474 822 γαρ

75 851 108 875 10
129 837 197 880 ἐπὶ
235 839 404 892 Συρίας
441 838 493 879 τὰ
531 837 672 879 πάντα
710 835 784 893 ἦν)
815 836 886 879 καὶ
921 841 1015 888 ἴλας
1054 837 1220 880 ἱππέων
1258 837 1474 893 τέτταρας,

128 908 267 951 ὁπόσα
298 907 333 950 τ’
373 907 628 963 ἐπικουρικὰ
654 907 680 962 ἢ
707 911 900 962 βασιλεῖς
926 910 952 962 ἤ
979 924 1094 958 τινες
1125 909 1353 964 τετράρχαι
1379 911 1475 951 τότε

126 986 352 1034 παρεῖχον,
384 979 584 1033 ἠπείγετο
617 981 805 1033 βοηθεῖν
836 986 927 1028 τοῖς
958 978 1006 1021 ἐν
1033 977 1227 1036 Ἰουδαία
1263 982 1359 1021 τότε
1398 995 1475 1022 πο-

127 1048 469 1104 λιορκουμένοις.
507 1050 653 1104 <287>
685 1053 832 1104 εἴρητο
867 1047 915 1091 δὲ
946 1056 1080 1091 πᾶσιν
1112 1052 1174 1099 εἰς
1193 1052 1476 1105 Πτολεμαΐδα

127 1119 391 1174 ἐπείγεσθαι,
426 1120 581 1162 ὀπόσοι
607 1119 999 1175 προεξεπέμποντο.
1063 1120 1238 1163 διδόασὶ
1271 1119 1310 1162 δ’
1357 1121 1473 1177 αὐτῷ

21 1220 26 1223 -
74 1203 107 1228 15
127 1189 198 1232 καὶ
242 1191 468 1246 Βηρύτιοι,
513 1191 673 1233 διιόντι
711 1190 857 1232 αὐτῶν
901 1191 981 1244 τὴν
1023 1193 1169 1245 πόλιν,
1214 1190 1475 1246 ἐπικούρους

124 1264 440 1311 πεντακοσίους
483 1260 554 1303 καὶ
596 1263 776 1316 χιλίους.
837 1260 992 1316 πέμπει
1038 1259 1086 1303 δὲ
1129 1261 1201 1303 καὶ
1234 1260 1408 1317 Ἀρέτας
1451 1263 1473 1305 ὁ

125 1335 365 1387 Πετραῖος,
416 1334 536 1388 ἔχθει
580 1338 639 1389 τῷ
678 1330 884 1387 “Ηρώδου
934 1334 1088 1387 φιλίαν
1131 1333 1212 1386 τὴν
1260 1335 1474 1387 Ρωμαίων

125 1404 364 1458 κτώμενος,
421 1403 501 1445 οὐκ
547 1403 702 1457 ὀλίγην
745 1410 869 1458 χεῖρα
911 1405 1050 1454 πεζῶν
1093 1419 1138 1445 τε
1178 1402 1251 1445 καὶ
1294 1403 1473 1446 [ππέων.

126 1474 268 1527 (288)
309 1476 604 1529 συναχθείσης
643 1472 680 1515 δ’
726 1472 774 1515 ἐν
810 1475 1081 1528 Πτολεμαΐδι
1112 1473 1252 1527 πάσης
1282 1475 1366 1528 ἤδη
1398 1481 1475 1529 τῆς

73 1556 106 1580 20
129 1544 368 1598 δυνάμεως,
401 1543 531 1598 μέρος
562 1560 603 1585 τι
634 1545 792 1598 ταύτης
823 1550 882 1601 τςό
922 1545 1002 1601 υἱῷ
1044 1545 1270 1599 παραδοὺς
1302 1544 1370 1586 καὶ
1407 1543 1472 1588 ἑνὶ

125 1621 213 1656 τῶν
246 1615 384 1656 αὑτοῦ
417 1617 561 1669 φίλων
582 1616 845 1664 Γαλιλαίους
872 1613 1077 1669 ἐξέπεμπε
1103 1618 1326 1670 πολεμεῖν,
1353 1619 1397 1658 οἵ
1420 1618 1472 1658 τὰ

126 1685 429 1739 Πτολεμαΐδος
461 1684 646 1740 ἐχόμενα
677 1691 975 1727 κατοικοῦσιν·
1014 1686 1157 1739 <289>
1189 1685 1235 1736 ὃς
1269 1685 1471 1741 ἐμβαλὼν

125 1757 227 1805 τούς
258 1754 296 1797 τ’
333 1755 726 1805 ἀντικαταστάντας
758 1757 819 1805 εἰς
850 1756 992 1811 μάχην
1024 1754 1238 1811 τρέπεται,
1264 1756 1336 1798 καὶ
1357 1757 1473 1799 Σέπ-

125 1842 270 1881 φωριν
315 1825 427 1868 ἑλὼν
471 1828 573 1875 τοὺς
613 1823 692 1880 μὲν
738 1827 968 1882 οἰκήτορας
1004 1827 1359 1882 ἠνδραποδίσατο
1392 1830 1472 1883 τὴν

73 1908 106 1933 25
127 1894 174 1938 δὲ
205 1898 335 1938 πόλιν
373 1894 622 1951 ἐνέπρησεν.
685 1896 814 1946 αὐτὸς
853 1894 900 1938 δὲ
935 1892 1078 1952 ’ὃᾶρος
1116 1896 1185 1939 ἐπὶ
1222 1901 1473 1953 Σαμαρείας

124 1973 184 2024 τῷ
215 1965 346 2008 παντὶ
379 1973 547 2024 στρατῷ
580 1968 748 2021 προϊὼν
780 1973 854 2021 τῆς
885 1965 966 2021 μὲν
1002 1969 1170 2018 πόλεως
1208 1968 1366 2024 ἀπέσχε
1400 1971 1472 2012 διὰ

125 2039 174 2080 τὸ
207 2035 476 2092 ἀνέγκλητον
509 2036 579 2079 ἐπὶ
610 2045 700 2087 τοῖς
731 2045 1039 2094 νεωτερισμοῖς
1070 2036 1199 2093 εἶναι,
1239 2050 1473 2094 στρατοπε-

128 2108 298 2149 δεύεται
331 2106 369 2149 δ’
409 2109 456 2149 ἔν
487 2124 574 2150 τινι
606 2109 727 2164 κώμῃ
762 2111 1040 2164 Πτολεμαίου
1071 2111 1272 2164 κτήματι·
1314 2109 1474 2165 ’Ἀρους

127 2176 250 2233 ὄνομ’
288 2178 409 2233 αὐτῇ.
471 2178 615 2232 (290)
647 2177 720 2220 καὶ
751 2180 798 2221 οἱ
813 2178 999 2234 ’Ἀραβες
1030 2182 1146 2234 μίσει
1177 2186 1235 2236 τῷ
1266 2179 1472 2235 (Ηρώδου

74 2260 108 2285 30
128 2247 422 2304 ἐμπιμπρᾶσιν
448 2249 600 2303 αὐτήν,
627 2248 796 2305 ἐχθρῶς
821 2248 893 2291 καὶ
919 2252 1027 2304 πρὸς
1053 2252 1210 2304 φίλους
1235 2253 1336 2300 τοὺς
1365 2251 1473 2293 ἐκεί-

221 2333 240 2371 g
267 2332 334 2363 286
361 2328 406 2364 ef.
433 2328 524 2364 ΒΘΗ,
551 2328 630 2364 Iud.
656 2329 690 2363 Π
716 2333 747 2374 5,
776 2333 806 2365 1.
