1732 2526
210 53 267 94 98
704 52 1067 86 ΑΡΧΑΙΟΛΟΓΙΑΣ

212 160 379 215 ἔφοδον
411 159 564 215 αὐτοῦ,
595 158 667 202 καὶ
700 158 918 214 ἀνήγαγεν
951 157 1020 201 ἐπὶ
1051 160 1130 201 τὸν
1161 157 1353 214 βασιλέα.
1415 158 1561 213 (158)

214 228 426 287 ἐρομένου
461 229 524 285 δέ,
557 229 649 272 ἐπεὶ
688 230 899 286 ἀφίκοντο
938 228 1000 272 ἐπ’
1049 229 1202 284 αὐτόν,
1239 234 1318 272 τοῦ
1350 227 1572 284 βασιλέως-

212 303 258 343 τί
284 303 548 356 τολμήσειαν
581 301 717 344 αὐτοῦ
750 303 797 344 τὸ
831 300 1039 356 ἀνάθημα
1070 303 1292 354 καθελεῖν,
1325 299 1458 342 (ἀλλὰ
1490 299 1563 342 καὶ

213 374 533 428 πεφρόντισταί
559 387 607 426 γε
641 371 746 427 ἡμῖν
780 372 831 413 τὰ
864 370 1192 428 φροντισθέντα
1224 369 1296 413 καὶ
1321 369 1563 426 πέπρακται

214 443 265 484 τά
308 440 591 499 πεπραγμένα
632 441 721 497 μετ’
767 441 922 499 ἀρετῆς
959 442 1147 498 ἀνδράσι
1187 441 1563 498 πρεπωδεστάτης.

214 519 293 556 τοῦ
325 529 370 555 τε
397 514 479 569 γὰρ
506 515 636 555 θείου
663 519 714 568 τῇ
742 512 917 564 ἀξιώσει
942 511 1261 568 πεπιστευμένα
1294 514 1564 568 βεβοήθηται

215 582 292 638 ὑφ’
330 585 468 639 ἡμῶν,
501 582 573 626 καὶ
604 590 684 626 τοῦ
716 585 856 638 νόμου
883 589 933 639 τῇ
961 582 1166 639 ἀκροάσει
1192 582 1564 639 πεφροντισμένα·

214 656 361 711 <159>
410 656 671 710 θαυμαστόν
721 650 757 696 τ’
812 651 944 696 οὐδὲν
989 656 1030 696 εἰ
1071 661 1159 696 τῶν
1204 661 1294 696 σῶν
1336 654 1567 709 δογμάτων

217 724 479 781 ἀξιωτέρους
512 729 742 780 τηρεῖσθαι
775 719 977 780 ἡγήμεθα
1004 727 1106 775 τοὺς
1131 727 1309 780 νόμους,
1336 725 1414 775 οὓς
1433 727 1567 767 Μωυ-

218 803 295 851 σῆς
326 796 619 852 ὑπαγορεύσει
650 794 721 837 καὶ
756 796 912 851 διδαχῇ
938 801 1017 837 τοῦ
1043 800 1154 838 θεοῦ
1184 796 1462 853 γραψάμενος
1492 812 1566 838 κα-

218 867 402 910 τέλιπεν.
463 866 603 921 ἡδονῇ
637 881 680 907 τε
714 866 790 908 τὸν
822 866 1021 908 θάνατον
1048 870 1227 921 οἴσομεν
1253 864 1325 908 καὶ
1353 868 1567 921 τιμωρίαν

216 936 354 993 ἥντιν’
396 936 635 992 ἐπιβάλοις,
673 937 747 978 διὰ
783 937 833 978 τὸ
873 937 930 991 μὴ
966 933 1030 978 ἐπ’
1074 936 1242 987 ἀδίκοις
1281 939 1426 992 ἔργοις
1457 936 1568 980 ἀλλὰ

218 1011 343 1065 φιλίᾳ
376 1014 455 1050 τοῦ
494 1007 705 1061 εὐσεβοῦς
741 1005 918 1062 μέλλειν
957 1009 1243 1049 συνείσεσθαι
1284 1009 1332 1050 τὸ
1365 1007 1569 1063 ἐφομιλῆ-

219 1090 298 1121 σον
332 1077 497 1121 αὐτοῦ.’
559 1078 703 1132 <160>
741 1076 814 1120 καὶ
853 1080 898 1120 οἳ
926 1094 1005 1133 μεν
1037 1084 1174 1120 ταῦτα
1211 1078 1368 1129 πάντες
1400 1080 1568 1133 ἔλεγον,
1613 1122 1617 1123 ⁷

220 1147 353 1192 οὐδεν
395 1148 673 1205 ἐλλιπεστέρα
711 1164 761 1203 τι]
800 1150 938 1204 τόλμη
977 1154 1056 1190 τοῦ
1094 1151 1229 1203 λόγου
1268 1149 1499 1205 χρώμενοι,
1542 1145 1567 1205 ᾗ

217 1221 522 1275 θαρρήσαντες
577 1221 624 1261 τὸ
677 1220 808 1274 ἔργον
857 1219 1062 1274 πράττειν
1121 1219 1202 1261 οὐκ
1252 1220 1567 1275 ἀπετράποντο

219 1291 361 1345 <161>
405 1291 611 1344 βασιλεὺς
656 1287 695 1331 δ’
746 1290 906 1339 αὐτοὺς
949 1291 1196 1345 καταδήσας
1234 1289 1471 1345 ἐξέπεμψεν
1509 1292 1571 1341 εἰς

212 1360 496 1416 Ἱεριχοῦντα,
528 1359 714 1410 καλέσας
742 1358 972 1402 Ἰουδαίων
998 1363 1100 1411 τοὺς
1127 1360 1174 1402 ἐν
1201 1360 1324 1403 τέλει.
1387 1360 1460 1403 καὶ
1491 1376 1571 1404 πα-

221 1431 529 1486 ραγενομένων
583 1430 869 1486 ἐκκλησιάσας
912 1432 974 1481 εἰς
1022 1432 1070 1473 τὸ
1122 1430 1450 1487 ἀμφιθέατρον,
1501 1431 1571 1474 ε’πὶ

219 1502 439 1544 κλινιδίου
472 1503 670 1557 κείμενος
702 1501 926 1559 ἀδυναμίᾳ
950 1508 1029 1544 τοῦ
1057 1508 1228 1556 στῆναι,
1253 1509 1341 1544 τῶν
1367 1501 1572 1557 ἀγωνιῶν

220 1571 256 1614 τ’
303 1571 370 1628 ἐφ’
410 1572 516 1615 ὅσον
550 1573 604 1626 δή
636 1588 752 1622 τινες
784 1570 897 1627 ἦσαν
930 1570 995 1614 ἐπ’
1027 1572 1188 1623 αὐτοὺς
1214 1581 1441 1627 γεγονυῖαι
1470 1573 1574 1628 ἀνη-

222 1648 442 1699 ριθμεῖτο,
488 1643 632 1698 <162>
676 1642 748 1685 καὶ
791 1649 871 1686 τοῦ
914 1650 1026 1686 ναοῦ
1071 1644 1153 1698 τὴν
1203 1644 1474 1698 κατασκευὴν
1517 1644 1575 1694 ὡς

222 1714 426 1768 μεγάλοις
463 1713 603 1756 τέλεσι
641 1720 732 1764 τοῖς
771 1713 907 1756 αὐτοῦ
948 1712 1142 1769 γένοιτο,
1186 1715 1243 1769 μὴ
1284 1713 1574 1769 δυνηθέντων

222 1786 363 1826 ἔτεσιν
408 1782 564 1826 ἑκατὸν
602 1788 741 1827 εἴκοσι
779 1783 908 1827 πέντε
949 1792 1037 1827 τῶν
1065 1783 1383 1839 Ἀσαμωναίου,
1422 1785 1469 1828 ἐν
1511 1780 1576 1836 οἷς

222 1854 501 1910 ἐβασίλευον,
545 1856 718 1897 τοιόνδε
763 1871 804 1897 τι
849 1854 918 1897 ἐπὶ
962 1862 1063 1911 τιμῇ
1114 1857 1273 1911 πρᾶξαι
1323 1863 1402 1898 τοῦ
1445 1860 1627 1899 θεοῦ”ῑ·

221 1931 439 1980 κοσμῆσαι
472 1923 519 1966 δὲ
552 1924 625 1967 καὶ
664 1925 948 1981 ἀναθήμασιν
987 1925 1246 1981 ἀξιολόγοις,
1284 1925 1430 1981 <163>
1463 1926 1574 1969 ἀνθ’

224 1992 285 2037 ὧν
319 1995 475 2037 ἐλπίδα
501 1994 581 2050 μὲν
608 1996 726 2053 αὐτῷ
754 1996 963 2051 γενέσθαι
990 1996 1072 2038 κᾶν
1098 1994 1198 2052 μεθ’
1231 1996 1253 2038 ὃ
1287 1996 1421 2039 θάνοι
1447 2013 1576 2040 κατα-

223 2069 509 2117 λελείψεσθαι
540 2069 717 2123 μνήμην
748 2066 784 2110 τ’
824 2067 960 2110 αὐτοῦ
999 2066 1071 2109 καὶ
1107 2068 1325 2110 εὔκλειαν.
1388 2069 1575 2122 κατεβόα

222 2136 258 2179 τ’
312 2138 395 2191 ἤδη
442 2137 554 2179 διότι
609 2136 719 2192 μηδὲ
770 2140 908 2189 ζῶντα
954 2138 1149 2193 ὑβρίζειν
1200 2137 1464 2193 ἀπόσχοιντο
1516 2139 1577 2188 εἰς

223 2207 374 2262 αὐτόν,
407 2205 501 2249 ἀλλ’
538 2207 702 2264 ἡμέρας
732 2224 778 2251 τε
811 2207 882 2251 καὶ
916 2208 964 2251 ἐν
995 2210 1094 2260 ὄψει
1120 2214 1195 2264 τῆς
1222 2209 1423 2263 πληθύος
1448 2208 1575 2264 ὕβρει

220 2277 476 2334 χρωμένους
508 2279 709 2330 ἅψασθαι
743 2287 830 2322 τῶν
863 2277 935 2321 ὑπ’
981 2279 1117 2322 αὐτοῦ
1156 2278 1469 2334 ἀνακειμένων,
1503 2277 1575 2321 καὶ

1587 806 1621 832 10

1591 1159 1623 1185 15

1593 1514 1626 1539 20

1595 2219 1629 2245 30
