1732 2526
214 100 269 140 66
706 97 1070 131 ΑΡΧΑῙΟΛΟΓΙΑΣ

213 205 261 248 δὲ
294 205 363 249 καὶ
393 204 730 261 Ἀριστόβουλος
756 204 964 260 ἀχθέντες
993 206 1054 255 εἰς
1080 205 1312 259 Σεβαστὴν
1339 203 1564 256 ἐπιτάξαν-

212 294 284 328 τος
314 284 394 319 τοῦ
426 278 588 332 πατρὸς
621 277 869 332 στραγγάλῃ
907 278 1172 330 κτείνονται,
1210 276 1262 317 τὰ
1301 273 1348 316 δὲ
1388 275 1564 329 σώματα
1594 288 1599 292 ·

210 349 385 403 νύκτωρ
431 349 492 397 εἰς
531 344 861 402 Ἀλεξάνδρειον
906 346 1145 401 ἀπέθεντο,
1194 353 1273 388 τοῦ
1316 361 1360 388 τε
1405 362 1563 402 μητρο-

210 419 400 474 πάτορος
431 417 522 460 ε’κεϊ
550 417 621 460 καὶ
653 426 741 460 τῶν
773 420 991 460 πλείστων
1033 417 1181 467 αὐτοῖς
1212 419 1446 473 προγόνων
1477 433 1563 460 κει-

211 488 367 544 μένων.

300 561 444 614 <395>
486 564 588 609 ἴσως
626 557 706 614 μὲν
746 556 828 600 οὗν
867 559 947 601 οὐκ
985 560 1150 613 ἄλογον
1189 558 1321 609 ἐνίοις
1352 561 1564 614 καταφαί-

209 646 330 673 νεται
358 633 631 687 τρεφόμενον
654 629 700 672 ἐκ
725 633 894 672 πολλοῦ
920 630 968 671 τὸ
994 636 1120 684 μῖσος
1141 630 1279 680 οὕτως
1299 628 1563 684 αὐξηθῆναι,

209 701 281 744 καὶ
314 701 554 757 περαιτέρω
588 702 813 756 προελθὸν
853 700 1115 754 ἀπονικῆσαι
1154 700 1233 754 τὴν
1273 701 1426 754 φύσιν·
1473 699 1563 742 ε’πί-

210 784 358 822 στασις
391 770 439 814 δὲ
470 769 630 826 γένοιτ’
662 771 717 813 ἂν
738 772 942 825 Ιεἰκότως,
974 768 1050 813 εἴτ’
1081 773 1142 821 εἰς
1173 773 1275 825 τοὺς
1303 773 1562 821 νεανίσκους

208 842 438 885 ἀνοιστέον
482 844 562 898 τὴν
606 844 814 897 τοιαύτην
864 843 1029 896 αἰτίαν,
1077 842 1186 897 πρὸς
1235 845 1377 884 αἴτιον
1428 842 1562 897 ὀργῆς

208 913 453 968 ἀγαγόντας
496 914 573 955 τὸν
616 911 780 967 πατέρα
829 911 901 954 καὶ
950 915 1096 970 χρόνῳ
1143 912 1561 968 παρασκευάσαντας

206 984 291 1026 ὑπὸ
336 986 626 1040 χαλεπότητος
670 983 911 1038 ἀνήκεστον
957 983 1126 1038 αὑτοῖς,
1169 984 1315 1038 <396>
1359 987 1444 1025 εἴτε
1487 981 1559 1025 καὶ

205 1057 314 1111 πρὸς
347 1055 481 1097 αὐτὸν
515 1054 684 1096 ε’κεινον
711 1053 861 1108 ἀπαθῆ
893 1053 965 1096 καὶ
990 1056 1193 1110 περιττὸν
1220 1055 1325 1097 ὄντα
1353 1053 1454 1110 περὶ
1479 1055 1559 1109 τὴν

207 1126 449 1180 ἐπιθυμίαν
481 1131 556 1179 τῆς
588 1125 722 1181 ἀρχῆς
753 1123 825 1166 καὶ
858 1131 934 1179 τῆς
965 1126 1099 1180 άλλης
1130 1124 1353 1180 εὐδοξίας,
1392 1125 1449 1176 ὡς
1480 1141 1559 1180 μη·
1619 1152 1623 1153 ⁷

205 1196 298 1239 δέν’
334 1200 508 1239 οἴεσθαι
539 1194 859 1251 παραλειπτέον
892 1194 960 1251 ἐφ’
999 1191 1032 1238 ὦ
1066 1203 1153 1238 πᾶν
1195 1198 1244 1239 τὸ
1282 1198 1558 1251 βουλόμενον

205 1267 414 1323 ἀνίκητον
447 1269 577 1322 ἔχειν,
610 1267 756 1322 <397>
788 1266 814 1321 ἢ
840 1265 913 1308 καὶ
939 1268 1019 1321 τὴν
1045 1268 1182 1323 τύχην
1208 1269 1371 1317 παντὸς
1395 1267 1559 1321 εὐγνώ-

204 1355 338 1394 μονος
376 1342 591 1392 λογισμοῦ
629 1339 756 1392 μείζω
794 1338 875 1392 τὴν
918 1338 1110 1392 δύναμιν
1151 1337 1408 1393 ἐσχηκυῖαν,
1450 1338 1559 1380 ὅθεν

203 1409 275 1452 καὶ
315 1411 566 1464 πειθόμεθα
607 1409 682 1458 τὰς
723 1408 1009 1463 ἀνθρωπίνας
1048 1408 1224 1463 πράξεις
1266 1406 1343 1451 ὑπ’
1390 1408 1558 1463 ἐκείνης

202 1483 612 1536 προκαθωσιῶσθαι
643 1485 694 1535 τῇ
727 1485 805 1521 τοῦ
838 1478 1049 1534 γενέσθαι
1081 1480 1255 1530 πάντως
1286 1479 1454 1536 ἀνάγκῃ
1485 1477 1558 1521 καὶ

203 1555 424 1606 καλοῦμεν
457 1550 595 1605 αὐτὴν
627 1548 917 1605 εἱμαρμένην,
958 1550 1017 1600 ὡς
1055 1550 1240 1600 οὐδενὸς
1279 1551 1405 1600 ὄντος
1443 1550 1466 1592 ὃ
1499 1551 1557 1605 μὴ

204 1620 262 1663 δι’
294 1621 432 1675 αὐτὴν
465 1623 672 1675 γίγνεται.
721 1620 868 1676 <398>
894 1627 1053 1663 τοῦτον
1085 1618 1165 1675 μὲν
1192 1617 1274 1662 οὐν
1303 1622 1381 1663 τὸν
1407 1622 1558 1676 λόγον,

203 1693 260 1742 ὡς
303 1695 486 1747 νομίζω,
537 1693 646 1745 πρὸς
690 1690 861 1734 ἐκεῖνον
909 1690 1082 1746 ἀρκέσει
1126 1694 1317 1747 κρίνειν,
1366 1691 1472 1746 ἡμῖν
1515 1689 1551 1733 τ’

203 1763 351 1812 αὐτοῖς
394 1762 689 1812 ἀποδιδόντας
732 1779 772 1803 τι
815 1761 888 1804 καὶ
928 1763 1003 1812 τὰς
1044 1763 1294 1818 διαφθορὰς
1334 1769 1422 1804 τῶν
1467 1761 1556 1804 ε’πι-

201 1834 485 1888 τηδευμάτων
513 1833 594 1876 οὐκ
619 1833 960 1883 ἀνυπευθύνους
985 1839 1239 1883 ποιοῦντας·
1270 1833 1296 1875 ἃ
1321 1833 1406 1889 πρὸ
1432 1833 1556 1888 ἡμῶν

206 1905 285 1958 ἤδη
317 1906 668 1959 πεφιλοσόφηται
699 1902 771 1945 καὶ
803 1910 862 1961 τῷ
895 1905 1029 1962 νόμῳ.
1092 1903 1237 1958 <399>
1274 1911 1362 1946 τῶν
1402 1901 1440 1945 δ’
1479 1905 1553 1946 ἄλ-

201 1978 291 2016 λων
331 1975 411 2016 δύο
450 1974 528 2029 τὴν
567 1972 647 2029 μὲν
687 1974 770 2016 ἀπὸ
808 1982 896 2016 τῶν
936 1975 1109 2016 παίδων
1147 1972 1348 2029 μέμψαιτ’
1393 1975 1448 2016 ἄν
1490 1991 1555 2025 τις

201 2046 366 2099 αἰτίαν,
410 2045 496 2086 ὑπό
539 2041 575 2086 τ’
625 2045 866 2094 αὐθαδείας
908 2051 1168 2100 νεωτερικῆς
1210 2043 1282 2086 καὶ
1326 2048 1554 2100 βασιλικῆς

201 2116 396 2170 οἰήσεως,
431 2115 496 2156 ὅτι
528 2114 601 2157 καὶ
634 2117 856 2170 διαβολῶν
882 2115 1111 2171 ἠνείχοντο
1138 2116 1246 2158 κατὰ
1271 2122 1350 2158 τοῦ
1375 2118 1552 2171 πατρός,

199 2184 271 2227 καὶ
315 2193 403 2227 τῶν
446 2185 757 2242 πραττομένων
799 2186 916 2243 αὐτῷ
960 2185 1060 2241 περὶ
1100 2188 1178 2229 τὸν
1219 2188 1318 2241 βίον
1360 2187 1440 2230 οὐκ
1482 2187 1552 2229 εὐ-

199 2263 345 2309 μενεῖς
388 2253 500 2310 ἧσαν
545 2255 783 2311 ἐξετασταί,
828 2255 900 2298 καὶ
940 2259 1176 2312 κακοήθεις
1217 2255 1298 2312 μὲν
1341 2257 1551 2300 ὑπονοεῖν

197 2326 398 2383 ἀκρατεῖς
443 2324 490 2368 δὲ
533 2326 701 2383 λέγειν,
747 2327 957 2370 εὐάλωτοι
1000 2325 1048 2370 δὲ
1090 2326 1147 2370 δι’
1195 2327 1420 2386 ἀμφότερα
1460 2336 1552 2379 τοῖς

1600 500 1617 526 5

1582 854 1615 879 10

1579 1208 1612 1234 15

1578 1563 1612 1589 20

1573 1917 1607 1942 25

1570 2270 1605 2296 30
