1732 2526
772 83 886 115 ΒΙΟΣ
1416 79 1502 121 385

159 197 248 231 τῶν
289 192 619 244 βασκαινόντων
663 204 736 242 μοι
774 194 849 241 τῆς
886 188 1087 243 εὐτυχίας
1128 190 1388 242 κατηγορίας
1430 183 1498 229 ἐπ’

161 258 233 314 ἐμὲ
260 260 532 311 συνθέντων,
557 262 668 300 θεοῦ
694 261 880 313 προνοίᾳ
904 258 1044 307 πάσας
1071 257 1298 312 διέφυγον.
1343 260 1502 312 ἔλαβον

160 327 208 372 δὲ
239 330 354 383 παρὰ
395 333 696 371 ὅεσπασιανοῦ
736 328 907 381 δωρεὰν
943 334 1026 382 γῆν
1068 328 1148 369 οὐκ
1186 329 1339 382 ὀλίγην
1373 327 1420 370 ἐν
1451 333 1501 382 τῇ

155 397 359 456 Ἰουδαίᾳ.
409 399 552 452 <426>
585 396 686 440 καθ’
726 397 778 440 ὃν
811 399 864 452 δὴ
897 399 1051 452 καιρὸν
1084 399 1155 439 καὶ
1187 399 1266 452 τὴν
1302 405 1503 452 γυναῖκα,

124 482 140 508 5
160 471 218 525 μὴ
244 469 536 525 ἀρεσκόμενος
562 469 694 523 αὐτῆς
712 475 802 518 τοῖς
822 470 996 522 ἤθεσιν,
1017 468 1349 522 ἀπεπεμψάμην,
1369 476 1504 521 τριῶν

157 542 328 582 παίδων
365 539 607 594 γενομένην
647 538 825 593 μητέρα,
863 535 925 580 ὧν
964 539 1010 581 οἶ
1038 538 1117 592 μὲν
1160 540 1240 580 δύο
1285 537 1503 592 ἐτελεύτη-

158 622 257 663 σαν,
283 605 345 661 εἶς
371 607 412 652 δ’
443 610 494 652 ὃν
508 608 720 663 Ὑρκανὸν
739 611 1075 663 προσηγόρευσα
1098 611 1331 663 περίεστιν.
1358 609 1503 662 <427>

158 681 263 735 μετὰ
305 678 423 722 ταῦτ’
474 681 702 735 ἠγαγόμην
745 687 932 733 γυναῖκα
981 686 1285 737 κατῳκηκυῖαν
1330 676 1409 734 μὲν
1455 678 1502 720 ἐν

158 753 324 807 Κρήτῃ,
361 752 409 792 τὸ
448 748 496 792 δὲ
534 750 662 804 γένος
696 748 937 800 Ἰουδαίαν,
973 749 1142 802 γονέων
1180 750 1503 803 εὐγενεστάτων

108 834 139 858 10
158 820 229 863 καὶ
261 829 348 863 τῶν
380 822 488 864 κατὰ
519 823 599 876 τὴν
631 822 776 876 χώραν
803 819 1173 875 ἐπιφανεστάτων,
1200 822 1301 874 ἤθει
1327 823 1504 863 πολλῶν

159 899 382 946 γυναικῶν
421 892 736 947 διαφέρουσαν,
775 891 833 940 ὡς
871 891 893 933 ὁ
932 891 1037 945 μετὰ
1077 898 1212 933 ταῦτα
1244 893 1340 945 βίος
1371 891 1505 945 αὐτῆς

159 961 395 1012 ἀπέδειξεν.
459 962 505 1004 ἐκ
542 962 699 1015 ταύτης
736 962 790 1014 δή
829 977 902 1015 μοι
945 964 1170 1014 γίγνονται
1211 962 1364 1010 παῖδες
1405 962 1502 1015 δύο,

159 1033 452 1087 πρεσβύτερος
483 1030 562 1086 μὲν
589 1031 793 1084 Ἰοῦστος,
825 1032 1080 1085 Σιμωνίδης
1113 1028 1160 1072 δὲ
1193 1030 1282 1085 μετ’
1318 1031 1504 1085 ἐκεῖνον,

160 1102 182 1144 ὁ
214 1101 286 1144 καὶ
313 1101 548 1157 Ἀγρίππας
580 1102 840 1155 ἐπικληθείς.
902 1108 1036 1143 ταῦτα
1079 1100 1158 1155 μέν
1196 1118 1270 1155 μοι
1308 1103 1360 1144 τὰ
1398 1103 1505 1143 κατὰ

107 1184 140 1210 15
159 1173 235 1215 τὸν
279 1169 419 1215 οἷκον·
464 1171 654 1227 διέμεινε
693 1172 744 1214 δέ
779 1187 852 1226 μοι
893 1172 1020 1226 ὅμοια
1061 1171 1133 1213 καὶ
1173 1173 1226 1213 τὰ
1262 1173 1379 1226 παρὰ
1417 1179 1505 1213 τῶν

159 1243 508 1297 αὐτοκρατόρων.
549 1243 695 1297 <428>
725 1241 1031 1284 ’δεσπασιανοῦ
1057 1243 1139 1297 γὰρ
1165 1244 1505 1296 τελευτήσαντος

165 1316 289 1363 Τίτος
319 1314 398 1368 τὴν
431 1312 570 1368 ἀρχὴν
603 1312 926 1367 διαδεξάμενος,
966 1313 1124 1367 ὁμοίαν
1161 1319 1220 1369 τῷ
1263 1311 1393 1367 πατρὶ
1424 1314 1506 1367 τὴν

158 1386 288 1438 τιμήν
321 1399 394 1438 μοι
427 1383 674 1438 διεφύλαξε,
705 1383 914 1432 πολλάκις
945 1398 988 1424 τε
1019 1382 1398 1438 κατηγορηθέντος
1424 1383 1505 1425 οὐκ

160 1455 424 1496 ἐπίστευσεν.
469 1455 611 1507 <429>
643 1453 953 1507 διαδεξάμενος
986 1451 1033 1494 δὲ
1072 1456 1201 1495 Τίτον
1233 1454 1506 1507 Δομετιανὸς

107 1536 141 1561 20
159 1523 231 1566 καὶ
262 1523 538 1579 προσηύξησε
570 1524 645 1572 τὰς
675 1524 736 1572 εἰς
769 1520 842 1577 ἐμὲ
874 1523 1014 1577 τιμάς·
1047 1524 1150 1572 τούς
1180 1539 1225 1564 τε
1257 1524 1339 1578 γὰρ
1377 1539 1506 1577 κατη-

159 1595 432 1651 γορήσαντάς
463 1610 548 1648 μου
571 1593 811 1643 Ἰουδαίους
837 1593 1031 1647 ἐκόλασε,
1055 1593 1126 1635 καὶ
1154 1595 1318 1636 δοῦλον
1350 1594 1505 1636 εὐνοῦ-

159 1681 238 1720 χον
275 1666 558 1719 παιδαγωγὸν
595 1671 674 1707 τοῦ
715 1665 870 1714 παιδός
902 1680 1001 1718 μου,
1043 1666 1402 1719 κατηγορήσαντα
1434 1680 1506 1706 κο-

159 1739 378 1789 λασθῆναι
409 1734 684 1789 προσέταξεν.
747 1733 843 1789 ἐμοὶ
876 1732 924 1776 δὲ
955 1741 1030 1788 τῆς
1062 1734 1110 1776 ἐν
1138 1731 1332 1791 Ἰουδαίᾳ
1362 1736 1506 1790 χώρας

160 1805 359 1847 ἀτέλειαν
391 1806 568 1859 ἔδωκεν,
599 1807 708 1859 ἥπερ
742 1804 832 1847 ἐστὶ
864 1807 1042 1859 μεγίστη
1080 1806 1180 1859 τιμὴ
1218 1811 1277 1862 τῷ
1311 1807 1504 1859 λαβόντι.

106 1887 141 1913 25
160 1874 232 1917 καὶ
262 1877 402 1918 πολλὰ
435 1874 473 1917 δ’
509 1877 534 1930 ἡ
567 1883 646 1918 τοῦ
678 1878 901 1930 Καίσαρος
939 1876 1050 1929 γυνὴ
1083 1878 1279 1930 Δομετία
1321 1875 1506 1918 διετέλε-

161 1958 238 1988 σεν
270 1946 558 2000 εὐεργετοῦσά
592 1962 655 2000 με.

248 2017 392 2071 <430>
424 2023 558 2058 ταῦτα
590 2014 668 2071 μὲν
700 2017 751 2058 τὰ
782 2015 1062 2071 πεπραγμένα
1093 2031 1167 2071 μοι
1194 2018 1267 2059 διὰ
1292 2023 1372 2059 τοῦ
1403 2019 1506 2071 βίου

162 2087 297 2141 ἐστίν,
328 2085 598 2140 κρινέτωσαν
631 2085 671 2128 δ’
708 2085 750 2137 ἐξ
784 2086 929 2128 αὐτῶν
954 2088 1003 2129 τὸ
1028 2084 1156 2141 ἦθος,
1181 2087 1298 2136 ὅπως
1324 2086 1379 2129 ἂν
1410 2087 1507 2129 ἐθέ-

162 2161 313 2212 λωσιν,
345 2156 496 2211 ἕτεροι.
558 2155 628 2199 σοὶ
667 2155 705 2198 δ’
749 2157 1058 2211 ἀποδεδωκώς,
1097 2157 1297 2212 κράτιστε
1329 2157 1506 2213 ἀνδρῶν

110 2239 144 2264 30
158 2226 463 2283 Ἐπαφρόδιτε,
493 2228 573 2281 τὴν
604 2234 749 2270 πᾶσαν
780 2233 856 2282 τῆς
887 2228 1194 2282 ἀρχαιολογίας·
1232 2227 1506 2283 ἀναγραφήν,

163 2297 232 2340 ἐπὶ
264 2305 343 2341 τοῦ
375 2300 591 2353 παρόντος
622 2297 816 2340 ἐνταῦθα
847 2299 1080 2341 καταπαύω
1113 2299 1191 2340 τὸν
1223 2299 1368 2351 λόγον.

233 2374 402 2400 ΙοεΕΡΗῦε.
439 2374 497 2400 1v.-
668 2375 931 2394 —ff—
1251 2370 1295 2400 25
