<?xml version="1.0" encoding="UTF-8"?>
<!DOCTYPE html PUBLIC "-//W3C//DTD XHTML 1.0 Transitional//EN"
    "http://www.w3.org/TR/xhtml1/DTD/xhtml1-transitional.dtd">
<html xmlns="http://www.w3.org/1999/xhtml" xml:lang="en" lang="en">
 <head>
  <title>
</title>
<meta http-equiv="Content-Type" content="text/html;charset=utf-8" />
  <meta name='ocr-system' content='tesseract 3.04.00' />
  <meta name='ocr-capabilities' content='ocr_page ocr_carea ocr_par ocr_line ocrx_word'/>
</head>
<body>
  <div class='ocr_page' id='page_1' title='image "./flaviiiosephiope04joseuoft_0324.png"; bbox 0 0 1732 2526; ppageno 0'>
   <div class='ocr_carea' id='block_1_1' title="bbox 157 475 180 505">
    <p class='ocr_par' dir='ltr' id='par_1_1' title="bbox 157 475 180 505">
     <span class='ocr_line' id='line_1_1' title="bbox 157 475 180 505; textangle 90"><span class='ocrx_word' id='word_1_1' title='bbox 157 475 180 505; x_wconf 73' lang='lat'><em>02</em></span> 
     </span>
    </p>
   </div>
   <div class='ocr_carea' id='block_1_2' title="bbox 209 73 1069 114">
    <p class='ocr_par' dir='ltr' id='par_1_2' title="bbox 209 73 1069 114">
     <span class='ocr_line' id='line_1_2' title="bbox 209 73 1069 114; baseline -0.01 0"><span class='ocrx_word' id='word_1_2' title='bbox 209 73 294 114; x_wconf 75' lang='lat'><em>272</em></span> <span class='ocrx_word' id='word_1_3' title='bbox 706 74 1069 108; x_wconf 70' lang='grc' dir='ltr'><strong>ΑΡΧΑΙΟΛΟΓΙΑΣ</strong></span> 
     </span>
    </p>
   </div>
   <div class='ocr_carea' id='block_1_3' title="bbox 207 177 1569 236">
    <p class='ocr_par' dir='ltr' id='par_1_3' title="bbox 207 177 1569 236">
     <span class='ocr_line' id='line_1_3' title="bbox 207 177 1569 236; baseline -0.002 -13"><span class='ocrx_word' id='word_1_4' title='bbox 207 179 406 235; x_wconf 82' lang='grc' dir='ltr'><em>ἀσμένως</em></span> <span class='ocrx_word' id='word_1_5' title='bbox 438 197 482 222; x_wconf 89' lang='grc' dir='ltr'><em>τε</em></span> <span class='ocrx_word' id='word_1_6' title='bbox 515 180 684 236; x_wconf 87' lang='grc' dir='ltr'><em>δέχεται</em></span> <span class='ocrx_word' id='word_1_7' title='bbox 715 184 792 224; x_wconf 86' lang='grc' dir='ltr'><em>τὸν</em></span> <span class='ocrx_word' id='word_1_8' title='bbox 818 182 1015 233; x_wconf 88' lang='grc' dir='ltr'><em>νεανιάν,</em></span> <span class='ocrx_word' id='word_1_9' title='bbox 1046 177 1118 221; x_wconf 83' lang='grc' dir='ltr'><em>καὶ</em></span> <span class='ocrx_word' id='word_1_10' title='bbox 1145 180 1217 220; x_wconf 77' lang='grc' dir='ltr'><em>διὰ</em></span> <span class='ocrx_word' id='word_1_11' title='bbox 1243 182 1407 232; x_wconf 86' lang='grc' dir='ltr'><em>πολλῆς</em></span> <span class='ocrx_word' id='word_1_12' title='bbox 1432 179 1569 233; x_wconf 79' lang='grc' dir='ltr'><em>ἄγων-</em></span> 
     </span>
    </p>
   </div>
   <div class='ocr_carea' id='block_1_4' title="bbox 206 248 1558 1013">
    <p class='ocr_par' dir='ltr' id='par_1_4' title="bbox 206 248 1555 448">
     <span class='ocr_line' id='line_1_4' title="bbox 206 248 1549 309; baseline -0.002 -16"><span class='ocrx_word' id='word_1_13' title='bbox 206 252 382 302; x_wconf 87' lang='grc' dir='ltr'><em>εὐνοίας</em></span> <span class='ocrx_word' id='word_1_14' title='bbox 413 259 600 306; x_wconf 88' lang='grc' dir='ltr'><em>γυναῖκα</em></span> <span class='ocrx_word' id='word_1_15' title='bbox 632 250 713 307; x_wconf 75' lang='grc' dir='ltr'><em>μὲν</em></span> <span class='ocrx_word' id='word_1_16' title='bbox 744 252 860 309; x_wconf 77' lang='grc' dir='ltr'><em>αὐτῷ</em></span> <span class='ocrx_word' id='word_1_17' title='bbox 893 253 972 306; x_wconf 87' lang='grc' dir='ltr'><em>τὴν</em></span> <span class='ocrx_word' id='word_1_18' title='bbox 1004 248 1227 304; x_wconf 79' lang='grc' dir='ltr'><em>θυγατέρα</em></span> <span class='ocrx_word' id='word_1_19' title='bbox 1261 248 1475 305; x_wconf 84' lang='grc' dir='ltr'><em>(Συμαχὼ</em></span> <span class='ocrx_word' id='word_1_20' title='bbox 1509 248 1549 290; x_wconf 90' lang='grc' dir='ltr'><em>δ’</em></span> 
     </span>
     <span class='ocr_line' id='line_1_5' title="bbox 207 318 1555 379; baseline -0.002 -16"><span class='ocrx_word' id='word_1_21' title='bbox 207 320 262 375; x_wconf 72' lang='grc' dir='ltr'><em>ἣν</em></span> <span class='ocrx_word' id='word_1_22' title='bbox 295 324 434 377; x_wconf 80' lang='grc' dir='ltr'><em>ὄνομα</em></span> <span class='ocrx_word' id='word_1_23' title='bbox 464 321 619 379; x_wconf 82' lang='grc' dir='ltr'><em>ταύτῃ)</em></span> <span class='ocrx_word' id='word_1_24' title='bbox 652 324 830 378; x_wconf 89' lang='grc' dir='ltr'><em>δίδωσι,</em></span> <span class='ocrx_word' id='word_1_25' title='bbox 865 324 1067 377; x_wconf 83' lang='grc' dir='ltr'><em>δωρεῖται</em></span> <span class='ocrx_word' id='word_1_26' title='bbox 1101 318 1149 362; x_wconf 74' lang='grc' dir='ltr'><em>δὲ</em></span> <span class='ocrx_word' id='word_1_27' title='bbox 1181 321 1327 375; x_wconf 87' lang='grc' dir='ltr'><em>χώραν</em></span> <span class='ocrx_word' id='word_1_28' title='bbox 1359 320 1476 377; x_wconf 78' lang='grc' dir='ltr'><em>αὐτῷ</em></span> <span class='ocrx_word' id='word_1_29' title='bbox 1511 319 1555 370; x_wconf 80' lang='grc' dir='ltr'><em>ἐξ</em></span> 
     </span>
     <span class='ocr_line' id='line_1_6' title="bbox 206 389 984 448; baseline -0.001 -14"><span class='ocrx_word' id='word_1_30' title='bbox 206 389 257 446; x_wconf 75' lang='grc' dir='ltr'><em>ἧς</em></span> <span class='ocrx_word' id='word_1_31' title='bbox 289 393 477 448; x_wconf 86' lang='grc' dir='ltr'><em>μεγάλας</em></span> <span class='ocrx_word' id='word_1_32' title='bbox 508 395 690 447; x_wconf 79' lang='grc' dir='ltr'><em>λήψοιτο</em></span> <span class='ocrx_word' id='word_1_33' title='bbox 722 393 984 448; x_wconf 72' lang='grc' dir='ltr'><em>προσόδους.</em></span> 
     </span>
    </p>

    <p class='ocr_par' dir='ltr' id='par_1_5' title="bbox 206 458 1558 1013">
     <span class='ocr_line' id='line_1_7' title="bbox 295 458 1554 519; baseline -0.002 -14"><span class='ocrx_word' id='word_1_34' title='bbox 295 464 410 518; x_wconf 75' lang='grc'>&lt;24&gt;</span> <span class='ocrx_word' id='word_1_35' title='bbox 441 466 702 519; x_wconf 79' lang='grc' dir='ltr'><em>Μονόβαζος</em></span> <span class='ocrx_word' id='word_1_36' title='bbox 741 462 779 505; x_wconf 85' lang='grc' dir='ltr'><em>δ’</em></span> <span class='ocrx_word' id='word_1_37' title='bbox 816 464 900 518; x_wconf 75' lang='grc' dir='ltr'><em>ἤδη</em></span> <span class='ocrx_word' id='word_1_38' title='bbox 939 463 1120 517; x_wconf 89' lang='grc' dir='ltr'><em>γηραιὸς</em></span> <span class='ocrx_word' id='word_1_39' title='bbox 1159 460 1220 502; x_wconf 82' lang='grc' dir='ltr'><em>ὢν</em></span> <span class='ocrx_word' id='word_1_40' title='bbox 1258 458 1330 501; x_wconf 81' lang='grc' dir='ltr'><em>καὶ</em></span> <span class='ocrx_word' id='word_1_41' title='bbox 1367 467 1446 503; x_wconf 89' lang='grc' dir='ltr'><em>τοῦ</em></span> <span class='ocrx_word' id='word_1_42' title='bbox 1480 463 1554 516; x_wconf 79' lang='grc' dir='ltr'><em>ζῆν</em></span> 
     </span>
     <span class='ocr_line' id='line_1_8' title="bbox 207 529 1556 591; baseline -0.004 -14"><span class='ocrx_word' id='word_1_43' title='bbox 207 535 359 588; x_wconf 80' lang='grc' dir='ltr'><em>ὀλίγον</em></span> <span class='ocrx_word' id='word_1_44' title='bbox 397 534 514 591; x_wconf 75' lang='grc' dir='ltr'><em>αὐτῷ</em></span> <span class='ocrx_word' id='word_1_45' title='bbox 553 537 630 577; x_wconf 90' lang='grc' dir='ltr'><em>τὸν</em></span> <span class='ocrx_word' id='word_1_46' title='bbox 669 536 824 577; x_wconf 88' lang='grc' dir='ltr'><em>λοιπὸν</em></span> <span class='ocrx_word' id='word_1_47' title='bbox 863 534 981 589; x_wconf 85' lang='grc' dir='ltr'><em>ὁρῶν</em></span> <span class='ocrx_word' id='word_1_48' title='bbox 1019 534 1202 588; x_wconf 82' lang='grc' dir='ltr'><em>χρόνον,</em></span> <span class='ocrx_word' id='word_1_49' title='bbox 1243 529 1463 585; x_wconf 83' lang='grc' dir='ltr'><em>ἠθέλησεν</em></span> <span class='ocrx_word' id='word_1_50' title='bbox 1494 532 1556 581; x_wconf 80' lang='grc' dir='ltr'><em>εἰς</em></span> 
     </span>
     <span class='ocr_line' id='line_1_9' title="bbox 208 604 1556 662; baseline -0.003 -15"><span class='ocrx_word' id='word_1_51' title='bbox 208 607 312 656; x_wconf 80' lang='grc' dir='ltr'><em>ὄψιν</em></span> <span class='ocrx_word' id='word_1_52' title='bbox 344 605 583 660; x_wconf 79' lang='grc' dir='ltr'><em>ἀφικέσθαι</em></span> <span class='ocrx_word' id='word_1_53' title='bbox 621 611 680 662; x_wconf 80' lang='grc' dir='ltr'><em>τῷ</em></span> <span class='ocrx_word' id='word_1_54' title='bbox 711 604 834 646; x_wconf 90' lang='grc' dir='ltr'><em>παιδὶ</em></span> <span class='ocrx_word' id='word_1_55' title='bbox 872 605 955 658; x_wconf 87' lang='grc' dir='ltr'><em>πρὸ</em></span> <span class='ocrx_word' id='word_1_56' title='bbox 993 609 1072 645; x_wconf 86' lang='grc' dir='ltr'><em>τοῦ</em></span> <span class='ocrx_word' id='word_1_57' title='bbox 1103 605 1366 655; x_wconf 80' lang='grc' dir='ltr'><em>τελευτῆσαι.</em></span> <span class='ocrx_word' id='word_1_58' title='bbox 1430 617 1556 656; x_wconf 87' lang='grc' dir='ltr'><em>μετα-</em></span> 
     </span>
     <span class='ocr_line' id='line_1_10' title="bbox 206 671 1557 731; baseline -0.003 -13"><span class='ocrx_word' id='word_1_59' title='bbox 206 677 487 731; x_wconf 79' lang='grc' dir='ltr'><em>πεμψάμενος</em></span> <span class='ocrx_word' id='word_1_60' title='bbox 519 673 601 718; x_wconf 78' lang='grc' dir='ltr'><em>οὖν</em></span> <span class='ocrx_word' id='word_1_61' title='bbox 634 676 768 718; x_wconf 84' lang='grc' dir='ltr'><em>αὐτὸν</em></span> <span class='ocrx_word' id='word_1_62' title='bbox 800 675 1031 726; x_wconf 79' lang='grc' dir='ltr'><em>ἀσπάζεται</em></span> <span class='ocrx_word' id='word_1_63' title='bbox 1060 673 1452 729; x_wconf 77' lang='grc' dir='ltr'><em>φιλοφρονέστατα,</em></span> <span class='ocrx_word' id='word_1_64' title='bbox 1484 671 1557 715; x_wconf 85' lang='grc' dir='ltr'><em>καὶ</em></span> 
     </span>
     <span class='ocr_line' id='line_1_11' title="bbox 207 742 1556 802; baseline -0.001 -14"><span class='ocrx_word' id='word_1_65' title='bbox 207 748 354 802; x_wconf 86' lang='grc' dir='ltr'><em>χώραν</em></span> <span class='ocrx_word' id='word_1_66' title='bbox 388 747 544 788; x_wconf 86' lang='grc' dir='ltr'><em>δίδωσι</em></span> <span class='ocrx_word' id='word_1_67' title='bbox 576 748 767 802; x_wconf 82' lang='grc' dir='ltr'><em>Καρρῶν</em></span> <span class='ocrx_word' id='word_1_68' title='bbox 805 745 1058 800; x_wconf 73' lang='grc' dir='ltr'><em>λεγομένην.</em></span> <span class='ocrx_word' id='word_1_69' title='bbox 1122 746 1237 799; x_wconf 74' lang='grc'>&lt;25&gt;</span> <span class='ocrx_word' id='word_1_70' title='bbox 1269 743 1421 800; x_wconf 87' lang='grc' dir='ltr'><em>φέρειν</em></span> <span class='ocrx_word' id='word_1_71' title='bbox 1454 742 1493 786; x_wconf 79' lang='grc' dir='ltr'><em>δ’</em></span> <span class='ocrx_word' id='word_1_72' title='bbox 1530 744 1556 797; x_wconf 83' lang='grc' dir='ltr'><em>ἡ</em></span> 
     </span>
     <span class='ocr_line' id='line_1_12' title="bbox 207 813 1556 871; baseline -0.001 -13"><span class='ocrx_word' id='word_1_73' title='bbox 207 823 261 871; x_wconf 80' lang='grc' dir='ltr'><em>γῆ</em></span> <span class='ocrx_word' id='word_1_74' title='bbox 298 821 504 858; x_wconf 90' lang='grc' dir='ltr'><em>πλεῖστον</em></span> <span class='ocrx_word' id='word_1_75' title='bbox 541 818 590 859; x_wconf 83' lang='grc' dir='ltr'><em>τὸ</em></span> <span class='ocrx_word' id='word_1_76' title='bbox 629 818 810 871; x_wconf 77' lang='grc' dir='ltr'><em>ἄμωμον</em></span> <span class='ocrx_word' id='word_1_77' title='bbox 849 815 1014 870; x_wconf 80' lang='grc' dir='ltr'><em>ἀγαθή·</em></span> <span class='ocrx_word' id='word_1_78' title='bbox 1059 817 1148 857; x_wconf 79' lang='grc' dir='ltr'><em>ἔστι</em></span> <span class='ocrx_word' id='word_1_79' title='bbox 1187 814 1225 857; x_wconf 89' lang='grc' dir='ltr'><em>δ’</em></span> <span class='ocrx_word' id='word_1_80' title='bbox 1265 815 1312 857; x_wconf 82' lang='grc' dir='ltr'><em>ἐν</em></span> <span class='ocrx_word' id='word_1_81' title='bbox 1343 816 1452 870; x_wconf 76' lang='grc' dir='ltr'><em>αὐτῇ</em></span> <span class='ocrx_word' id='word_1_82' title='bbox 1484 813 1556 856; x_wconf 86' lang='grc' dir='ltr'><em>καὶ</em></span> 
     </span>
     <span class='ocr_line' id='line_1_13' title="bbox 207 881 1558 942; baseline -0.002 -13"><span class='ocrx_word' id='word_1_83' title='bbox 207 888 258 929; x_wconf 78' lang='grc' dir='ltr'><em>τὰ</em></span> <span class='ocrx_word' id='word_1_84' title='bbox 290 889 476 935; x_wconf 78' lang='grc' dir='ltr'><em>λείψανα</em></span> <span class='ocrx_word' id='word_1_85' title='bbox 514 893 589 941; x_wconf 83' lang='grc' dir='ltr'><em>τῆς</em></span> <span class='ocrx_word' id='word_1_86' title='bbox 627 887 843 942; x_wconf 79' lang='grc' dir='ltr'><em>λάρνακος</em></span> <span class='ocrx_word' id='word_1_87' title='bbox 875 881 901 942; x_wconf 75' lang='grc' dir='ltr'><em>ᾖ</em></span> <span class='ocrx_word' id='word_1_88' title='bbox 934 887 1092 928; x_wconf 84' lang='grc' dir='ltr'><em>Νώεον</em></span> <span class='ocrx_word' id='word_1_89' title='bbox 1135 885 1181 927; x_wconf 83' lang='grc' dir='ltr'><em>ἐκ</em></span> <span class='ocrx_word' id='word_1_90' title='bbox 1213 892 1287 940; x_wconf 76' lang='grc' dir='ltr'><em>τῆς</em></span> <span class='ocrx_word' id='word_1_91' title='bbox 1321 885 1558 941; x_wconf 81' lang='grc' dir='ltr'><em>ἐπομβρίας</em></span> 
     </span>
     <span class='ocr_line' id='line_1_14' title="bbox 209 955 1558 1013; baseline -0.001 -13"><span class='ocrx_word' id='word_1_92' title='bbox 209 959 507 1000; x_wconf 82' lang='grc' dir='ltr'><em>διασεσῶσθαι</em></span> <span class='ocrx_word' id='word_1_93' title='bbox 552 960 681 1011; x_wconf 87' lang='grc' dir='ltr'><em>λόγος</em></span> <span class='ocrx_word' id='word_1_94' title='bbox 725 959 832 1013; x_wconf 76' lang='grc' dir='ltr'><em>ἔχει,</em></span> <span class='ocrx_word' id='word_1_95' title='bbox 876 955 948 998; x_wconf 86' lang='grc' dir='ltr'><em>καὶ</em></span> <span class='ocrx_word' id='word_1_96' title='bbox 993 956 1119 1012; x_wconf 90' lang='grc' dir='ltr'><em>μέχρι</em></span> <span class='ocrx_word' id='word_1_97' title='bbox 1161 963 1246 999; x_wconf 89' lang='grc' dir='ltr'><em>νῦν</em></span> <span class='ocrx_word' id='word_1_98' title='bbox 1290 962 1425 998; x_wconf 89' lang='grc' dir='ltr'><em>ταῦτα</em></span> <span class='ocrx_word' id='word_1_99' title='bbox 1468 963 1558 1005; x_wconf 83' lang='grc' dir='ltr'><em>τοῖς</em></span> 
     </span>
    </p>
   </div>
   <div class='ocr_carea' id='block_1_5' title="bbox 1577 829 1610 855">
    <p class='ocr_par' dir='ltr' id='par_1_6' title="bbox 1577 829 1610 855">
     <span class='ocr_line' id='line_1_15' title="bbox 1577 829 1610 855; baseline 0.03 -1"><span class='ocrx_word' id='word_1_100' title='bbox 1577 829 1610 855; x_wconf 86' lang='grc'><em>10</em></span> 
     </span>
    </p>
   </div>
   <div class='ocr_carea' id='block_1_6' title="bbox 209 1023 1586 1083">
    <p class='ocr_par' dir='ltr' id='par_1_7' title="bbox 209 1023 1586 1083">
     <span class='ocr_line' id='line_1_16' title="bbox 209 1023 1586 1083; baseline -0.002 -12"><span class='ocrx_word' id='word_1_101' title='bbox 209 1030 321 1071; x_wconf 83' lang='grc' dir='ltr'><em>ι’δεῖν</em></span> <span class='ocrx_word' id='word_1_102' title='bbox 359 1027 646 1083; x_wconf 88' lang='grc' dir='ltr'><em>βουλομένοις</em></span> <span class='ocrx_word' id='word_1_103' title='bbox 685 1028 991 1070; x_wconf 84' lang='grc' dir='ltr'><em>ἐπιδείκνυται.</em></span> <span class='ocrx_word' id='word_1_104' title='bbox 1054 1028 1181 1082; x_wconf 80' lang='grc'>&lt;26&gt;</span> <span class='ocrx_word' id='word_1_105' title='bbox 1221 1026 1437 1081; x_wconf 81' lang='grc' dir='ltr'><em>διέτριβεν</em></span> <span class='ocrx_word' id='word_1_106' title='bbox 1476 1023 1586 1069; x_wconf 65' lang='grc' dir='ltr'><em>οὖν-</em></span> 
     </span>
    </p>
   </div>
   <div class='ocr_carea' id='block_1_7' title="bbox 207 1097 1566 2212">
    <p class='ocr_par' dir='ltr' id='par_1_8' title="bbox 207 1097 1566 2212">
     <span class='ocr_line' id='line_1_17' title="bbox 209 1097 1557 1155; baseline -0.001 -14"><span class='ocrx_word' id='word_1_107' title='bbox 209 1100 231 1142; x_wconf 88' lang='grc' dir='ltr'>ὁ</span> <span class='ocrx_word' id='word_1_108' title='bbox 266 1097 425 1153; x_wconf 83' lang='grc' dir='ltr'><em>Ἰζάτης</em></span> <span class='ocrx_word' id='word_1_109' title='bbox 462 1098 509 1140; x_wconf 81' lang='grc' dir='ltr'><em>ἐν</em></span> <span class='ocrx_word' id='word_1_110' title='bbox 547 1105 597 1153; x_wconf 77' lang='grc' dir='ltr'><em>τῇ</em></span> <span class='ocrx_word' id='word_1_111' title='bbox 635 1099 756 1155; x_wconf 79' lang='grc' dir='ltr'><em>χώρα</em></span> <span class='ocrx_word' id='word_1_112' title='bbox 793 1100 927 1154; x_wconf 82' lang='grc' dir='ltr'><em>ταύτῃ</em></span> <span class='ocrx_word' id='word_1_113' title='bbox 965 1097 1091 1154; x_wconf 88' lang='grc' dir='ltr'><em>μέχρι</em></span> <span class='ocrx_word' id='word_1_114' title='bbox 1129 1104 1204 1153; x_wconf 84' lang='grc' dir='ltr'><em>τῆς</em></span> <span class='ocrx_word' id='word_1_115' title='bbox 1241 1101 1444 1152; x_wconf 80' lang='grc' dir='ltr'><em>τελευτῆς</em></span> <span class='ocrx_word' id='word_1_116' title='bbox 1480 1103 1557 1140; x_wconf 90' lang='grc' dir='ltr'><em>τοῦ</em></span> 
     </span>
     <span class='ocr_line' id='line_1_18' title="bbox 207 1165 1557 1225; baseline -0.001 -14"><span class='ocrx_word' id='word_1_117' title='bbox 207 1172 380 1223; x_wconf 85' lang='grc' dir='ltr'><em>πατρός.</em></span> <span class='ocrx_word' id='word_1_118' title='bbox 442 1165 470 1224; x_wconf 74' lang='grc' dir='ltr'><em>’ᾖ</em></span> <span class='ocrx_word' id='word_1_119' title='bbox 502 1166 541 1210; x_wconf 78' lang='grc' dir='ltr'><em>δ’</em></span> <span class='ocrx_word' id='word_1_120' title='bbox 580 1168 774 1219; x_wconf 79' lang='grc' dir='ltr'><em>ἐξέλιπεν</em></span> <span class='ocrx_word' id='word_1_121' title='bbox 806 1169 944 1225; x_wconf 74' lang='grc' dir='ltr'><em>ἡμέρᾳ</em></span> <span class='ocrx_word' id='word_1_122' title='bbox 983 1170 1061 1210; x_wconf 89' lang='grc' dir='ltr'><em>τὸν</em></span> <span class='ocrx_word' id='word_1_123' title='bbox 1092 1171 1192 1222; x_wconf 88' lang='grc' dir='ltr'><em>βιόν</em></span> <span class='ocrx_word' id='word_1_124' title='bbox 1225 1169 1248 1211; x_wconf 89' lang='grc' dir='ltr'>ὁ</span> <span class='ocrx_word' id='word_1_125' title='bbox 1281 1171 1557 1223; x_wconf 80' lang='grc' dir='ltr'><em>Μονόβαζος,</em></span> 
     </span>
     <span class='ocr_line' id='line_1_19' title="bbox 207 1238 1560 1294; baseline 0 -13"><span class='ocrx_word' id='word_1_126' title='bbox 207 1239 234 1293; x_wconf 76' lang='grc' dir='ltr'><em>ἡ</em></span> <span class='ocrx_word' id='word_1_127' title='bbox 266 1238 437 1294; x_wconf 82' lang='grc' dir='ltr'><em>βασιλὶς</em></span> <span class='ocrx_word' id='word_1_128' title='bbox 461 1238 613 1294; x_wconf 80' lang='grc' dir='ltr'><em>Ἑλένη</em></span> <span class='ocrx_word' id='word_1_129' title='bbox 641 1238 955 1294; x_wconf 88' lang='grc' dir='ltr'><em>μεταπέμπεται</em></span> <span class='ocrx_word' id='word_1_130' title='bbox 981 1240 1146 1289; x_wconf 81' lang='grc' dir='ltr'><em>πάντας</em></span> <span class='ocrx_word' id='word_1_131' title='bbox 1171 1241 1272 1289; x_wconf 85' lang='grc' dir='ltr'><em>τοὺς</em></span> <span class='ocrx_word' id='word_1_132' title='bbox 1298 1246 1560 1294; x_wconf 80' lang='grc' dir='ltr'><em>μεγιστᾶνας</em></span> 
     </span>
     <span class='ocr_line' id='line_1_20' title="bbox 207 1309 1559 1365; baseline 0 -13"><span class='ocrx_word' id='word_1_133' title='bbox 207 1309 280 1352; x_wconf 85' lang='grc' dir='ltr'><em>καὶ</em></span> <span class='ocrx_word' id='word_1_134' title='bbox 318 1312 419 1360; x_wconf 88' lang='grc' dir='ltr'><em>τοὺς</em></span> <span class='ocrx_word' id='word_1_135' title='bbox 456 1316 530 1364; x_wconf 78' lang='grc' dir='ltr'><em>τῆς</em></span> <span class='ocrx_word' id='word_1_136' title='bbox 561 1312 785 1364; x_wconf 83' lang='grc' dir='ltr'><em>βασιλείας</em></span> <span class='ocrx_word' id='word_1_137' title='bbox 823 1310 1043 1365; x_wconf 87' lang='grc' dir='ltr'><em>σατράπας</em></span> <span class='ocrx_word' id='word_1_138' title='bbox 1081 1309 1153 1351; x_wconf 82' lang='grc' dir='ltr'><em>καὶ</em></span> <span class='ocrx_word' id='word_1_139' title='bbox 1184 1312 1286 1360; x_wconf 86' lang='grc' dir='ltr'><em>τοὺς</em></span> <span class='ocrx_word' id='word_1_140' title='bbox 1317 1311 1392 1360; x_wconf 81' lang='grc' dir='ltr'><em>τὰς</em></span> <span class='ocrx_word' id='word_1_141' title='bbox 1425 1311 1559 1353; x_wconf 90' lang='grc' dir='ltr'><em>δυνά-</em></span> 
     </span>
     <span class='ocr_line' id='line_1_21' title="bbox 208 1375 1559 1435; baseline 0.001 -13"><span class='ocrx_word' id='word_1_142' title='bbox 208 1397 302 1435; x_wconf 90' lang='grc' dir='ltr'><em>μεις</em></span> <span class='ocrx_word' id='word_1_143' title='bbox 339 1379 726 1435; x_wconf 69' lang='grc' dir='ltr'><em>πεπιστευμένους*</em></span> <span class='ocrx_word' id='word_1_144' title='bbox 771 1380 886 1435; x_wconf 78' lang='grc'>&lt;27&gt;</span> <span class='ocrx_word' id='word_1_145' title='bbox 928 1375 993 1430; x_wconf 80' lang='grc' dir='ltr'><em>οἷς</em></span> <span class='ocrx_word' id='word_1_146' title='bbox 1035 1379 1319 1435; x_wconf 80' lang='grc' dir='ltr'><em>ἀφικομένοις</em></span> <span class='ocrx_word' id='word_1_147' title='bbox 1358 1380 1440 1422; x_wconf 63' lang='grc' dir='ltr'><em>εὅτι</em></span> <span class='ocrx_word' id='word_1_148' title='bbox 1479 1378 1559 1435; x_wconf 73' lang='grc' dir='ltr'><em>μὲν</em></span> 
     </span>
     <span class='ocr_line' id='line_1_22' title="bbox 211 1448 1560 1508; baseline 0 -15"><span class='ocrx_word' id='word_1_149' title='bbox 211 1452 234 1493; x_wconf 84' lang='grc' dir='ltr'>ὁ</span> <span class='ocrx_word' id='word_1_150' title='bbox 268 1451 368 1506; x_wconf 85' lang='grc' dir='ltr'><em>ε’μὸς</em></span> <span class='ocrx_word' id='word_1_151' title='bbox 401 1450 528 1506; x_wconf 71' lang='grc' dir='ltr'><em>ἀνήρ’</em></span> <span class='ocrx_word' id='word_1_152' title='bbox 560 1448 651 1493; x_wconf 82' lang='grc' dir='ltr'><em>εἷπε</em></span> <span class='ocrx_word' id='word_1_153' title='bbox 685 1452 775 1505; x_wconf 64' lang='grc' dir='ltr'><em>ετῆς</em></span> <span class='ocrx_word' id='word_1_154' title='bbox 805 1453 1028 1505; x_wconf 84' lang='grc' dir='ltr'><em>βασιλείας</em></span> <span class='ocrx_word' id='word_1_155' title='bbox 1066 1452 1183 1508; x_wconf 78' lang='grc' dir='ltr'><em>αὑτῷ</em></span> <span class='ocrx_word' id='word_1_156' title='bbox 1219 1452 1429 1507; x_wconf 77' lang='grc' dir='ltr'><em>διάδοχον</em></span> <span class='ocrx_word' id='word_1_157' title='bbox 1457 1450 1560 1503; x_wconf 83' lang='grc' dir='ltr'><em>Ἰζά-</em></span> 
     </span>
     <span class='ocr_line' id='line_1_23' title="bbox 208 1520 1553 1578; baseline 0.001 -16"><span class='ocrx_word' id='word_1_158' title='bbox 208 1538 289 1575; x_wconf 85' lang='grc' dir='ltr'><em>την</em></span> <span class='ocrx_word' id='word_1_159' title='bbox 320 1521 480 1575; x_wconf 79' lang='grc' dir='ltr'><em>ηὔξατο</em></span> <span class='ocrx_word' id='word_1_160' title='bbox 514 1521 723 1576; x_wconf 87' lang='grc' dir='ltr'><em>γενέσθαι</em></span> <span class='ocrx_word' id='word_1_161' title='bbox 755 1520 828 1563; x_wconf 87' lang='grc' dir='ltr'><em>καὶ</em></span> <span class='ocrx_word' id='word_1_162' title='bbox 866 1528 1026 1564; x_wconf 88' lang='grc' dir='ltr'><em>τοῦτον</em></span> <span class='ocrx_word' id='word_1_163' title='bbox 1063 1522 1187 1573; x_wconf 78' lang='grc' dir='ltr'><em>ἄξιον</em></span> <span class='ocrx_word' id='word_1_164' title='bbox 1225 1524 1420 1578; x_wconf 80' lang='grc' dir='ltr'><em>ἔκρινεν,</em></span> <span class='ocrx_word' id='word_1_165' title='bbox 1458 1520 1553 1565; x_wconf 87' lang='grc' dir='ltr'><em>οὐδ’</em></span> 
     </span>
     <span class='ocr_line' id='line_1_24' title="bbox 209 1591 1559 1647; baseline 0.001 -14"><span class='ocrx_word' id='word_1_166' title='bbox 209 1592 321 1646; x_wconf 82' lang='grc' dir='ltr'><em>ὑμᾶς</em></span> <span class='ocrx_word' id='word_1_167' title='bbox 354 1591 590 1647; x_wconf 85' lang='grc' dir='ltr'><em>λεληθέναι</em></span> <span class='ocrx_word' id='word_1_168' title='bbox 623 1593 753 1647; x_wconf 87' lang='grc' dir='ltr'><em>δοκῶ,</em></span> <span class='ocrx_word' id='word_1_169' title='bbox 785 1592 1004 1647; x_wconf 88' lang='grc' dir='ltr'><em>περιμένω</em></span> <span class='ocrx_word' id='word_1_170' title='bbox 1039 1591 1078 1634; x_wconf 88' lang='grc' dir='ltr'><em>δ’</em></span> <span class='ocrx_word' id='word_1_171' title='bbox 1109 1593 1225 1647; x_wconf 81' lang='grc' dir='ltr'><em>ὅμως</em></span> <span class='ocrx_word' id='word_1_172' title='bbox 1255 1591 1324 1634; x_wconf 83' lang='grc' dir='ltr'><em>καὶ</em></span> <span class='ocrx_word' id='word_1_173' title='bbox 1352 1594 1432 1647; x_wconf 88' lang='grc' dir='ltr'><em>τὴν</em></span> <span class='ocrx_word' id='word_1_174' title='bbox 1457 1593 1559 1647; x_wconf 87' lang='grc' dir='ltr'><em>ὑμε-</em></span> 
     </span>
     <span class='ocr_line' id='line_1_25' title="bbox 209 1660 1560 1719; baseline 0.001 -15"><span class='ocrx_word' id='word_1_175' title='bbox 209 1662 339 1717; x_wconf 86' lang='grc' dir='ltr'><em>τέραν</em></span> <span class='ocrx_word' id='word_1_176' title='bbox 382 1664 546 1718; x_wconf 90' lang='grc' dir='ltr'><em>κρίσιν·</em></span> <span class='ocrx_word' id='word_1_177' title='bbox 592 1663 803 1718; x_wconf 88' lang='grc' dir='ltr'><em>μακάριος</em></span> <span class='ocrx_word' id='word_1_178' title='bbox 846 1663 928 1718; x_wconf 76' lang='grc' dir='ltr'><em>γὰρ</em></span> <span class='ocrx_word' id='word_1_179' title='bbox 975 1663 1054 1718; x_wconf 88' lang='grc' dir='ltr'><em>οὐχ</em></span> <span class='ocrx_word' id='word_1_180' title='bbox 1100 1664 1122 1706; x_wconf 86' lang='grc' dir='ltr'><strong>ὁ</strong></span> <span class='ocrx_word' id='word_1_181' title='bbox 1163 1660 1265 1719; x_wconf 82' lang='grc' dir='ltr'><em>παρ’</em></span> <span class='ocrx_word' id='word_1_182' title='bbox 1308 1662 1406 1714; x_wconf 79' lang='grc' dir='ltr'><em>ἑνὸς</em></span> <span class='ocrx_word' id='word_1_183' title='bbox 1451 1664 1560 1706; x_wconf 83' lang='grc' dir='ltr'><em>ἀλλὰ</em></span> 
     </span>
     <span class='ocr_line' id='line_1_26' title="bbox 209 1732 1560 1790; baseline 0.001 -16"><span class='ocrx_word' id='word_1_184' title='bbox 209 1733 327 1787; x_wconf 83' lang='grc' dir='ltr'><em>παρὰ</em></span> <span class='ocrx_word' id='word_1_185' title='bbox 364 1735 582 1776; x_wconf 91' lang='grc' dir='ltr'><em>πλειόνων</em></span> <span class='ocrx_word' id='word_1_186' title='bbox 621 1732 692 1775; x_wconf 87' lang='grc' dir='ltr'><em>καὶ</em></span> <span class='ocrx_word' id='word_1_187' title='bbox 731 1732 941 1783; x_wconf 80' lang='grc' dir='ltr'><em>ἑκουσίως</em></span> <span class='ocrx_word' id='word_1_188' title='bbox 977 1733 1264 1789; x_wconf 85' lang='grc' dir='ltr'><em>βουλομένων</em></span> <span class='ocrx_word' id='word_1_189' title='bbox 1301 1735 1381 1789; x_wconf 87' lang='grc' dir='ltr'><em>τὴν</em></span> <span class='ocrx_word' id='word_1_190' title='bbox 1420 1734 1560 1790; x_wconf 81' lang='grc' dir='ltr'><em>ἀρχὴν</em></span> 
     </span>
     <span class='ocr_line' id='line_1_27' title="bbox 210 1801 1566 1862; baseline 0.001 -18"><span class='ocrx_word' id='word_1_191' title='bbox 210 1803 476 1858; x_wconf 80' lang='grc' dir='ltr'><em>λαμβάνων.’</em></span> <span class='ocrx_word' id='word_1_192' title='bbox 532 1804 647 1858; x_wconf 76' lang='grc'>&lt;28&gt;</span> <span class='ocrx_word' id='word_1_193' title='bbox 680 1804 706 1858; x_wconf 79' lang='grc' dir='ltr'>ἢ</span> <span class='ocrx_word' id='word_1_194' title='bbox 738 1802 819 1858; x_wconf 73' lang='grc' dir='ltr'><em>μὲν</em></span> <span class='ocrx_word' id='word_1_195' title='bbox 850 1801 969 1847; x_wconf 84' lang='grc' dir='ltr'><em>ταῦτ’</em></span> <span class='ocrx_word' id='word_1_196' title='bbox 1001 1802 1120 1847; x_wconf 79' lang='grc' dir='ltr'><em>εἶπεν</em></span> <span class='ocrx_word' id='word_1_197' title='bbox 1154 1803 1223 1847; x_wconf 85' lang='grc' dir='ltr'><em>ἐπὶ</em></span> <span class='ocrx_word' id='word_1_198' title='bbox 1253 1807 1382 1862; x_wconf 78' lang='grc' dir='ltr'><em>πείρα</em></span> <span class='ocrx_word' id='word_1_199' title='bbox 1413 1811 1491 1847; x_wconf 87' lang='grc' dir='ltr'><em>τοῦ</em></span> <span class='ocrx_word' id='word_1_200' title='bbox 1520 1806 1566 1846; x_wconf 86' lang='grc' dir='ltr'><em>τί</em></span> 
     </span>
     <span class='ocr_line' id='line_1_28' title="bbox 210 1873 1558 1929; baseline 0.001 -14"><span class='ocrx_word' id='word_1_201' title='bbox 210 1881 422 1928; x_wconf 83' lang='grc' dir='ltr'><em>φρονοῖεν</em></span> <span class='ocrx_word' id='word_1_202' title='bbox 460 1875 506 1916; x_wconf 77' lang='grc' dir='ltr'><em>οἱ</em></span> <span class='ocrx_word' id='word_1_203' title='bbox 541 1873 878 1929; x_wconf 85' lang='grc' dir='ltr'><em>συγκληθέντες·</em></span> <span class='ocrx_word' id='word_1_204' title='bbox 925 1877 970 1917; x_wconf 80' lang='grc' dir='ltr'><em>οἳ</em></span> <span class='ocrx_word' id='word_1_205' title='bbox 1005 1874 1042 1916; x_wconf 84' lang='grc' dir='ltr'><em>δ’</em></span> <span class='ocrx_word' id='word_1_206' title='bbox 1081 1875 1347 1925; x_wconf 79' lang='grc' dir='ltr'><em>ἀκούσαντες</em></span> <span class='ocrx_word' id='word_1_207' title='bbox 1383 1882 1558 1929; x_wconf 87' lang='grc' dir='ltr'><em>πρῶτον</em></span> 
     </span>
     <span class='ocr_line' id='line_1_29' title="bbox 213 1942 1559 2000; baseline 0.001 -15"><span class='ocrx_word' id='word_1_208' title='bbox 213 1942 292 1998; x_wconf 75' lang='grc' dir='ltr'><em>μὲν</em></span> <span class='ocrx_word' id='word_1_209' title='bbox 335 1946 671 1999; x_wconf 87' lang='grc' dir='ltr'><em>προσεκύνησαν</em></span> <span class='ocrx_word' id='word_1_210' title='bbox 714 1946 795 2000; x_wconf 86' lang='grc' dir='ltr'><em>τὴν</em></span> <span class='ocrx_word' id='word_1_211' title='bbox 838 1946 1064 2000; x_wconf 80' lang='grc' dir='ltr'><em>βασιλίδα,</em></span> <span class='ocrx_word' id='word_1_212' title='bbox 1108 1947 1258 1996; x_wconf 88' lang='grc' dir='ltr'><em>καθὼς</em></span> <span class='ocrx_word' id='word_1_213' title='bbox 1301 1947 1404 1995; x_wconf 83' lang='grc' dir='ltr'><em>ἔθος</em></span> <span class='ocrx_word' id='word_1_214' title='bbox 1441 1944 1559 1988; x_wconf 83' lang='grc' dir='ltr'><em>ἐστὶν</em></span> 
     </span>
     <span class='ocr_line' id='line_1_30' title="bbox 215 2011 1558 2070; baseline 0.001 -15"><span class='ocrx_word' id='word_1_215' title='bbox 215 2015 377 2068; x_wconf 81' lang='grc' dir='ltr'><em>αὐτοῖς,</em></span> <span class='ocrx_word' id='word_1_216' title='bbox 403 2011 478 2056; x_wconf 77' lang='grc' dir='ltr'><em>εἶτ’</em></span> <span class='ocrx_word' id='word_1_217' title='bbox 506 2016 674 2069; x_wconf 79' lang='grc' dir='ltr'><em>ἔφασαν</em></span> <span class='ocrx_word' id='word_1_218' title='bbox 699 2016 780 2069; x_wconf 91' lang='grc' dir='ltr'><em>τὴν</em></span> <span class='ocrx_word' id='word_1_219' title='bbox 800 2021 878 2057; x_wconf 84' lang='grc' dir='ltr'><em>τοῦ</em></span> <span class='ocrx_word' id='word_1_220' title='bbox 897 2014 1110 2069; x_wconf 84' lang='grc' dir='ltr'><em>βασιλέως</em></span> <span class='ocrx_word' id='word_1_221' title='bbox 1129 2017 1309 2069; x_wconf 85' lang='grc' dir='ltr'><em>γνώμην</em></span> <span class='ocrx_word' id='word_1_222' title='bbox 1333 2018 1558 2070; x_wconf 84' lang='grc' dir='ltr'><em>βεβαιοῦν,</em></span> 
     </span>
     <span class='ocr_line' id='line_1_31' title="bbox 211 2084 1559 2143; baseline 0.001 -17"><span class='ocrx_word' id='word_1_223' title='bbox 211 2084 284 2127; x_wconf 84' lang='grc' dir='ltr'><em>καὶ</em></span> <span class='ocrx_word' id='word_1_224' title='bbox 324 2085 656 2127; x_wconf 85' lang='grc' dir='ltr'><em>ὑπακούσεσθαι</em></span> <span class='ocrx_word' id='word_1_225' title='bbox 697 2087 922 2140; x_wconf 86' lang='grc' dir='ltr'><em>χαίροντες</em></span> <span class='ocrx_word' id='word_1_226' title='bbox 958 2085 1093 2143; x_wconf 78' lang='grc' dir='ltr'><em>Ἰζάτῃ</em></span> <span class='ocrx_word' id='word_1_227' title='bbox 1135 2087 1312 2136; x_wconf 87' lang='grc' dir='ltr'><em>δικαίως</em></span> <span class='ocrx_word' id='word_1_228' title='bbox 1354 2085 1439 2128; x_wconf 84' lang='grc' dir='ltr'><em>ὑπὸ</em></span> <span class='ocrx_word' id='word_1_229' title='bbox 1480 2092 1559 2129; x_wconf 88' lang='grc' dir='ltr'><em>τοῦ</em></span> 
     </span>
     <span class='ocr_line' id='line_1_32' title="bbox 211 2155 1560 2212; baseline 0.001 -15"><span class='ocrx_word' id='word_1_230' title='bbox 211 2157 373 2210; x_wconf 89' lang='grc' dir='ltr'><em>πατρὸς</em></span> <span class='ocrx_word' id='word_1_231' title='bbox 403 2155 688 2211; x_wconf 86' lang='grc' dir='ltr'><em>προκριθέντι</em></span> <span class='ocrx_word' id='word_1_232' title='bbox 720 2163 809 2197; x_wconf 84' lang='grc' dir='ltr'><em>τῶν</em></span> <span class='ocrx_word' id='word_1_233' title='bbox 841 2156 1045 2212; x_wconf 84' lang='grc' dir='ltr'><em>ἀδελφῶν</em></span> <span class='ocrx_word' id='word_1_234' title='bbox 1083 2157 1189 2199; x_wconf 84' lang='grc' dir='ltr'><em>κατὰ</em></span> <span class='ocrx_word' id='word_1_235' title='bbox 1219 2157 1294 2206; x_wconf 79' lang='grc' dir='ltr'><em>τὰς</em></span> <span class='ocrx_word' id='word_1_236' title='bbox 1325 2155 1454 2211; x_wconf 82' lang='grc' dir='ltr'><em>εὐχὰς</em></span> <span class='ocrx_word' id='word_1_237' title='bbox 1484 2157 1560 2207; x_wconf 82' lang='grc' dir='ltr'><em>τὰς</em></span> 
     </span>
    </p>
   </div>
   <div class='ocr_carea' id='block_1_8' title="bbox 1579 1182 1612 1207">
    <p class='ocr_par' dir='ltr' id='par_1_9' title="bbox 1579 1182 1612 1207">
     <span class='ocr_line' id='line_1_33' title="bbox 1579 1182 1612 1207; baseline 0 0"><span class='ocrx_word' id='word_1_238' title='bbox 1579 1182 1612 1207; x_wconf 88' lang='grc'><em>15</em></span> 
     </span>
    </p>
   </div>
   <div class='ocr_carea' id='block_1_9' title="bbox 1579 1535 1612 1560">
    <p class='ocr_par' dir='ltr' id='par_1_10' title="bbox 1579 1535 1612 1560">
     <span class='ocr_line' id='line_1_34' title="bbox 1579 1535 1612 1560; baseline 0.03 -1"><span class='ocrx_word' id='word_1_239' title='bbox 1579 1535 1612 1560; x_wconf 81' lang='lat'><em>20</em></span> 
     </span>
    </p>
   </div>
   <div class='ocr_carea' id='block_1_10' title="bbox 1578 1886 1611 1912">
    <p class='ocr_par' dir='ltr' id='par_1_11' title="bbox 1578 1886 1611 1912">
     <span class='ocr_line' id='line_1_35' title="bbox 1578 1886 1611 1912; baseline 0.03 -1"><span class='ocrx_word' id='word_1_240' title='bbox 1578 1886 1611 1912; x_wconf 79' lang='lat'><em>25</em></span> 
     </span>
    </p>
   </div>
   <div class='ocr_carea' id='block_1_11' title="bbox 213 2224 1610 2282">
    <p class='ocr_par' dir='ltr' id='par_1_12' title="bbox 213 2224 1610 2282">
     <span class='ocr_line' id='line_1_36' title="bbox 213 2224 1610 2282; baseline 0.001 -15"><span class='ocrx_word' id='word_1_241' title='bbox 213 2225 429 2268; x_wconf 80' lang='grc' dir='ltr'><em>ἁπάντων.</em></span> <span class='ocrx_word' id='word_1_242' title='bbox 491 2227 616 2281; x_wconf 81' lang='grc'>&lt;29&gt;</span> <span class='ocrx_word' id='word_1_243' title='bbox 654 2228 901 2281; x_wconf 84' lang='grc' dir='ltr'><em>βούλεσθαί</em></span> <span class='ocrx_word' id='word_1_244' title='bbox 934 2224 971 2268; x_wconf 86' lang='grc' dir='ltr'><em>τ’</em></span> <span class='ocrx_word' id='word_1_245' title='bbox 1013 2229 1181 2282; x_wconf 82' lang='grc' dir='ltr'><em>ἔφασαν</em></span> <span class='ocrx_word' id='word_1_246' title='bbox 1218 2233 1557 2281; x_wconf 83' lang='grc' dir='ltr'><em>προαποκτεῖναι</em></span> <span class='ocrx_word' id='word_1_247' title='bbox 1575 2238 1610 2264; x_wconf 85' lang='grc'><em>30</em></span> 
     </span>
    </p>
   </div>
   <div class='ocr_carea' id='block_1_12' title="bbox 212 2294 1558 2352">
    <p class='ocr_par' dir='ltr' id='par_1_13' title="bbox 212 2294 1558 2352">
     <span class='ocr_line' id='line_1_37' title="bbox 212 2294 1558 2352; baseline 0.001 -14"><span class='ocrx_word' id='word_1_248' title='bbox 212 2304 387 2352; x_wconf 83' lang='grc' dir='ltr'><em>πρῶτον</em></span> <span class='ocrx_word' id='word_1_249' title='bbox 419 2297 556 2340; x_wconf 86' lang='grc' dir='ltr'><em>αὐτοῦ</em></span> <span class='ocrx_word' id='word_1_250' title='bbox 587 2299 689 2346; x_wconf 89' lang='grc' dir='ltr'><em>τοὺς</em></span> <span class='ocrx_word' id='word_1_251' title='bbox 721 2297 939 2352; x_wconf 80' lang='grc' dir='ltr'><em>ἀδελφοὺς</em></span> <span class='ocrx_word' id='word_1_252' title='bbox 976 2296 1047 2339; x_wconf 86' lang='grc' dir='ltr'><em>καὶ</em></span> <span class='ocrx_word' id='word_1_253' title='bbox 1081 2304 1307 2352; x_wconf 81' lang='grc' dir='ltr'><em>συγγενεῖς</em></span> <span class='ocrx_word' id='word_1_254' title='bbox 1336 2294 1447 2352; x_wconf 75' lang='grc' dir='ltr'><em>ὑπὲρ</em></span> <span class='ocrx_word' id='word_1_255' title='bbox 1479 2304 1558 2340; x_wconf 90' lang='grc' dir='ltr'><em>τοῦ</em></span> 
     </span>
    </p>
   </div>
   <div class='ocr_carea' id='block_1_13' title="bbox 1643 0 1732 2526">
    <p class='ocr_par' dir='ltr' id='par_1_14' title="bbox 1643 0 1732 2526">
     <span class='ocr_line' id='line_1_38' title="bbox 1643 0 1732 2526; baseline 0 0"><span class='ocrx_word' id='word_1_256' title='bbox 1643 0 1732 2526; x_wconf 95' lang='lat' dir='ltr'><em> </em></span> 
     </span>
    </p>
   </div>
  </div>
 </body>
</html>
