1732 2526
559 80 969 113 ΕΠΤΑΚΑΙΔΕΚΑΤΗ
1355 80 1375 120 1
1386 81 1404 120 1
1416 80 1435 120 1

182 187 326 241 (224)
358 189 460 229 πλεῖ
489 184 537 228 δὲ
569 187 674 228 κατὰ
704 192 862 228 τοῦτον
893 188 970 228 τὸν
996 188 1151 242 καιρὸν
1184 185 1252 229 ἐπὶ
1277 185 1441 242 Ῥώμης
1466 200 1488 230 4

92 256 162 300 καὶ
190 256 409 311 Ἀντίπας,
444 255 650 310 Ἡρώδου
682 254 762 311 μὲν
793 263 914 311 παῖς,
959 255 1022 299 ἐπ’
1061 257 1333 312 ἀντιποιήσει
1366 264 1441 312 τῆς

92 328 246 384 ἀρχῆς,
289 326 548 382 ὑποσχέσεσι
587 328 803 382 Σαλώμης
846 326 1034 382 ἠρμένος
1077 327 1146 370 ἐπὶ
1185 330 1233 370 τὸ
1278 327 1439 383 ἄρξειν,

93 400 150 449 ὡς
174 400 288 441 πολὺ
314 399 588 453 δικαιότερον
610 395 846 453 Ἀρχελάου
879 399 1218 452 παραλήψεσθαι
1250 399 1302 439 τὰ
1334 399 1441 454 πρά-

58 485 73 509 5
94 485 233 524 γματα
264 468 456 523 ἠξιωκὼς
487 474 546 524 τῷ
579 469 685 510 κατὰ
717 469 792 518 τὰς
822 468 1034 523 προτέρας
1072 469 1287 522 διαθήκας
1318 471 1442 522 βασι-

94 542 194 590 λεὺς
235 539 569 593 ἀποπεφάνθαι,
613 538 663 588 ἃς
702 537 1027 593 ἀσφαλεστέρας
1068 536 1180 580 εἶναι
1223 546 1311 580 τῶν
1355 538 1443 580 ἐπι-

94 617 358 665 γραφεισῶν.
420 610 574 663 (225)
612 608 794 664 ἐπήγετο
835 607 877 651 δ’
915 606 1043 659 οὗτος
1080 611 1161 663 τήν
1198 625 1242 651 τε
1280 608 1444 664 μητέρα

94 679 166 722 καὶ
210 679 525 739 τὸν-ἀδελφὸν
569 681 646 722 τὸν
687 681 915 722 Νικολάου
958 683 1257 735 Πτολεμαῖον,
1300 680 1444 734 φίλων

94 767 139 793 τε
163 749 342 807 θΗρώδῃ
374 751 635 805 τιμιώτατον
665 749 958 805 γεγενημένον
990 750 1061 793 καὶ
1094 751 1209 808 αὐτῷ
1242 751 1444 806 προσκεί-

44 837 77 862 10
96 837 242 877 μενον.
313 821 467 876 <226>
511 821 697 876 μάλιστα
742 820 783 863 δ’
833 822 968 864 αὐτὸν
1013 820 1168 876 ἐνῆγεν
1213 819 1278 863 ἐπ’
1328 821 1445 863 ἀντι-

94 893 267 946 ποιήσει
298 897 373 946 τῆς
404 893 627 946 βασιλείας
658 899 843 948 φρονεῖν
870 893 1122 947 Εἰρηναῖος,
1156 892 1299 946 ῥήτωρ
1333 891 1445 946 ἀνὴρ

95 962 168 1006 καὶ
207 962 311 1018 δόξῃ
352 963 600 1017 δεινότητος
637 969 711 1017 τῆς
747 962 847 1018 περὶ
885 962 1020 1006 αὐτὸν
1060 963 1156 1017 [τὴν
1197 963 1442 1016 βασιλείαν]

95 1033 446 1088 πεπιστευμένος.
515 1035 584 1076 διὸ
636 1034 689 1088 δὴ
741 1032 814 1075 καὶ
862 1041 949 1076 τῶν
999 1035 1269 1075 κελευόντων
1312 1037 1447 1074 εἴκειν

92 1102 308 1162 Ἀρχελάῳ
346 1103 628 1160 πρεσβυτέρῳ
666 1101 706 1157 γ’
751 1105 845 1146 ὄντι
883 1104 966 1146 κάν
1004 1112 1096 1154 ταῖς
1143 1103 1448 1156 ἐπιδιαθήκαις

45 1190 77 1215 15
97 1174 182 1217 ὑπὸ
220 1181 298 1217 τοῦ
335 1175 497 1230 πατρὸς
535 1173 869 1232 ἐγγεγραμμένῳ
909 1177 1085 1229 βασιλεῖ
1119 1174 1198 1216 οὐκ
1238 1174 1447 1228 ἠνείχετο.

98 1245 254 1299 (227)
292 1243 383 1286 ἐπεὶ
422 1243 463 1286 δ’
499 1245 559 1294 εἰς
596 1245 676 1298 τὴν
707 1242 875 1299 Ῥώμην
913 1243 1115 1299 ἀφίκετο,
1158 1242 1230 1286 καὶ
1270 1243 1448 1285 πάντων

98 1322 186 1357 τῶν
218 1322 446 1370 συγγενῶν
479 1314 716 1365 ἀπόστασις
746 1312 802 1369 ἦν
839 1317 949 1370 πρὸς
981 1316 1138 1369 αὐτόν,
1179 1315 1260 1357 οὐκ
1297 1313 1449 1370 εὐνοία

99 1392 150 1441 τῇ
184 1385 353 1428 ἐκείνου
385 1388 502 1441 μίσει
541 1384 589 1427 δὲ
621 1391 679 1443 τςό
718 1387 826 1441 πρὸς
853 1383 1107 1442 Ἀρχέλαον,
1146 1385 1330 1440 μάλιστα
1368 1383 1449 1440 μὲν

101 1455 422 1511 ἐπιθυμοῦντες
454 1455 708 1511 ἐλευθερίας
751 1455 824 1498 καὶ
855 1457 943 1499 ὑπὸ
966 1455 1190 1512 Ῥωμαίων
1223 1461 1447 1512 στρατηγῷ

49 1542 82 1567 20
102 1527 326 1582 τετάχθαι·
384 1528 425 1568 εἰ
473 1524 516 1568 δ’
571 1527 655 1582 ἄρα
704 1542 745 1568 τι
795 1526 1044 1580 ἀντισταίη,
1094 1525 1450 1581 λυσιτελέστερον

97 1596 332 1653 Ἀρχελάου
370 1598 447 1639 τὸν
473 1595 680 1639 Ἀντίπαν
719 1599 992 1652 λογιζόμενοι
1031 1597 1328 1650 συνέπραττον
1355 1595 1451 1639 Ἀν-

102 1671 204 1724 τίπᾳ
229 1669 309 1722 τὴν
335 1669 576 1721 βασιλείαν.
629 1666 700 1709 καὶ
726 1670 921 1722 Σαβῖνος
946 1669 1176 1723 κατηγόρει
1202 1668 1318 1723 παρὰ
1343 1669 1451 1709 Καί-

120 1750 221 1794 σαρι
250 1744 329 1780 τοῦ
356 1736 592 1793 Ἀρχελάου
625 1738 698 1779 διὰ
729 1739 930 1794 γραμμάτ
951 1755 1025 1780 ων.

192 1809 335 1863 (228)
372 1810 564 1863 Καίσαρι
603 1806 642 1850 δ’
679 1806 909 1864 Ἀρχέλαος
946 1807 1186 1864 εἰσπέμψας
1221 1807 1451 1864 γράμματα
1478 1819 1498 1851 5

53 1894 86 1919 25
106 1878 154 1922 ἐν
198 1874 264 1929 οἷς
306 1880 358 1920 τὰ
403 1880 672 1933 δικαιώματα
714 1882 948 1934 προυτίθει
992 1880 1044 1921 τὰ
1085 1880 1222 1922 αὑτοῦ
1261 1878 1332 1921 καὶ
1373 1879 1452 1933 τὴν

105 1951 326 2005 διαθήκην
357 1956 436 1991 τοῦ
468 1951 645 2004 πατρός,
682 1948 754 1991 καὶ
792 1951 894 2000 τοὺς
932 1951 1169 2004 λογισμοὺς
1200 1957 1287 1991 τῶν
1312 1947 1454 2004 “Ηρώ-

106 2021 187 2063 δου
237 2020 469 2076 χρημάτων
520 2021 603 2062 σὺν
652 2026 710 2077 τῷ
762 2026 1005 2075 σημαντῆρι
1058 2022 1289 2075 κομίζοντα
1340 2023 1454 2061 Πτο-

106 2095 307 2146 λεμαῖον,
351 2090 606 2146 ἐκαραδόκει
649 2091 696 2132 τὸ
741 2089 913 2145 μέλλον.
976 2090 1120 2144 (229)
1166 2090 1188 2132 ὃ
1231 2088 1279 2132 δὲ
1320 2091 1455 2132 ταῦτά

104 2159 142 2203 τ’
174 2161 392 2216 ἀναγνοὺς
422 2162 474 2203 τὰ
506 2161 734 2217 γράμματα
766 2159 838 2203 καὶ
869 2162 945 2211 τὰς
976 2168 1055 2203 τοῦ
1083 2159 1232 2217 ’ὅάρου
1264 2159 1337 2202 καὶ
1366 2164 1455 2202 Σα-

53 2246 88 2271 30
107 2234 234 2287 βίνου
277 2231 526 2286 ἐπιστολάς,
573 2232 711 2274 ὁπόσα
754 2248 799 2274 τε
832 2234 1041 2288 ,χρήματα
1084 2229 1140 2286 ἦν
1183 2230 1255 2273 καὶ
1299 2233 1344 2273 τί
1383 2229 1452 2272 ἐπ’

203 2316 222 2354 ς
250 2315 318 2347 224
344 2313 388 2349 cf.
415 2312 507 2348 Bell.
535 2312 614 2348 Iud.
641 2312 674 2346 11
701 2316 732 2358 2,
760 2316 790 2348 3.
