1732 2526
737 53 850 86 ΒΙοΣ
1380 53 1466 94 343

122 175 205 213 ραν
248 161 396 201 κόπτει
433 160 514 213 τὴν
565 158 797 214 ἀριστερὰν
842 157 1010 202 ἑαυτοῦ.
1083 157 1155 201 καὶ
1205 166 1333 202 τοῦτο
1384 161 1465 215 τὴν

123 230 276 271 στάσιν
308 231 508 271 ἔπαυσεν.

211 300 355 354 <174>
393 302 604 354 Τιβεριεῖς
637 298 698 353 δέ,
730 300 787 349 ὡς
827 301 889 349 εἰς
925 301 1000 350 τὰς
1037 302 1269 356 Ταριχαιάς
1310 300 1463 355 ἀφικό-

123 386 223 424 μην,
255 372 433 424 γνόντες
456 371 537 424 τὴν
563 372 827 424 στρατηγίαν
852 366 879 425 ᾗ
905 368 997 412 κατ’
1028 371 1172 412 αὐτῶν
1200 370 1463 426 ἐχρησάμην,

86 440 433 495 ὅάπεθαύμαζον
473 441 538 482 ὅτι
576 439 709 496 χωρὶς
754 442 907 494 φόνων
946 442 1112 482 ἔπαυσα
1147 443 1227 495 τὴν
1264 441 1463 496 ἀγνωμο-

121 512 262 565 σύνην
293 511 450 552 αὐτῶν.
501 511 646 565 <175>
680 511 762 564 ε’γὼ
797 508 845 552 δὲ
876 513 978 560 τοὺς
1010 510 1057 552 ἐκ
1088 516 1163 565 τῆς
1197 512 1365 564 εἱρκτῆς
1391 528 1463 566 με-

119 582 451 636 ταπεμψάμενος
481 586 561 623 τοῦ
592 582 793 635 πλήθους
823 588 910 623 τῶν
937 580 1172 636 Τιβεριέων
1200 579 1274 638 (ἦν
1301 579 1349 623 δὲ
1379 584 1462 624 σὺν

119 652 268 701 αὐτοῖς
306 648 494 701 Ἰοῦστος
538 649 610 693 καὶ
649 651 671 693 ὁ
709 652 849 706 πατὴρ
890 651 1025 693 αὐτοῦ
1067 650 1250 707 Πίστος)
1290 653 1462 694 συνδεί-

118 737 257 771 πνους
289 721 573 776 ἐποιησάμην,
606 720 678 763 καὶ
709 723 825 775 παρὰ
857 723 937 776 τὴν
976 720 1170 764 ἑστίασιν
1210 724 1362 775 ἔλεγον
1396 723 1462 764 ὄτι

68 803 100 827 10
118 794 199 847 τὴν
224 791 447 846 Ῥωμαίων
480 793 671 846 δύναμιν
704 788 800 834 οὐδ’
837 793 967 842 αὐτὸς
998 791 1143 845 ἀγνοῶ
1184 800 1336 834 πασῶν
1369 794 1462 834 δια-

118 862 356 917 φέρουσαν,
391 860 558 919 σιγῴην
589 862 736 916 μέντοι
770 863 843 904 διὰ
874 865 977 912 τοὺς
1009 864 1168 918 λῃστὰς
1192 861 1290 917 περὶ
1318 863 1461 918 αὐτῆς.

117 934 261 987 <176>
293 932 365 975 καὶ
398 933 546 982 αὐτοῖς
579 931 626 974 δὲ
658 932 793 974 ταύτὰ
826 933 1153 987 συνεβούλευον
1185 940 1342 986 ποιεῖν,
1385 935 1463 975 τὸν

119 1003 366 1057 ἐπιτήδειον
398 1002 683 1057 περιμένουσι
716 1005 886 1057 καιρόν,
917 1002 990 1044 καὶ
1021 1004 1078 1057 μὴ
1122 1004 1462 1059 δυσανασχετεῖν

118 1073 214 1128 ἐμοὶ
259 1079 500 1130 στρατηγῷ·
545 1074 732 1127 μηδενὸς
772 1074 855 1128 γὰρ
888 1073 1047 1123 αὐτοὺς
1086 1072 1235 1127 ἑτέρου
1278 1075 1462 1127 δυνήσε-

0 1153 3 1157 “
64 1154 96 1178 ¹5
117 1149 222 1186 σθαι
255 1144 418 1200 ῥᾳδίως
449 1143 665 1192 ἐπιεικοῦς
696 1143 857 1197 ὁμοίως
881 1151 1040 1198 τυχεῖν.
1084 1144 1228 1197 <177>
1261 1145 1337 1185 τὸν
1353 1142 1462 1186 Ἰοῦ-

117 1226 221 1257 στον
254 1212 301 1256 δὲ
333 1213 405 1256 καὶ
436 1215 769 1268 ὑπεμίμνησκον
802 1213 867 1255 ὅτι
900 1215 1100 1269 πρόσθεν
1131 1215 1158 1267 ἤ
1190 1229 1241 1268 με
1274 1228 1462 1269 παραγε-

115 1285 274 1327 νέσθαι
319 1284 365 1327 ἐκ
408 1292 495 1326 τῶν
527 1283 847 1339 Ἱεροσολύμων
886 1285 932 1325 οἱ
968 1286 1196 1326 Γαλιλαῖοι
1241 1284 1462 1339 τάδελφοῦ

115 1357 191 1405 τὰς
221 1363 367 1410 χεῖρας
398 1355 669 1405 ἀποκόψειαν
700 1354 850 1408 αὐτοῦ,
887 1356 971 1408 πρὸ
1013 1361 1092 1396 τοῦ
1123 1353 1317 1409 πολέμου
1355 1358 1462 1396 πλα-

117 1433 231 1467 στῶν
264 1426 379 1483 αὐτῷ
414 1425 679 1480 γραμμάτων
711 1428 981 1479 κακουργίαν
1013 1423 1359 1477 ἐπικαλέσαντες,
1390 1424 1463 1466 καὶ

65 1508 98 1532 20
118 1495 184 1537 ὅτι
230 1496 335 1549 μετὰ
379 1497 459 1549 τὴν
502 1495 781 1550 ἀναχώρησιν
825 1496 905 1549 τὴν
953 1498 1175 1537 Φιλίππου
1221 1498 1461 1550 Γαμαλῖται

116 1568 224 1620 πρὸς
243 1568 559 1620 Βαβυλωνίους
585 1565 886 1616 στασιάζοντες
913 1564 1112 1608 ἀνέλοιεν
1133 1566 1310 1620 Χάρητα
1337 1566 1462 1622 (συγ-

116 1638 245 1691 γενὴς
277 1636 315 1678 δ’
351 1633 407 1690 ἦν
439 1633 567 1685 οὗτος
599 1642 676 1678 τοῦ
712 1635 970 1692 Φιλίππου),
1012 1637 1156 1690 <178>
1194 1635 1265 1678 καὶ
1298 1637 1355 1686 ὡς
1381 1635 1462 1691 Ἰη-

118 1714 228 1749 σοῦν
259 1708 336 1749 τὸν
369 1707 564 1761 ἀδελφὸν
597 1706 747 1759 αὐτοῦ,
774 1707 914 1759 ἄνδρα
942 1713 1017 1760 τῆς
1042 1705 1234 1761 ἀδελφῆς
1250 1704 1461 1761 Ἰούστου,

118 1778 389 1832 ὠμοφρόνως
420 1777 665 1819 κολάσειαν.
716 1782 850 1818 ταῦτα
881 1777 997 1831 παρὰ
1030 1777 1109 1830 τὴν
1142 1775 1335 1819 ἑστίασιν
1369 1778 1462 1819 δια-

63 1859 97 1884 25
118 1846 291 1904 λεχθεὶς
321 1854 413 1897 τοῖς
443 1846 542 1899 περὶ
574 1849 651 1889 τὸν
675 1846 869 1889 Ἰοῦστον
896 1846 1037 1888 ἕωθεν
1064 1845 1269 1889 ἐκέλευσα
1297 1848 1462 1898 πάντας

118 1925 191 1972 τῆς
222 1921 420 1973 φυλακῆς
451 1917 742 1971 ἀπολυθῆναι.

206 1989 348 2042 <179>
379 1989 462 2041 πρὸ
497 1985 544 2029 δὲ
576 1989 744 2029 τούτων
777 1986 940 2042 συνέβη
973 1989 1050 2030 τὸν
1078 1986 1269 2042 Ἰακίμου
1305 1992 1460 2030 Φίλιπ-

116 2074 201 2101 πον
252 2057 465 2100 ἀπελθεῖν
517 2057 563 2099 ἐκ
607 2058 788 2112 Γάμαλα
844 2065 922 2100 τοῦ
972 2061 1211 2113 φρουρίου,
1262 2061 1462 2114 τοιαύτης

118 2131 256 2179 αἰτίας
276 2127 526 2182 γενομένης.
571 2128 717 2182 <18Ο>
740 2131 958 2177 Φίλιππος
977 2131 1231 2183 πυθόμενος
1250 2131 1463 2185 μεθεστά-

63 2211 98 2235 30
117 2216 190 2241 ναι
222 2197 302 2254 μὲν
330 2197 480 2253 ’ὅᾶρον
511 2198 596 2240 ὑπὸ
627 2204 706 2240 τοῦ
738 2198 950 2253 βασιλέως
983 2197 1212 2254 Ἀγρίππα,
1250 2201 1462 2254 διάδοχον

119 2268 159 2311 δ’
197 2270 384 2325 ἀφῖχθαι
422 2269 600 2311 Μόδιον
638 2272 848 2323 Αἴκουον,
889 2270 1030 2323 ἄνδρα
1068 2272 1202 2325 φίλον
1239 2270 1355 2327 αὐτῷ
1390 2271 1462 2313 καὶ

1490 313 1535 344 35

1487 2002 1532 2033 36
