<?xml version="1.0" encoding="UTF-8"?>
<!DOCTYPE html PUBLIC "-//W3C//DTD XHTML 1.0 Transitional//EN"
    "http://www.w3.org/TR/xhtml1/DTD/xhtml1-transitional.dtd">
<html xmlns="http://www.w3.org/1999/xhtml" xml:lang="en" lang="en">
 <head>
  <title>
</title>
<meta http-equiv="Content-Type" content="text/html;charset=utf-8" />
  <meta name='ocr-system' content='tesseract 3.04.00' />
  <meta name='ocr-capabilities' content='ocr_page ocr_carea ocr_par ocr_line ocrx_word'/>
</head>
<body>
  <div class='ocr_page' id='page_1' title='image "./flaviiiosephiope04joseuoft_0186.png"; bbox 0 0 1732 2526; ppageno 0'>
   <div class='ocr_carea' id='block_1_1' title="bbox 185 211 205 241">
    <p class='ocr_par' dir='ltr' id='par_1_1' title="bbox 185 211 205 241">
     <span class='ocr_line' id='line_1_1' title="bbox 185 211 205 241; baseline 0 0"><span class='ocrx_word' id='word_1_1' title='bbox 185 211 205 241; x_wconf 87' lang='lat'><em>3</em></span> 
     </span>
    </p>
   </div>
   <div class='ocr_carea' id='block_1_2' title="bbox 182 1763 205 1793">
    <p class='ocr_par' dir='ltr' id='par_1_2' title="bbox 182 1763 205 1793">
     <span class='ocr_line' id='line_1_2' title="bbox 182 1763 205 1793; baseline 0 0"><span class='ocrx_word' id='word_1_2' title='bbox 182 1763 205 1793; x_wconf 83' lang='lat'>4</span> 
     </span>
    </p>
   </div>
   <div class='ocr_carea' id='block_1_3' title="bbox 233 90 1090 133">
    <p class='ocr_par' dir='ltr' id='par_1_3' title="bbox 233 90 1090 133">
     <span class='ocr_line' id='line_1_3' title="bbox 233 90 1090 133; baseline -0.014 0"><span class='ocrx_word' id='word_1_3' title='bbox 233 91 319 133; x_wconf 83' lang='lat'><em>134</em></span> <span class='ocrx_word' id='word_1_4' title='bbox 725 90 1090 123; x_wconf 71' lang='grc' dir='ltr'><em>ΑΡΧΑΙοΛοΓῙΑΣ</em></span> 
     </span>
    </p>
   </div>
   <div class='ocr_carea' id='block_1_4' title="bbox 321 194 1592 253">
    <p class='ocr_par' dir='ltr' id='par_1_4' title="bbox 321 194 1592 253">
     <span class='ocr_line' id='line_1_4' title="bbox 321 194 1592 253; baseline 0 -13"><span class='ocrx_word' id='word_1_5' title='bbox 321 197 465 252; x_wconf 75' lang='grc' dir='ltr'>&lt;34ῐ&gt;&gt;</span> <span class='ocrx_word' id='word_1_6' title='bbox 497 199 712 253; x_wconf 90' lang='grc' dir='ltr'><em>πρότερον</em></span> <span class='ocrx_word' id='word_1_7' title='bbox 746 195 783 238; x_wconf 86' lang='grc' dir='ltr'><em>δ’</em></span> <span class='ocrx_word' id='word_1_8' title='bbox 823 196 850 251; x_wconf 75' lang='grc' dir='ltr'>ἢ</span> <span class='ocrx_word' id='word_1_9' title='bbox 882 195 1062 251; x_wconf 87' lang='grc' dir='ltr'><em>κληθεὶς</em></span> <span class='ocrx_word' id='word_1_10' title='bbox 1087 195 1155 238; x_wconf 90' lang='grc' dir='ltr'><em>ἐπὶ</em></span> <span class='ocrx_word' id='word_1_11' title='bbox 1178 194 1342 250; x_wconf 85' lang='grc' dir='ltr'><em>Ῥώμης</em></span> <span class='ocrx_word' id='word_1_12' title='bbox 1373 195 1592 240; x_wconf 82' lang='grc' dir='ltr'><em>ἀνελθεῖν.</em></span> 
     </span>
    </p>
   </div>
   <div class='ocr_carea' id='block_1_5' title="bbox 226 265 1581 324">
    <p class='ocr_par' dir='ltr' id='par_1_5' title="bbox 226 265 1581 324">
     <span class='ocr_line' id='line_1_5' title="bbox 226 265 1581 324; baseline -0.001 -14"><span class='ocrx_word' id='word_1_13' title='bbox 226 267 458 324; x_wconf 81' lang='grc' dir='ltr'><em>Ἀρχέλαος</em></span> <span class='ocrx_word' id='word_1_14' title='bbox 478 269 586 323; x_wconf 82' lang='grc' dir='ltr'><em>ὄναρ</em></span> <span class='ocrx_word' id='word_1_15' title='bbox 612 265 780 310; x_wconf 79' lang='grc' dir='ltr'><em>τοιόνδ’</em></span> <span class='ocrx_word' id='word_1_16' title='bbox 813 267 1075 322; x_wconf 76' lang='grc' dir='ltr'><em>ἐκδιηγεῖται</em></span> <span class='ocrx_word' id='word_1_17' title='bbox 1101 273 1192 316; x_wconf 88' lang='grc' dir='ltr'><em>τοῖς</em></span> <span class='ocrx_word' id='word_1_18' title='bbox 1217 269 1374 322; x_wconf 77' lang='grc' dir='ltr'><em>φίλοις.</em></span> <span class='ocrx_word' id='word_1_19' title='bbox 1418 267 1581 308; x_wconf 88' lang='grc' dir='ltr'><em>θεασά-</em></span> 
     </span>
    </p>
   </div>
   <div class='ocr_carea' id='block_1_6' title="bbox 230 336 1635 888">
    <p class='ocr_par' dir='ltr' id='par_1_6' title="bbox 230 336 1635 888">
     <span class='ocr_line' id='line_1_6' title="bbox 231 336 1580 395; baseline -0.001 -14"><span class='ocrx_word' id='word_1_20' title='bbox 231 355 362 394; x_wconf 86' lang='grc' dir='ltr'><em>μενος</em></span> <span class='ocrx_word' id='word_1_21' title='bbox 393 339 581 395; x_wconf 79' lang='grc' dir='ltr'><em>ἀστάχυς</em></span> <span class='ocrx_word' id='word_1_22' title='bbox 613 337 716 380; x_wconf 90' lang='grc' dir='ltr'><em>δέκα</em></span> <span class='ocrx_word' id='word_1_23' title='bbox 747 340 825 380; x_wconf 91' lang='grc' dir='ltr'><em>τὸν</em></span> <span class='ocrx_word' id='word_1_24' title='bbox 864 337 1072 393; x_wconf 81' lang='grc' dir='ltr'><em>ἀριθμόν,</em></span> <span class='ocrx_word' id='word_1_25' title='bbox 1109 336 1269 387; x_wconf 87' lang='grc' dir='ltr'><em>πλέους</em></span> <span class='ocrx_word' id='word_1_26' title='bbox 1307 343 1469 393; x_wconf 87' lang='grc' dir='ltr'><em>πυροῦ,</em></span> <span class='ocrx_word' id='word_1_27' title='bbox 1499 338 1580 392; x_wconf 87' lang='grc' dir='ltr'><em>τὴν</em></span> 
     </span>
     <span class='ocr_line' id='line_1_7' title="bbox 232 405 1580 464; baseline -0.001 -13"><span class='ocrx_word' id='word_1_28' title='bbox 232 410 352 451; x_wconf 81' lang='grc' dir='ltr'><em>ἰδίαν</em></span> <span class='ocrx_word' id='word_1_29' title='bbox 385 409 528 464; x_wconf 79' lang='grc' dir='ltr'><em>ἀκμὴν</em></span> <span class='ocrx_word' id='word_1_30' title='bbox 561 409 870 464; x_wconf 75' lang='grc' dir='ltr'><em>ἀπειληφότας,</em></span> <span class='ocrx_word' id='word_1_31' title='bbox 903 407 1009 458; x_wconf 80' lang='grc' dir='ltr'><em>δόξα</em></span> <span class='ocrx_word' id='word_1_32' title='bbox 1040 405 1096 462; x_wconf 76' lang='grc' dir='ltr'><em>ἧν</em></span> <span class='ocrx_word' id='word_1_33' title='bbox 1128 408 1244 464; x_wconf 77' lang='grc' dir='ltr'><em>αὐτῷ</em></span> <span class='ocrx_word' id='word_1_34' title='bbox 1282 407 1580 463; x_wconf 87' lang='grc' dir='ltr'><em>βιβρωσκομέ-</em></span> 
     </span>
     <span class='ocr_line' id='line_1_8' title="bbox 230 477 1634 535; baseline -0.002 -13"><span class='ocrx_word' id='word_1_35' title='bbox 230 496 337 530; x_wconf 84' lang='grc' dir='ltr'><em>νους</em></span> <span class='ocrx_word' id='word_1_36' title='bbox 373 480 459 523; x_wconf 86' lang='grc' dir='ltr'><em>ὑπὸ</em></span> <span class='ocrx_word' id='word_1_37' title='bbox 498 482 617 534; x_wconf 85' lang='grc' dir='ltr'><em>βοῶν</em></span> <span class='ocrx_word' id='word_1_38' title='bbox 654 484 858 535; x_wconf 86' lang='grc' dir='ltr'><em>θεωρεῖν.</em></span> <span class='ocrx_word' id='word_1_39' title='bbox 926 477 998 520; x_wconf 88' lang='grc' dir='ltr'><em>καὶ</em></span> <span class='ocrx_word' id='word_1_40' title='bbox 1028 481 1367 534; x_wconf 82' lang='grc' dir='ltr'><em>περιεγρόμενος</em></span> <span class='ocrx_word' id='word_1_41' title='bbox 1408 477 1581 535; x_wconf 81' lang='grc' dir='ltr'><em>(φέρειν</em></span> <span class='ocrx_word' id='word_1_42' title='bbox 1618 492 1634 518; x_wconf 84' lang='lat'><strong>5</strong></span> 
     </span>
     <span class='ocr_line' id='line_1_9' title="bbox 232 548 1581 607; baseline 0 -15"><span class='ocrx_word' id='word_1_43' title='bbox 232 551 315 606; x_wconf 81' lang='grc' dir='ltr'><em>γὰρ</em></span> <span class='ocrx_word' id='word_1_44' title='bbox 349 552 409 600; x_wconf 79' lang='grc' dir='ltr'><em>εἰς</em></span> <span class='ocrx_word' id='word_1_45' title='bbox 440 550 550 606; x_wconf 89' lang='grc' dir='ltr'><em>μέγα</em></span> <span class='ocrx_word' id='word_1_46' title='bbox 583 551 688 601; x_wconf 78' lang='grc' dir='ltr'><em>δόξα</em></span> <span class='ocrx_word' id='word_1_47' title='bbox 726 548 781 605; x_wconf 79' lang='grc' dir='ltr'><em>ἧν</em></span> <span class='ocrx_word' id='word_1_48' title='bbox 813 566 894 605; x_wconf 88' lang='grc' dir='ltr'><em>την</em></span> <span class='ocrx_word' id='word_1_49' title='bbox 933 551 1037 601; x_wconf 82' lang='grc' dir='ltr'><em>ὄψιν</em></span> <span class='ocrx_word' id='word_1_50' title='bbox 1074 549 1210 607; x_wconf 75' lang='grc' dir='ltr'><em>αὐτῷ)</em></span> <span class='ocrx_word' id='word_1_51' title='bbox 1250 549 1581 605; x_wconf 80' lang='grc' dir='ltr'><em>μεταστέλλεται</em></span> 
     </span>
     <span class='ocr_line' id='line_1_10' title="bbox 232 616 1580 676; baseline 0 -13"><span class='ocrx_word' id='word_1_52' title='bbox 232 624 336 671; x_wconf 80' lang='grc' dir='ltr'><em>τοὺς</em></span> <span class='ocrx_word' id='word_1_53' title='bbox 366 621 557 676; x_wconf 84' lang='grc' dir='ltr'><em>μάντεις,</em></span> <span class='ocrx_word' id='word_1_54' title='bbox 589 616 654 671; x_wconf 80' lang='grc' dir='ltr'><em>οἷς</em></span> <span class='ocrx_word' id='word_1_55' title='bbox 684 620 784 676; x_wconf 88' lang='grc' dir='ltr'><em>περὶ</em></span> <span class='ocrx_word' id='word_1_56' title='bbox 823 621 1027 675; x_wconf 84' lang='grc' dir='ltr'><em>ὀνείρατα</em></span> <span class='ocrx_word' id='word_1_57' title='bbox 1064 617 1177 674; x_wconf 74' lang='grc' dir='ltr'><em>ἦσαν</em></span> <span class='ocrx_word' id='word_1_58' title='bbox 1216 637 1259 663; x_wconf 90' lang='grc' dir='ltr'><em>αι</em></span> <span class='ocrx_word' id='word_1_59' title='bbox 1293 620 1580 676; x_wconf 85' lang='grc' dir='ltr'><em>ἀναστροφαί.</em></span> 
     </span>
     <span class='ocr_line' id='line_1_11' title="bbox 232 690 1581 748; baseline -0.001 -14"><span class='ocrx_word' id='word_1_60' title='bbox 232 693 378 747; x_wconf 82' lang='grc'>&lt;346&gt;</span> <span class='ocrx_word' id='word_1_61' title='bbox 394 690 700 747; x_wconf 78' lang='grc' dir='ltr'><em>σκιδναμένων</em></span> <span class='ocrx_word' id='word_1_62' title='bbox 720 690 758 733; x_wconf 85' lang='grc' dir='ltr'><em>δ’</em></span> <span class='ocrx_word' id='word_1_63' title='bbox 780 690 941 747; x_wconf 80' lang='grc' dir='ltr'><em>ἑτέρων</em></span> <span class='ocrx_word' id='word_1_64' title='bbox 962 690 1031 746; x_wconf 83' lang='grc' dir='ltr'><em>ἐφ’</em></span> <span class='ocrx_word' id='word_1_65' title='bbox 1052 690 1214 746; x_wconf 78' lang='grc' dir='ltr'><em>ἑτέροις</em></span> <span class='ocrx_word' id='word_1_66' title='bbox 1228 690 1300 748; x_wconf 84' lang='grc' dir='ltr'><em>(οὐ</em></span> <span class='ocrx_word' id='word_1_67' title='bbox 1321 693 1403 747; x_wconf 86' lang='grc' dir='ltr'><em>γὰρ</em></span> <span class='ocrx_word' id='word_1_68' title='bbox 1424 693 1485 742; x_wconf 81' lang='grc' dir='ltr'><em>εἰς</em></span> <span class='ocrx_word' id='word_1_69' title='bbox 1505 691 1581 734; x_wconf 84' lang='grc' dir='ltr'><em>ε’να</em></span> 
     </span>
     <span class='ocr_line' id='line_1_12' title="bbox 231 761 1581 818; baseline 0 -14"><span class='ocrx_word' id='word_1_70' title='bbox 231 765 369 805; x_wconf 79' lang='grc' dir='ltr'><em>ἔκειτο</em></span> <span class='ocrx_word' id='word_1_71' title='bbox 396 769 530 804; x_wconf 82' lang='grc' dir='ltr'><em>πᾶσιν</em></span> <span class='ocrx_word' id='word_1_72' title='bbox 557 761 623 818; x_wconf 80' lang='grc' dir='ltr'><em>(ἡ)</em></span> <span class='ocrx_word' id='word_1_73' title='bbox 645 761 898 818; x_wconf 80' lang='grc' dir='ltr'><em>ἀφήγησις),</em></span> <span class='ocrx_word' id='word_1_74' title='bbox 924 764 1078 816; x_wconf 89' lang='grc' dir='ltr'><em>Σίμων</em></span> <span class='ocrx_word' id='word_1_75' title='bbox 1098 761 1209 817; x_wconf 78' lang='grc' dir='ltr'><em>ἀνὴρ</em></span> <span class='ocrx_word' id='word_1_76' title='bbox 1230 761 1357 816; x_wconf 90' lang='grc' dir='ltr'><em>γένος</em></span> <span class='ocrx_word' id='word_1_77' title='bbox 1369 761 1581 816; x_wconf 79' lang='grc' dir='ltr'><em>Ἐσσαῖος,</em></span> 
     </span>
     <span class='ocr_line' id='line_1_13' title="bbox 232 833 1635 888; baseline -0.001 -13"><span class='ocrx_word' id='word_1_78' title='bbox 232 833 476 888; x_wconf 81' lang='grc' dir='ltr'><em>ἀσφάλειαν</em></span> <span class='ocrx_word' id='word_1_79' title='bbox 508 833 811 887; x_wconf 86' lang='grc' dir='ltr'><em>αἰτησάμενος,</em></span> <span class='ocrx_word' id='word_1_80' title='bbox 843 833 1089 887; x_wconf 88' lang='grc' dir='ltr'><em>μεταβολὴν</em></span> <span class='ocrx_word' id='word_1_81' title='bbox 1125 833 1394 887; x_wconf 72' lang='grc' dir='ltr'><em>πραγμάτων</em></span> <span class='ocrx_word' id='word_1_82' title='bbox 1433 835 1581 887; x_wconf 84' lang='grc' dir='ltr'><em>ἔλεγεν</em></span> <span class='ocrx_word' id='word_1_83' title='bbox 1602 847 1635 872; x_wconf 92' lang='lat'><em>10</em></span> 
     </span>
    </p>
   </div>
   <div class='ocr_carea' id='block_1_7' title="bbox 226 901 1581 961">
    <p class='ocr_par' dir='ltr' id='par_1_7' title="bbox 226 901 1581 961">
     <span class='ocr_line' id='line_1_14' title="bbox 226 901 1581 961; baseline 0.001 -16"><span class='ocrx_word' id='word_1_84' title='bbox 226 902 443 961; x_wconf 75' lang='grc' dir='ltr'><em>Ἀρχελάῳ</em></span> <span class='ocrx_word' id='word_1_85' title='bbox 475 902 629 959; x_wconf 91' lang='grc' dir='ltr'><em>φέρειν</em></span> <span class='ocrx_word' id='word_1_86' title='bbox 659 904 740 957; x_wconf 87' lang='grc' dir='ltr'><em>τὴν</em></span> <span class='ocrx_word' id='word_1_87' title='bbox 772 905 876 954; x_wconf 80' lang='grc' dir='ltr'><em>ὄψιν</em></span> <span class='ocrx_word' id='word_1_88' title='bbox 903 903 983 946; x_wconf 87' lang='grc' dir='ltr'><em>οὐκ</em></span> <span class='ocrx_word' id='word_1_89' title='bbox 1009 901 1073 945; x_wconf 80' lang='grc' dir='ltr'><em>ἐπ’</em></span> <span class='ocrx_word' id='word_1_90' title='bbox 1106 903 1292 957; x_wconf 82' lang='grc' dir='ltr'><em>ἀγαθοῖς</em></span> <span class='ocrx_word' id='word_1_91' title='bbox 1316 903 1581 958; x_wconf 74' lang='grc' dir='ltr'><em>πράγμασιν.</em></span> 
     </span>
    </p>
   </div>
   <div class='ocr_carea' id='block_1_8' title="bbox 227 970 1633 2092">
    <p class='ocr_par' dir='ltr' id='par_1_8' title="bbox 227 970 1633 1736">
     <span class='ocr_line' id='line_1_15' title="bbox 231 970 1582 1029; baseline 0 -13"><span class='ocrx_word' id='word_1_92' title='bbox 231 975 378 1029; x_wconf 78' lang='grc'>&lt;347&gt;</span> <span class='ocrx_word' id='word_1_93' title='bbox 415 977 524 1029; x_wconf 86' lang='grc' dir='ltr'><em>βοῦς</em></span> <span class='ocrx_word' id='word_1_94' title='bbox 561 971 641 1029; x_wconf 71' lang='grc' dir='ltr'><em>μὲν</em></span> <span class='ocrx_word' id='word_1_95' title='bbox 682 974 764 1028; x_wconf 78' lang='grc' dir='ltr'><em>γὰρ</em></span> <span class='ocrx_word' id='word_1_96' title='bbox 803 976 1100 1023; x_wconf 82' lang='grc' dir='ltr'><em>κακοπαθείας</em></span> <span class='ocrx_word' id='word_1_97' title='bbox 1143 970 1179 1015; x_wconf 85' lang='grc' dir='ltr'><em>τ’</em></span> <span class='ocrx_word' id='word_1_98' title='bbox 1220 973 1466 1029; x_wconf 80' lang='grc' dir='ltr'><em>ἀποσαφεῖν</em></span> <span class='ocrx_word' id='word_1_99' title='bbox 1509 975 1582 1017; x_wconf 83' lang='grc' dir='ltr'><em>διὰ</em></span> 
     </span>
     <span class='ocr_line' id='line_1_16' title="bbox 230 1042 1581 1102; baseline 0.001 -16"><span class='ocrx_word' id='word_1_100' title='bbox 230 1046 279 1087; x_wconf 88' lang='grc' dir='ltr'><em>τὸ</em></span> <span class='ocrx_word' id='word_1_101' title='bbox 319 1046 463 1100; x_wconf 81' lang='grc' dir='ltr'><em>ἔργοις</em></span> <span class='ocrx_word' id='word_1_102' title='bbox 500 1044 866 1100; x_wconf 83' lang='grc' dir='ltr'><em>ἐπιταλαιπωρεῖν</em></span> <span class='ocrx_word' id='word_1_103' title='bbox 903 1045 952 1086; x_wconf 91' lang='grc' dir='ltr'><em>τὸ</em></span> <span class='ocrx_word' id='word_1_104' title='bbox 995 1045 1128 1102; x_wconf 77' lang='grc' dir='ltr'><em>ζῷον,</em></span> <span class='ocrx_word' id='word_1_105' title='bbox 1166 1045 1408 1100; x_wconf 86' lang='grc' dir='ltr'><em>μεταβολὰς</em></span> <span class='ocrx_word' id='word_1_106' title='bbox 1448 1044 1487 1087; x_wconf 90' lang='grc' dir='ltr'><em>δ’</em></span> <span class='ocrx_word' id='word_1_107' title='bbox 1525 1042 1581 1088; x_wconf 83' lang='grc' dir='ltr'><em>αὖ</em></span> 
     </span>
     <span class='ocr_line' id='line_1_17' title="bbox 230 1115 1581 1173; baseline 0.001 -16"><span class='ocrx_word' id='word_1_108' title='bbox 230 1117 501 1171; x_wconf 87' lang='grc' dir='ltr'><em>πραγμάτων</em></span> <span class='ocrx_word' id='word_1_109' title='bbox 533 1117 607 1157; x_wconf 77' lang='grc' dir='ltr'><em>διὰ</em></span> <span class='ocrx_word' id='word_1_110' title='bbox 638 1117 687 1158; x_wconf 92' lang='grc' dir='ltr'><em>τὸ</em></span> <span class='ocrx_word' id='word_1_111' title='bbox 719 1117 799 1170; x_wconf 86' lang='grc' dir='ltr'><em>τὴν</em></span> <span class='ocrx_word' id='word_1_112' title='bbox 831 1121 914 1170; x_wconf 83' lang='grc' dir='ltr'><em>γῆν</em></span> <span class='ocrx_word' id='word_1_113' title='bbox 946 1117 1068 1172; x_wconf 88' lang='grc' dir='ltr'><em>πόνῳ</em></span> <span class='ocrx_word' id='word_1_114' title='bbox 1099 1121 1159 1173; x_wconf 78' lang='grc' dir='ltr'><em>τῷ</em></span> <span class='ocrx_word' id='word_1_115' title='bbox 1186 1115 1368 1158; x_wconf 81' lang='grc' dir='ltr'><em>ἐκείνων</em></span> <span class='ocrx_word' id='word_1_116' title='bbox 1394 1115 1581 1171; x_wconf 83' lang='grc' dir='ltr'><em>ἀρουμέ-</em></span> 
     </span>
     <span class='ocr_line' id='line_1_18' title="bbox 229 1184 1633 1243; baseline 0 -15"><span class='ocrx_word' id='word_1_117' title='bbox 229 1203 314 1241; x_wconf 90' lang='grc' dir='ltr'><em>νην</em></span> <span class='ocrx_word' id='word_1_118' title='bbox 347 1186 394 1228; x_wconf 87' lang='grc' dir='ltr'><em>ἐν</em></span> <span class='ocrx_word' id='word_1_119' title='bbox 425 1187 567 1243; x_wconf 75' lang='grc' dir='ltr'><em>ταύτῷ</em></span> <span class='ocrx_word' id='word_1_120' title='bbox 600 1185 749 1241; x_wconf 90' lang='grc' dir='ltr'><em>μένειν</em></span> <span class='ocrx_word' id='word_1_121' title='bbox 788 1186 841 1228; x_wconf 88' lang='grc' dir='ltr'><em>οὐ</em></span> <span class='ocrx_word' id='word_1_122' title='bbox 881 1187 1122 1228; x_wconf 76' lang='grc' dir='ltr'><em>δύνασθαι·</em></span> <span class='ocrx_word' id='word_1_123' title='bbox 1164 1188 1267 1236; x_wconf 81' lang='grc' dir='ltr'><em>τοὺς</em></span> <span class='ocrx_word' id='word_1_124' title='bbox 1305 1184 1354 1228; x_wconf 73' lang='grc' dir='ltr'><em>δὲ</em></span> <span class='ocrx_word' id='word_1_125' title='bbox 1391 1186 1581 1243; x_wconf 80' lang='grc' dir='ltr'><em>άστάχυς</em></span> <span class='ocrx_word' id='word_1_126' title='bbox 1601 1199 1633 1225; x_wconf 84' lang='grc'><em>15</em></span> 
     </span>
     <span class='ocr_line' id='line_1_19' title="bbox 233 1254 1579 1316; baseline 0.001 -17"><span class='ocrx_word' id='word_1_127' title='bbox 233 1255 336 1299; x_wconf 88' lang='grc' dir='ltr'><em>δέκα</em></span> <span class='ocrx_word' id='word_1_128' title='bbox 363 1258 492 1306; x_wconf 81' lang='grc' dir='ltr'><em>ὄντας</em></span> <span class='ocrx_word' id='word_1_129' title='bbox 517 1254 706 1298; x_wconf 82' lang='grc' dir='ltr'><em>τοσῶνδ’</em></span> <span class='ocrx_word' id='word_1_130' title='bbox 732 1255 927 1312; x_wconf 78' lang='grc' dir='ltr'><em>ἀριθμὸν</em></span> <span class='ocrx_word' id='word_1_131' title='bbox 947 1256 1163 1298; x_wconf 86' lang='grc' dir='ltr'><em>ἐνιαυτῶν</em></span> <span class='ocrx_word' id='word_1_132' title='bbox 1183 1256 1360 1311; x_wconf 82' lang='grc' dir='ltr'><em>ὁρίζειν·</em></span> <span class='ocrx_word' id='word_1_133' title='bbox 1386 1259 1579 1316; x_wconf 80' lang='grc' dir='ltr'><em>περιόδῳ</em></span> 
     </span>
     <span class='ocr_line' id='line_1_20' title="bbox 228 1325 1580 1383; baseline 0.001 -14"><span class='ocrx_word' id='word_1_134' title='bbox 228 1328 312 1382; x_wconf 83' lang='grc' dir='ltr'><em>γὰρ</em></span> <span class='ocrx_word' id='word_1_135' title='bbox 347 1325 444 1376; x_wconf 77' lang='grc' dir='ltr'><em>ἑνὸς</em></span> <span class='ocrx_word' id='word_1_136' title='bbox 474 1328 829 1382; x_wconf 79' lang='grc' dir='ltr'><em>παραγίγνεσθαι</em></span> <span class='ocrx_word' id='word_1_137' title='bbox 860 1325 1040 1381; x_wconf 82' lang='grc' dir='ltr'><em>θέρους·</em></span> <span class='ocrx_word' id='word_1_138' title='bbox 1078 1325 1149 1368; x_wconf 84' lang='grc' dir='ltr'><em>καὶ</em></span> <span class='ocrx_word' id='word_1_139' title='bbox 1181 1328 1259 1369; x_wconf 88' lang='grc' dir='ltr'><em>τὸν</em></span> <span class='ocrx_word' id='word_1_140' title='bbox 1289 1329 1454 1382; x_wconf 88' lang='grc' dir='ltr'><em>χρόνον</em></span> <span class='ocrx_word' id='word_1_141' title='bbox 1486 1328 1580 1383; x_wconf 81' lang='grc' dir='ltr'><em>ἐξή-</em></span> 
     </span>
     <span class='ocr_line' id='line_1_21' title="bbox 227 1396 1579 1455; baseline 0.001 -15"><span class='ocrx_word' id='word_1_142' title='bbox 227 1414 323 1440; x_wconf 88' lang='grc' dir='ltr'><em>κειν</em></span> <span class='ocrx_word' id='word_1_143' title='bbox 349 1396 567 1455; x_wconf 77' lang='grc' dir='ltr'><em>Ἀρχελάῳ</em></span> <span class='ocrx_word' id='word_1_144' title='bbox 599 1403 674 1451; x_wconf 84' lang='grc' dir='ltr'><em>τῆς</em></span> <span class='ocrx_word' id='word_1_145' title='bbox 705 1397 952 1452; x_wconf 78' lang='grc' dir='ltr'><em>ἡγεμονίας.</em></span> <span class='ocrx_word' id='word_1_146' title='bbox 996 1398 1140 1452; x_wconf 77' lang='lat'>&lt;348&gt;</span> <span class='ocrx_word' id='word_1_147' title='bbox 1172 1396 1245 1439; x_wconf 84' lang='grc' dir='ltr'><em>καὶ</em></span> <span class='ocrx_word' id='word_1_148' title='bbox 1278 1397 1300 1439; x_wconf 89' lang='grc' dir='ltr'><strong><em>ὃ</em></strong></span> <span class='ocrx_word' id='word_1_149' title='bbox 1333 1396 1414 1452; x_wconf 75' lang='grc' dir='ltr'><em>μὲν</em></span> <span class='ocrx_word' id='word_1_150' title='bbox 1445 1400 1579 1455; x_wconf 82' lang='grc' dir='ltr'><em>ταύτῃ</em></span> 
     </span>
     <span class='ocr_line' id='line_1_22' title="bbox 229 1466 1578 1525; baseline 0.002 -15"><span class='ocrx_word' id='word_1_151' title='bbox 229 1468 468 1523; x_wconf 78' lang='grc' dir='ltr'><em>ἐξηγήσατο</em></span> <span class='ocrx_word' id='word_1_152' title='bbox 512 1470 561 1511; x_wconf 91' lang='grc' dir='ltr'><em>τὸ</em></span> <span class='ocrx_word' id='word_1_153' title='bbox 607 1470 803 1524; x_wconf 82' lang='grc' dir='ltr'><em>ὄνειρον,</em></span> <span class='ocrx_word' id='word_1_154' title='bbox 846 1467 1016 1524; x_wconf 79' lang='grc' dir='ltr'><em>πέμπτῃ</em></span> <span class='ocrx_word' id='word_1_155' title='bbox 1062 1467 1101 1510; x_wconf 86' lang='grc' dir='ltr'><em>δ’</em></span> <span class='ocrx_word' id='word_1_156' title='bbox 1145 1467 1283 1525; x_wconf 81' lang='grc' dir='ltr'><em>ἡμέρᾳ</em></span> <span class='ocrx_word' id='word_1_157' title='bbox 1322 1466 1422 1524; x_wconf 85' lang='grc' dir='ltr'><em>μεθ’</em></span> <span class='ocrx_word' id='word_1_158' title='bbox 1465 1469 1487 1511; x_wconf 91' lang='grc' dir='ltr'>ὃ</span> <span class='ocrx_word' id='word_1_159' title='bbox 1529 1471 1578 1513; x_wconf 93' lang='grc' dir='ltr'><em>τὸ</em></span> 
     </span>
     <span class='ocr_line' id='line_1_23' title="bbox 227 1538 1633 1597; baseline 0.001 -16"><span class='ocrx_word' id='word_1_160' title='bbox 227 1547 404 1595; x_wconf 85' lang='grc' dir='ltr'><em>πρῶτον</em></span> <span class='ocrx_word' id='word_1_161' title='bbox 436 1539 573 1581; x_wconf 82' lang='grc' dir='ltr'><em>αὐτοῦ</em></span> <span class='ocrx_word' id='word_1_162' title='bbox 604 1539 630 1593; x_wconf 81' lang='grc' dir='ltr'><em>ἡ</em></span> <span class='ocrx_word' id='word_1_163' title='bbox 658 1540 758 1590; x_wconf 81' lang='grc' dir='ltr'><em>ὄψις</em></span> <span class='ocrx_word' id='word_1_164' title='bbox 773 1538 988 1597; x_wconf 84' lang='grc' dir='ltr'><em>Ἀρχελάῳ</em></span> <span class='ocrx_word' id='word_1_165' title='bbox 1016 1543 1257 1594; x_wconf 78' lang='grc' dir='ltr'><em>συνῆλθεν,</em></span> <span class='ocrx_word' id='word_1_166' title='bbox 1284 1540 1306 1582; x_wconf 91' lang='grc' dir='ltr'>ὁ</span> <span class='ocrx_word' id='word_1_167' title='bbox 1333 1539 1578 1583; x_wconf 83' lang='grc' dir='ltr'><em>ἀνακαλού-</em></span> <span class='ocrx_word' id='word_1_168' title='bbox 1599 1553 1633 1578; x_wconf 79' lang='lat'><em>20</em></span> 
     </span>
     <span class='ocr_line' id='line_1_24' title="bbox 229 1607 1579 1667; baseline 0.002 -15"><span class='ocrx_word' id='word_1_169' title='bbox 229 1625 358 1664; x_wconf 90' lang='grc' dir='ltr'><em>μενος</em></span> <span class='ocrx_word' id='word_1_170' title='bbox 385 1608 614 1666; x_wconf 85' lang='grc' dir='ltr'><em>Ἀρχέλαος</em></span> <span class='ocrx_word' id='word_1_171' title='bbox 644 1611 835 1664; x_wconf 80' lang='grc' dir='ltr'><em>πεμπτὸς</em></span> <span class='ocrx_word' id='word_1_172' title='bbox 876 1611 937 1659; x_wconf 82' lang='grc' dir='ltr'><em>εἰς</em></span> <span class='ocrx_word' id='word_1_173' title='bbox 971 1607 1191 1653; x_wconf 86' lang='grc' dir='ltr'><em>Ἰουδαίαν</em></span> <span class='ocrx_word' id='word_1_174' title='bbox 1228 1610 1314 1653; x_wconf 85' lang='grc' dir='ltr'><em>ὑπὸ</em></span> <span class='ocrx_word' id='word_1_175' title='bbox 1356 1613 1579 1667; x_wconf 84' lang='grc' dir='ltr'><em>Καίσαρος</em></span> 
     </span>
     <span class='ocr_line' id='line_1_25' title="bbox 230 1680 422 1736; baseline 0.017 -15"><span class='ocrx_word' id='word_1_176' title='bbox 230 1680 422 1736; x_wconf 80' lang='grc' dir='ltr'><em>ἀφί.κετο</em></span> 
     </span>
    </p>

    <p class='ocr_par' dir='ltr' id='par_1_9' title="bbox 228 1749 1631 2092">
     <span class='ocr_line' id='line_1_26' title="bbox 320 1749 1578 1809; baseline 0.002 -16"><span class='ocrx_word' id='word_1_177' title='bbox 320 1752 476 1806; x_wconf 81' lang='lat'><em>&lt;349&gt;</em></span> <span class='ocrx_word' id='word_1_178' title='bbox 519 1754 800 1807; x_wconf 82' lang='grc' dir='ltr'><em>παραπλήσια</em></span> <span class='ocrx_word' id='word_1_179' title='bbox 846 1749 894 1793; x_wconf 89' lang='grc' dir='ltr'><em>δε</em></span> <span class='ocrx_word' id='word_1_180' title='bbox 937 1750 1008 1793; x_wconf 85' lang='grc' dir='ltr'><em>καὶ</em></span> <span class='ocrx_word' id='word_1_181' title='bbox 1053 1752 1266 1809; x_wconf 84' lang='grc' dir='ltr'><em>Γλαφύρα</em></span> <span class='ocrx_word' id='word_1_182' title='bbox 1310 1758 1360 1807; x_wconf 79' lang='grc' dir='ltr'><em>τῇ</em></span> <span class='ocrx_word' id='word_1_183' title='bbox 1403 1753 1578 1806; x_wconf 87' lang='grc' dir='ltr'><em>γυναικὶ</em></span> 
     </span>
     <span class='ocr_line' id='line_1_27' title="bbox 228 1820 1578 1880; baseline 0.001 -16"><span class='ocrx_word' id='word_1_184' title='bbox 228 1822 366 1864; x_wconf 84' lang='grc' dir='ltr'><em>αὐτοῦ</em></span> <span class='ocrx_word' id='word_1_185' title='bbox 397 1823 619 1877; x_wconf 79' lang='grc' dir='ltr'><em>τυγχάνει,</em></span> <span class='ocrx_word' id='word_1_186' title='bbox 650 1821 863 1877; x_wconf 87' lang='grc' dir='ltr'><em>βασιλέως</em></span> <span class='ocrx_word' id='word_1_187' title='bbox 889 1820 1123 1877; x_wconf 81' lang='grc' dir='ltr'><em>Ἀρχελάου</em></span> <span class='ocrx_word' id='word_1_188' title='bbox 1155 1822 1346 1878; x_wconf 87' lang='grc' dir='ltr'><em>θυγατρὶ</em></span> <span class='ocrx_word' id='word_1_189' title='bbox 1378 1824 1504 1879; x_wconf 85' lang='grc' dir='ltr'><em>ούση,</em></span> <span class='ocrx_word' id='word_1_190' title='bbox 1535 1820 1578 1880; x_wconf 70' lang='grc' dir='ltr'><em>ἦ,</em></span> 
     </span>
     <span class='ocr_line' id='line_1_28' title="bbox 228 1890 1631 1950; baseline 0.001 -15"><span class='ocrx_word' id='word_1_191' title='bbox 228 1893 287 1942; x_wconf 85' lang='grc' dir='ltr'><em>ὡς</em></span> <span class='ocrx_word' id='word_1_192' title='bbox 329 1895 544 1947; x_wconf 90' lang='grc' dir='ltr'><em>πρότερον</em></span> <span class='ocrx_word' id='word_1_193' title='bbox 582 1890 723 1947; x_wconf 83' lang='grc' dir='ltr'><em>εἰπον,</em></span> <span class='ocrx_word' id='word_1_194' title='bbox 761 1891 962 1950; x_wconf 75' lang='grc' dir='ltr'><em>συνῴκει,</em></span> <span class='ocrx_word' id='word_1_195' title='bbox 1000 1892 1231 1949; x_wconf 82' lang='grc' dir='ltr'><em>παρθένον</em></span> <span class='ocrx_word' id='word_1_196' title='bbox 1271 1895 1434 1949; x_wconf 85' lang='grc' dir='ltr'><em>λαβών,</em></span> <span class='ocrx_word' id='word_1_197' title='bbox 1461 1893 1577 1937; x_wconf 89' lang='grc' dir='ltr'><em>Ἀλέ-</em></span> <span class='ocrx_word' id='word_1_198' title='bbox 1598 1905 1631 1931; x_wconf 82' lang='lat'><em>25</em></span> 
     </span>
     <span class='ocr_line' id='line_1_29' title="bbox 229 1962 1578 2020; baseline 0.002 -16"><span class='ocrx_word' id='word_1_199' title='bbox 229 1962 636 2019; x_wconf 65' lang='grc' dir='ltr'><em>ξανδρος“Ηρώδου</em></span> <span class='ocrx_word' id='word_1_200' title='bbox 670 1962 751 2018; x_wconf 76' lang='grc' dir='ltr'><em>μὲν</em></span> <span class='ocrx_word' id='word_1_201' title='bbox 781 1964 878 2013; x_wconf 76' lang='grc' dir='ltr'><em>υίὸς</em></span> <span class='ocrx_word' id='word_1_202' title='bbox 893 1962 1129 2020; x_wconf 87' lang='grc' dir='ltr'><em>Ἀρχελάου</em></span> <span class='ocrx_word' id='word_1_203' title='bbox 1157 1962 1196 2006; x_wconf 80' lang='grc' dir='ltr'><em>δ’</em></span> <span class='ocrx_word' id='word_1_204' title='bbox 1234 1963 1435 2020; x_wconf 80' lang='grc' dir='ltr'><em>ἀδελφός.</em></span> <span class='ocrx_word' id='word_1_205' title='bbox 1484 1964 1578 2008; x_wconf 84' lang='grc' dir='ltr'><em>ἐπεὶ</em></span> 
     </span>
     <span class='ocr_line' id='line_1_30' title="bbox 230 2031 1578 2092; baseline 0.002 -17"><span class='ocrx_word' id='word_1_206' title='bbox 230 2031 279 2075; x_wconf 76' lang='grc' dir='ltr'><em>δὲ</em></span> <span class='ocrx_word' id='word_1_207' title='bbox 312 2036 544 2088; x_wconf 87' lang='grc' dir='ltr'><em>συμβαίνει</em></span> <span class='ocrx_word' id='word_1_208' title='bbox 576 2036 654 2077; x_wconf 92' lang='grc' dir='ltr'><em>τὸν</em></span> <span class='ocrx_word' id='word_1_209' title='bbox 682 2033 973 2091; x_wconf 78' lang='grc' dir='ltr'><em>Ἀλέξανδρον</em></span> <span class='ocrx_word' id='word_1_210' title='bbox 1004 2036 1089 2078; x_wconf 85' lang='grc' dir='ltr'><em>ὑπὸ</em></span> <span class='ocrx_word' id='word_1_211' title='bbox 1121 2036 1283 2091; x_wconf 83' lang='grc' dir='ltr'><em>πατρὸς</em></span> <span class='ocrx_word' id='word_1_212' title='bbox 1309 2039 1578 2092; x_wconf 84' lang='grc' dir='ltr'><em>τελευτῆσαι,</em></span> 
     </span>
    </p>
   </div>
   <div class='ocr_carea' id='block_1_9' title="bbox 225 2102 1578 2162">
    <p class='ocr_par' dir='ltr' id='par_1_10' title="bbox 225 2102 1578 2162">
     <span class='ocr_line' id='line_1_31' title="bbox 225 2102 1578 2162; baseline 0.003 -17"><span class='ocrx_word' id='word_1_213' title='bbox 225 2102 342 2161; x_wconf 77' lang='grc' dir='ltr'><em>Ἰόβᾳ</em></span> <span class='ocrx_word' id='word_1_214' title='bbox 373 2110 431 2162; x_wconf 75' lang='grc' dir='ltr'><em>τῷ</em></span> <span class='ocrx_word' id='word_1_215' title='bbox 463 2106 647 2160; x_wconf 86' lang='grc' dir='ltr'><em>Λιβύων</em></span> <span class='ocrx_word' id='word_1_216' title='bbox 674 2108 848 2160; x_wconf 85' lang='grc' dir='ltr'><em>βασιλεῖ</em></span> <span class='ocrx_word' id='word_1_217' title='bbox 870 2114 1085 2161; x_wconf 76' lang='grc' dir='ltr'><em>γαμεῖται,</em></span> <span class='ocrx_word' id='word_1_218' title='bbox 1117 2106 1262 2161; x_wconf 81' lang='lat'>&lt;350&gt;</span> <span class='ocrx_word' id='word_1_219' title='bbox 1287 2107 1578 2161; x_wconf 84' lang='grc' dir='ltr'><em>μεταστάντος</em></span> 
     </span>
    </p>
   </div>
   <div class='ocr_carea' id='block_1_10' title="bbox 226 2172 1632 2373">
    <p class='ocr_par' dir='ltr' id='par_1_11' title="bbox 226 2172 1632 2373">
     <span class='ocr_line' id='line_1_32' title="bbox 230 2172 1575 2236; baseline 0.002 -19"><span class='ocrx_word' id='word_1_220' title='bbox 230 2172 279 2216; x_wconf 71' lang='grc' dir='ltr'><em>δὲ</em></span> <span class='ocrx_word' id='word_1_221' title='bbox 310 2182 390 2218; x_wconf 89' lang='grc' dir='ltr'><em>τοῦ</em></span> <span class='ocrx_word' id='word_1_222' title='bbox 427 2178 596 2230; x_wconf 84' lang='grc' dir='ltr'><em>Λίβυος</em></span> <span class='ocrx_word' id='word_1_223' title='bbox 632 2178 909 2232; x_wconf 88' lang='grc' dir='ltr'><em>χηρεύουσαν</em></span> <span class='ocrx_word' id='word_1_224' title='bbox 948 2176 996 2219; x_wconf 84' lang='grc' dir='ltr'><em>ἐν</em></span> <span class='ocrx_word' id='word_1_225' title='bbox 1033 2178 1327 2234; x_wconf 74' lang='grc' dir='ltr'><em>Καππαδοκίᾳ</em></span> <span class='ocrx_word' id='word_1_226' title='bbox 1363 2179 1479 2232; x_wconf 81' lang='grc' dir='ltr'><em>παρὰ</em></span> <span class='ocrx_word' id='word_1_227' title='bbox 1516 2185 1575 2236; x_wconf 77' lang='grc' dir='ltr'><em>τῷ</em></span> 
     </span>
     <span class='ocr_line' id='line_1_33' title="bbox 226 2244 1632 2305; baseline 0.003 -19"><span class='ocrx_word' id='word_1_228' title='bbox 226 2244 357 2300; x_wconf 85' lang='grc' dir='ltr'><em>πατρὶ</em></span> <span class='ocrx_word' id='word_1_229' title='bbox 392 2244 620 2301; x_wconf 82' lang='grc' dir='ltr'><em>Ἀρχέλαος</em></span> <span class='ocrx_word' id='word_1_230' title='bbox 657 2248 827 2301; x_wconf 73' lang='grc' dir='ltr'><em>ἄγεται,</em></span> <span class='ocrx_word' id='word_1_231' title='bbox 864 2248 945 2301; x_wconf 87' lang='grc' dir='ltr'><em>τὴν</em></span> <span class='ocrx_word' id='word_1_232' title='bbox 987 2254 1283 2290; x_wconf 87' lang='grc' dir='ltr'><em>συνοικοῦσαν</em></span> <span class='ocrx_word' id='word_1_233' title='bbox 1321 2248 1438 2305; x_wconf 74' lang='grc' dir='ltr'><em>αὐτῷ</em></span> <span class='ocrx_word' id='word_1_234' title='bbox 1477 2251 1576 2290; x_wconf 71' lang='grc' dir='ltr'><em>,Μα-</em></span> <span class='ocrx_word' id='word_1_235' title='bbox 1597 2258 1632 2284; x_wconf 84' lang='grc'><em>30</em></span> 
     </span>
     <span class='ocr_line' id='line_1_34' title="bbox 323 2327 906 2373; baseline 0.003 -12"><span class='ocrx_word' id='word_1_236' title='bbox 323 2331 341 2369; x_wconf 66' lang='grc' dir='ltr'>ἕ</span> <span class='ocrx_word' id='word_1_237' title='bbox 368 2330 434 2361; x_wconf 71' lang='lat'><em>349</em></span> <span class='ocrx_word' id='word_1_238' title='bbox 463 2327 506 2362; x_wconf 86' lang='lat' dir='ltr'><em>cf.</em></span> <span class='ocrx_word' id='word_1_239' title='bbox 534 2327 625 2363; x_wconf 82' lang='lat' dir='ltr'>Bell.</span> <span class='ocrx_word' id='word_1_240' title='bbox 652 2328 729 2363; x_wconf 79' lang='lat' dir='ltr'>Iud.</span> <span class='ocrx_word' id='word_1_241' title='bbox 757 2329 791 2362; x_wconf 84' lang='lat' dir='ltr'>H</span> <span class='ocrx_word' id='word_1_242' title='bbox 819 2334 848 2373; x_wconf 76' lang='lat'><em>7,</em></span> <span class='ocrx_word' id='word_1_243' title='bbox 875 2333 906 2364; x_wconf 80' lang='lat'><em>4.</em></span> 
     </span>
    </p>
   </div>
  </div>
 </body>
</html>
