<?xml version="1.0" encoding="UTF-8"?>
<!DOCTYPE html PUBLIC "-//W3C//DTD XHTML 1.0 Transitional//EN"
    "http://www.w3.org/TR/xhtml1/DTD/xhtml1-transitional.dtd">
<html xmlns="http://www.w3.org/1999/xhtml" xml:lang="en" lang="en">
 <head>
  <title>
</title>
<meta http-equiv="Content-Type" content="text/html;charset=utf-8" />
  <meta name='ocr-system' content='tesseract 3.04.00' />
  <meta name='ocr-capabilities' content='ocr_page ocr_carea ocr_par ocr_line ocrx_word'/>
</head>
<body>
  <div class='ocr_page' id='page_1' title='image "./flaviiiosephiope04joseuoft_0332.png"; bbox 0 0 1732 2526; ppageno 0'>
   <div class='ocr_carea' id='block_1_1' title="bbox 187 64 1046 106">
    <p class='ocr_par' dir='ltr' id='par_1_1' title="bbox 187 64 1046 106">
     <span class='ocr_line' id='line_1_1' title="bbox 187 64 1046 106; baseline 0 -8"><span class='ocrx_word' id='word_1_1' title='bbox 187 64 275 106; x_wconf 80' lang='lat'><em>280</em></span> <span class='ocrx_word' id='word_1_2' title='bbox 683 66 1046 100; x_wconf 68' lang='lat' dir='ltr'>APXAIOAOPIAZ</span> 
     </span>
    </p>
   </div>
   <div class='ocr_carea' id='block_1_2' title="bbox 122 168 1641 2341">
    <p class='ocr_par' dir='ltr' id='par_1_2' title="bbox 137 168 1641 930">
     <span class='ocr_line' id='line_1_2' title="bbox 137 168 1555 227; baseline -0.001 -14"><span class='ocrx_word' id='word_1_3' title='bbox 137 174 166 214; x_wconf 82' lang='lat'>4</span> <span class='ocrx_word' id='word_1_4' title='bbox 276 171 390 225; x_wconf 83' lang='lat'>&lt;75&gt;</span> <span class='ocrx_word' id='word_1_5' title='bbox 430 171 452 213; x_wconf 92' lang='grc' dir='ltr'>ὁ</span> <span class='ocrx_word' id='word_1_6' title='bbox 497 169 546 213; x_wconf 73' lang='grc' dir='ltr'><em>δὲ</em></span> <span class='ocrx_word' id='word_1_7' title='bbox 577 178 656 214; x_wconf 87' lang='grc' dir='ltr'><em>τοῦ</em></span> <span class='ocrx_word' id='word_1_8' title='bbox 681 168 844 223; x_wconf 79' lang='grc' dir='ltr'><em>Ἰζάτου</em></span> <span class='ocrx_word' id='word_1_9' title='bbox 876 172 1066 227; x_wconf 81' lang='grc' dir='ltr'><em>ἀδελφὸς</em></span> <span class='ocrx_word' id='word_1_10' title='bbox 1097 173 1360 226; x_wconf 86' lang='grc' dir='ltr'><em>Μονόβαζος</em></span> <span class='ocrx_word' id='word_1_11' title='bbox 1391 169 1462 213; x_wconf 87' lang='grc' dir='ltr'><em>καὶ</em></span> <span class='ocrx_word' id='word_1_12' title='bbox 1495 171 1555 213; x_wconf 72' lang='grc' dir='ltr'><em>οἷ’</em></span> 
     </span>
     <span class='ocr_line' id='line_1_3' title="bbox 186 241 1538 297; baseline -0.001 -14"><span class='ocrx_word' id='word_1_13' title='bbox 186 249 415 295; x_wconf 74' lang='grc' dir='ltr'><em>συγγενεῖς</em></span> <span class='ocrx_word' id='word_1_14' title='bbox 453 246 731 297; x_wconf 81' lang='grc' dir='ltr'><em>θεωροῦντες</em></span> <span class='ocrx_word' id='word_1_15' title='bbox 768 244 845 285; x_wconf 91' lang='grc' dir='ltr'><em>τὸν</em></span> <span class='ocrx_word' id='word_1_16' title='bbox 882 241 1065 297; x_wconf 81' lang='grc' dir='ltr'><em>βασιλέα</em></span> <span class='ocrx_word' id='word_1_17' title='bbox 1107 242 1179 283; x_wconf 72' lang='grc' dir='ltr'><em>διὰ</em></span> <span class='ocrx_word' id='word_1_18' title='bbox 1211 242 1291 295; x_wconf 88' lang='grc' dir='ltr'><em>τὴν</em></span> <span class='ocrx_word' id='word_1_19' title='bbox 1321 242 1429 296; x_wconf 90' lang='grc' dir='ltr'><em>πρὸς</em></span> <span class='ocrx_word' id='word_1_20' title='bbox 1459 242 1538 283; x_wconf 92' lang='grc' dir='ltr'><em>τὸν</em></span> 
     </span>
     <span class='ocr_line' id='line_1_4' title="bbox 185 310 1537 369; baseline 0 -16"><span class='ocrx_word' id='word_1_21' title='bbox 185 312 298 353; x_wconf 89' lang='grc' dir='ltr'><em>θεὸν</em></span> <span class='ocrx_word' id='word_1_22' title='bbox 330 310 559 366; x_wconf 89' lang='grc' dir='ltr'><em>εὐσέβειαν</em></span> <span class='ocrx_word' id='word_1_23' title='bbox 590 311 662 355; x_wconf 86' lang='grc' dir='ltr'><em>καὶ</em></span> <span class='ocrx_word' id='word_1_24' title='bbox 693 314 772 367; x_wconf 87' lang='grc' dir='ltr'><em>τὴν</em></span> <span class='ocrx_word' id='word_1_25' title='bbox 806 312 995 355; x_wconf 87' lang='grc' dir='ltr'><em>ἐνοῦσαν</em></span> <span class='ocrx_word' id='word_1_26' title='bbox 1025 312 1141 369; x_wconf 81' lang='grc' dir='ltr'><em>αὐτῷ</em></span> <span class='ocrx_word' id='word_1_27' title='bbox 1169 319 1256 353; x_wconf 84' lang='grc' dir='ltr'><em>τῶν</em></span> <span class='ocrx_word' id='word_1_28' title='bbox 1284 311 1410 364; x_wconf 83' lang='grc' dir='ltr'><em>ἠθῶν</em></span> <span class='ocrx_word' id='word_1_29' title='bbox 1435 327 1537 366; x_wconf 90' lang='grc' dir='ltr'><em>χρη-</em></span> 
     </span>
     <span class='ocr_line' id='line_1_5' title="bbox 186 380 1536 437; baseline -0.001 -13"><span class='ocrx_word' id='word_1_30' title='bbox 186 383 369 437; x_wconf 87' lang='grc' dir='ltr'><em>στότητα</em></span> <span class='ocrx_word' id='word_1_31' title='bbox 404 384 593 436; x_wconf 86' lang='grc' dir='ltr'><em>ζηλωτὸν</em></span> <span class='ocrx_word' id='word_1_32' title='bbox 625 384 741 437; x_wconf 76' lang='grc' dir='ltr'><em>παρὰ</em></span> <span class='ocrx_word' id='word_1_33' title='bbox 772 389 905 425; x_wconf 89' lang='grc' dir='ltr'><em>πᾶσιν</em></span> <span class='ocrx_word' id='word_1_34' title='bbox 941 382 1197 437; x_wconf 80' lang='grc' dir='ltr'><em>ἀνθρώποις</em></span> <span class='ocrx_word' id='word_1_35' title='bbox 1228 380 1536 436; x_wconf 77' lang='grc' dir='ltr'><em>γεγενημένον,</em></span> 
     </span>
     <span class='ocr_line' id='line_1_6' title="bbox 185 452 1590 508; baseline -0.001 -13"><span class='ocrx_word' id='word_1_36' title='bbox 185 454 314 508; x_wconf 86' lang='grc' dir='ltr'><em>ἔσχον</em></span> <span class='ocrx_word' id='word_1_37' title='bbox 360 453 600 508; x_wconf 81' lang='grc' dir='ltr'><em>ἐπιθυμίαν</em></span> <span class='ocrx_word' id='word_1_38' title='bbox 644 452 716 496; x_wconf 86' lang='grc' dir='ltr'><em>καὶ</em></span> <span class='ocrx_word' id='word_1_39' title='bbox 760 452 885 496; x_wconf 85' lang='grc' dir='ltr'><em>αὐτοὶ</em></span> <span class='ocrx_word' id='word_1_40' title='bbox 929 455 980 495; x_wconf 82' lang='grc' dir='ltr'><em>τὰ</em></span> <span class='ocrx_word' id='word_1_41' title='bbox 1024 453 1183 508; x_wconf 89' lang='grc' dir='ltr'><em>πάτρια</em></span> <span class='ocrx_word' id='word_1_42' title='bbox 1227 454 1537 502; x_wconf 77' lang='grc' dir='ltr'><em>καταλιπόντες</em></span> <span class='ocrx_word' id='word_1_43' title='bbox 1573 466 1590 493; x_wconf 87' lang='lat'>5</span> 
     </span>
     <span class='ocr_line' id='line_1_7' title="bbox 185 521 1537 580; baseline -0.001 -15"><span class='ocrx_word' id='word_1_44' title='bbox 185 525 310 565; x_wconf 79' lang='grc' dir='ltr'><em>ἔθεσι</em></span> <span class='ocrx_word' id='word_1_45' title='bbox 342 529 536 580; x_wconf 83' lang='grc' dir='ltr'><em>χρῆσθαι</em></span> <span class='ocrx_word' id='word_1_46' title='bbox 568 531 658 575; x_wconf 81' lang='grc' dir='ltr'><em>τοῖς</em></span> <span class='ocrx_word' id='word_1_47' title='bbox 686 522 935 577; x_wconf 80' lang='grc' dir='ltr'><em>Ἰουδαίων,</em></span> <span class='ocrx_word' id='word_1_48' title='bbox 974 523 1045 566; x_wconf 87' lang='grc' dir='ltr'><em>καὶ</em></span> <span class='ocrx_word' id='word_1_49' title='bbox 1076 525 1157 578; x_wconf 88' lang='grc' dir='ltr'><em>τὴν</em></span> <span class='ocrx_word' id='word_1_50' title='bbox 1189 525 1341 578; x_wconf 83' lang='grc' dir='ltr'><em>ἔφεσιν</em></span> <span class='ocrx_word' id='word_1_51' title='bbox 1373 524 1434 572; x_wconf 81' lang='grc' dir='ltr'><em>εἰς</em></span> <span class='ocrx_word' id='word_1_52' title='bbox 1464 521 1537 564; x_wconf 90' lang='grc' dir='ltr'><em>πέ-</em></span> 
     </span>
     <span class='ocr_line' id='line_1_8' title="bbox 185 593 1536 649; baseline 0 -14"><span class='ocrx_word' id='word_1_53' title='bbox 185 609 263 648; x_wconf 93' lang='grc' dir='ltr'><em>ρας</em></span> <span class='ocrx_word' id='word_1_54' title='bbox 308 593 554 649; x_wconf 79' lang='grc' dir='ltr'><em>ἐξήνεγκαν.</em></span> <span class='ocrx_word' id='word_1_55' title='bbox 626 595 752 649; x_wconf 83' lang='grc'>&lt;76&gt;</span> <span class='ocrx_word' id='word_1_56' title='bbox 795 597 991 648; x_wconf 89' lang='grc' dir='ltr'><em>γίγνεται</em></span> <span class='ocrx_word' id='word_1_57' title='bbox 1035 593 1075 636; x_wconf 91' lang='grc' dir='ltr'><em>δ’</em></span> <span class='ocrx_word' id='word_1_58' title='bbox 1122 595 1148 648; x_wconf 83' lang='grc' dir='ltr'>ἡ</span> <span class='ocrx_word' id='word_1_59' title='bbox 1193 593 1347 648; x_wconf 83' lang='grc' dir='ltr'><em>πρᾶξις</em></span> <span class='ocrx_word' id='word_1_60' title='bbox 1390 593 1536 635; x_wconf 85' lang='grc' dir='ltr'><em>αὐτῶν</em></span> 
     </span>
     <span class='ocr_line' id='line_1_9' title="bbox 183 663 1537 721; baseline -0.001 -15"><span class='ocrx_word' id='word_1_61' title='bbox 183 664 440 720; x_wconf 78' lang='grc' dir='ltr'><em>κατάφωρος</em></span> <span class='ocrx_word' id='word_1_62' title='bbox 480 672 571 714; x_wconf 83' lang='grc' dir='ltr'><em>τοῖς</em></span> <span class='ocrx_word' id='word_1_63' title='bbox 611 665 842 718; x_wconf 79' lang='grc' dir='ltr'><em>ὑπηκόοις,</em></span> <span class='ocrx_word' id='word_1_64' title='bbox 885 663 989 707; x_wconf 81' lang='grc' dir='ltr'><em>κάπὶ</em></span> <span class='ocrx_word' id='word_1_65' title='bbox 1033 665 1173 721; x_wconf 77' lang='grc' dir='ltr'><em>τούτῳ</em></span> <span class='ocrx_word' id='word_1_66' title='bbox 1217 666 1537 720; x_wconf 78' lang='grc' dir='ltr'><em>χαλεπήναντες</em></span> 
     </span>
     <span class='ocr_line' id='line_1_10' title="bbox 184 733 1536 790; baseline 0 -14"><span class='ocrx_word' id='word_1_67' title='bbox 184 735 230 777; x_wconf 76' lang='grc' dir='ltr'><em>οἱ</em></span> <span class='ocrx_word' id='word_1_68' title='bbox 259 741 514 790; x_wconf 79' lang='grc' dir='ltr'><em>μεγιστᾶνες</em></span> <span class='ocrx_word' id='word_1_69' title='bbox 545 733 618 776; x_wconf 85' lang='grc' dir='ltr'><em>καὶ</em></span> <span class='ocrx_word' id='word_1_70' title='bbox 651 735 839 790; x_wconf 78' lang='grc' dir='ltr'><em>ὀργίλως</em></span> <span class='ocrx_word' id='word_1_71' title='bbox 871 734 1147 784; x_wconf 79' lang='grc' dir='ltr'><em>διατεθέντες</em></span> <span class='ocrx_word' id='word_1_72' title='bbox 1176 735 1256 777; x_wconf 88' lang='grc' dir='ltr'><em>οὐκ</em></span> <span class='ocrx_word' id='word_1_73' title='bbox 1289 733 1536 789; x_wconf 82' lang='grc' dir='ltr'><em>ἐφανέρουν</em></span> 
     </span>
     <span class='ocr_line' id='line_1_11' title="bbox 183 803 1641 860; baseline -0.001 -13"><span class='ocrx_word' id='word_1_74' title='bbox 183 803 264 860; x_wconf 73' lang='grc' dir='ltr'><em>μὲν</em></span> <span class='ocrx_word' id='word_1_75' title='bbox 302 807 382 859; x_wconf 86' lang='grc' dir='ltr'><em>τὴν</em></span> <span class='ocrx_word' id='word_1_76' title='bbox 421 805 579 860; x_wconf 84' lang='grc' dir='ltr'><em>ὀργήν,</em></span> <span class='ocrx_word' id='word_1_77' title='bbox 622 806 730 846; x_wconf 78' lang='grc' dir='ltr'><em>κατὰ</em></span> <span class='ocrx_word' id='word_1_78' title='bbox 767 811 877 847; x_wconf 89' lang='grc' dir='ltr'><em>νοῦν</em></span> <span class='ocrx_word' id='word_1_79' title='bbox 917 803 955 846; x_wconf 83' lang='grc' dir='ltr'><em>δ’</em></span> <span class='ocrx_word' id='word_1_80' title='bbox 995 807 1166 860; x_wconf 82' lang='grc' dir='ltr'><em>ἔχοντες</em></span> <span class='ocrx_word' id='word_1_81' title='bbox 1203 806 1358 860; x_wconf 89' lang='grc' dir='ltr'><em>καιρὸν</em></span> <span class='ocrx_word' id='word_1_82' title='bbox 1391 804 1534 858; x_wconf 87' lang='grc' dir='ltr'><em>ἐπιτή-</em></span> <span class='ocrx_word' id='word_1_83' title='bbox 1556 820 1589 844; x_wconf 84' lang='grc' dir='ltr'><em>ιο</em></span> <span class='ocrx_word' id='word_1_84' title='bbox 1638 816 1641 818; x_wconf 85' lang='grc'><strong><em>·</em></strong></span> 
     </span>
     <span class='ocr_line' id='line_1_12' title="bbox 183 873 1534 930; baseline -0.001 -12"><span class='ocrx_word' id='word_1_85' title='bbox 183 877 306 918; x_wconf 87' lang='grc' dir='ltr'><em>δειον</em></span> <span class='ocrx_word' id='word_1_86' title='bbox 340 876 519 930; x_wconf 80' lang='grc' dir='ltr'><em>ἐζήτουν</em></span> <span class='ocrx_word' id='word_1_87' title='bbox 553 876 682 929; x_wconf 89' lang='grc' dir='ltr'><em>δίκην</em></span> <span class='ocrx_word' id='word_1_88' title='bbox 713 875 1032 930; x_wconf 81' lang='grc' dir='ltr'><em>εἰσπράξασθαι</em></span> <span class='ocrx_word' id='word_1_89' title='bbox 1064 873 1164 928; x_wconf 71' lang='grc' dir='ltr'><em>παρ’</em></span> <span class='ocrx_word' id='word_1_90' title='bbox 1203 875 1362 916; x_wconf 84' lang='grc' dir='ltr'><em>αὐτῶν.</em></span> <span class='ocrx_word' id='word_1_91' title='bbox 1418 875 1534 929; x_wconf 74' lang='grc'>&lt;77&gt;</span> 
     </span>
    </p>

    <p class='ocr_par' dir='ltr' id='par_1_3' title="bbox 122 943 1587 2341">
     <span class='ocr_line' id='line_1_13' title="bbox 122 943 1535 1001; baseline -0.001 -13"><span class='ocrx_word' id='word_1_92' title='bbox 122 967 126 970; x_wconf 53' lang='lat'>&gt;</span> <span class='ocrx_word' id='word_1_93' title='bbox 181 946 254 988; x_wconf 78' lang='grc' dir='ltr'><em>καὶ</em></span> <span class='ocrx_word' id='word_1_94' title='bbox 296 947 349 1000; x_wconf 89' lang='grc' dir='ltr'><em>δὴ</em></span> <span class='ocrx_word' id='word_1_95' title='bbox 391 946 613 1001; x_wconf 91' lang='grc' dir='ltr'><em>γράφουσι</em></span> <span class='ocrx_word' id='word_1_96' title='bbox 653 947 762 1000; x_wconf 89' lang='grc' dir='ltr'><em>πρὸς</em></span> <span class='ocrx_word' id='word_1_97' title='bbox 798 943 951 1000; x_wconf 85' lang='grc' dir='ltr'><em>Ἀβίαν</em></span> <span class='ocrx_word' id='word_1_98' title='bbox 992 946 1068 987; x_wconf 88' lang='grc' dir='ltr'><em>τὸν</em></span> <span class='ocrx_word' id='word_1_99' title='bbox 1101 944 1299 1000; x_wconf 87' lang='grc' dir='ltr'><em>Ἀράβων</em></span> <span class='ocrx_word' id='word_1_100' title='bbox 1339 945 1535 1000; x_wconf 89' lang='grc' dir='ltr'><em>βασιλεά,</em></span> 
     </span>
     <span class='ocr_line' id='line_1_14' title="bbox 181 1017 1534 1072; baseline 0 -14"><span class='ocrx_word' id='word_1_101' title='bbox 181 1018 379 1072; x_wconf 86' lang='grc' dir='ltr'><em>χρήματα</em></span> <span class='ocrx_word' id='word_1_102' title='bbox 416 1017 557 1058; x_wconf 86' lang='grc' dir='ltr'><em>πολλὰ</em></span> <span class='ocrx_word' id='word_1_103' title='bbox 597 1017 757 1058; x_wconf 83' lang='grc' dir='ltr'><em>δώσειν</em></span> <span class='ocrx_word' id='word_1_104' title='bbox 794 1017 1141 1072; x_wconf 82' lang='grc' dir='ltr'><em>ὑπισχνούμενοι</em></span> <span class='ocrx_word' id='word_1_105' title='bbox 1183 1017 1534 1069; x_wconf 89' lang='grc' dir='ltr'><em>στρατεύσασθαι</em></span> 
     </span>
     <span class='ocr_line' id='line_1_15' title="bbox 179 1083 1534 1141; baseline 0 -13"><span class='ocrx_word' id='word_1_106' title='bbox 179 1089 421 1141; x_wconf 88' lang='grc' dir='ltr'><em>θελήσαντι</em></span> <span class='ocrx_word' id='word_1_107' title='bbox 453 1087 560 1128; x_wconf 83' lang='grc' dir='ltr'><em>κατὰ</em></span> <span class='ocrx_word' id='word_1_108' title='bbox 598 1093 678 1128; x_wconf 89' lang='grc' dir='ltr'><em>τοῦ</em></span> <span class='ocrx_word' id='word_1_109' title='bbox 715 1083 816 1141; x_wconf 86' lang='grc' dir='ltr'><em>παρ’</em></span> <span class='ocrx_word' id='word_1_110' title='bbox 854 1087 1002 1136; x_wconf 80' lang='grc' dir='ltr'><em>αὐτοῖς</em></span> <span class='ocrx_word' id='word_1_111' title='bbox 1041 1086 1265 1141; x_wconf 89' lang='grc' dir='ltr'><em>βασιλέως.</em></span> <span class='ocrx_word' id='word_1_112' title='bbox 1328 1086 1534 1141; x_wconf 87' lang='grc' dir='ltr'><em>ἐπηγγέλ-</em></span> 
     </span>
     <span class='ocr_line' id='line_1_16' title="bbox 181 1155 1586 1213; baseline 0 -13"><span class='ocrx_word' id='word_1_113' title='bbox 181 1162 311 1200; x_wconf 87' lang='grc' dir='ltr'><em>λοντο</em></span> <span class='ocrx_word' id='word_1_114' title='bbox 352 1155 400 1199; x_wconf 76' lang='grc' dir='ltr'><em>δὲ</em></span> <span class='ocrx_word' id='word_1_115' title='bbox 438 1155 510 1199; x_wconf 85' lang='grc' dir='ltr'><em>καὶ</em></span> <span class='ocrx_word' id='word_1_116' title='bbox 547 1156 646 1211; x_wconf 84' lang='grc' dir='ltr'><em>περὶ</em></span> <span class='ocrx_word' id='word_1_117' title='bbox 683 1158 764 1211; x_wconf 85' lang='grc' dir='ltr'><em>τὴν</em></span> <span class='ocrx_word' id='word_1_118' title='bbox 801 1158 977 1213; x_wconf 89' lang='grc' dir='ltr'><em>πρώτην</em></span> <span class='ocrx_word' id='word_1_119' title='bbox 1017 1158 1245 1211; x_wconf 88' lang='grc' dir='ltr'><em>συμβολὴν</em></span> <span class='ocrx_word' id='word_1_120' title='bbox 1288 1156 1532 1211; x_wconf 84' lang='grc' dir='ltr'><em>ἐγκαταλεί-</em></span> <span class='ocrx_word' id='word_1_121' title='bbox 1554 1170 1586 1196; x_wconf 84' lang='lat'><em>15</em></span> 
     </span>
     <span class='ocr_line' id='line_1_17' title="bbox 180 1225 1532 1282; baseline 0 -12"><span class='ocrx_word' id='word_1_122' title='bbox 180 1235 281 1279; x_wconf 79' lang='grc' dir='ltr'><em>ψειν</em></span> <span class='ocrx_word' id='word_1_123' title='bbox 324 1228 402 1269; x_wconf 90' lang='grc' dir='ltr'><em>τὸν</em></span> <span class='ocrx_word' id='word_1_124' title='bbox 445 1225 644 1281; x_wconf 90' lang='grc' dir='ltr'><em>βασιλέα·</em></span> <span class='ocrx_word' id='word_1_125' title='bbox 695 1226 847 1270; x_wconf 88' lang='grc' dir='ltr'><em>θέλειν</em></span> <span class='ocrx_word' id='word_1_126' title='bbox 889 1229 971 1282; x_wconf 82' lang='grc' dir='ltr'><em>γὰρ</em></span> <span class='ocrx_word' id='word_1_127' title='bbox 1018 1228 1154 1270; x_wconf 86' lang='grc' dir='ltr'><em>αὐτὸν</em></span> <span class='ocrx_word' id='word_1_128' title='bbox 1197 1229 1532 1282; x_wconf 87' lang='grc' dir='ltr'><em>τιμωρήσασθαι</em></span> 
     </span>
     <span class='ocr_line' id='line_1_18' title="bbox 181 1295 1533 1354; baseline 0 -14"><span class='ocrx_word' id='word_1_129' title='bbox 181 1300 426 1353; x_wconf 86' lang='grc' dir='ltr'><em>μισήσαντα</em></span> <span class='ocrx_word' id='word_1_130' title='bbox 457 1298 509 1339; x_wconf 79' lang='grc' dir='ltr'><em>τὰ</em></span> <span class='ocrx_word' id='word_1_131' title='bbox 539 1295 638 1352; x_wconf 89' lang='grc' dir='ltr'><em>παρ’</em></span> <span class='ocrx_word' id='word_1_132' title='bbox 679 1298 828 1348; x_wconf 75' lang='grc' dir='ltr'><em>αὐτοῖς</em></span> <span class='ocrx_word' id='word_1_133' title='bbox 866 1300 961 1352; x_wconf 48' lang='grc' dir='ltr'><em>ἕθηι</em></span> <span class='ocrx_word' id='word_1_134' title='bbox 1023 1297 1095 1340; x_wconf 85' lang='grc' dir='ltr'><em>καὶ</em></span> <span class='ocrx_word' id='word_1_135' title='bbox 1137 1298 1284 1353; x_wconf 81' lang='grc' dir='ltr'><em>ὅρκοις</em></span> <span class='ocrx_word' id='word_1_136' title='bbox 1314 1299 1394 1352; x_wconf 87' lang='grc' dir='ltr'><em>τὴν</em></span> <span class='ocrx_word' id='word_1_137' title='bbox 1424 1300 1533 1354; x_wconf 90' lang='grc' dir='ltr'><em>πρὸς</em></span> 
     </span>
     <span class='ocr_line' id='line_1_19' title="bbox 181 1356 1532 1424; baseline 0 -13"><span class='ocrx_word' id='word_1_138' title='bbox 181 1369 399 1424; x_wconf 83' lang='grc' dir='ltr'><em>ἀλλήλους</em></span> <span class='ocrx_word' id='word_1_139' title='bbox 431 1367 722 1423; x_wconf 86' lang='grc' dir='ltr'><em>ἐνδησάμενοι</em></span> <span class='ocrx_word' id='word_1_140' title='bbox 753 1370 901 1410; x_wconf 86' lang='grc' dir='ltr'><em>πίστιν</em></span> <span class='ocrx_word' id='word_1_141' title='bbox 935 1369 1141 1410; x_wconf 86' lang='grc' dir='ltr'><em>σπεύδειν</em></span> <span class='ocrx_word' id='word_1_142' title='bbox 1173 1356 1315 1423; x_wconf 73' lang='grc' dir='ltr'><em>τομώς</em></span> <span class='ocrx_word' id='word_1_143' title='bbox 1347 1370 1532 1423; x_wconf 86' lang='grc' dir='ltr'><em>παρεκά-</em></span> 
     </span>
     <span class='ocr_line' id='line_1_20' title="bbox 181 1437 1532 1494; baseline 0 -12"><span class='ocrx_word' id='word_1_144' title='bbox 181 1443 303 1482; x_wconf 92' lang='grc' dir='ltr'><em>λουν.</em></span> <span class='ocrx_word' id='word_1_145' title='bbox 366 1439 482 1493; x_wconf 80' lang='lat'>&lt;78&gt;</span> <span class='ocrx_word' id='word_1_146' title='bbox 513 1443 714 1480; x_wconf 87' lang='grc' dir='ltr'><em>πείθεται</em></span> <span class='ocrx_word' id='word_1_147' title='bbox 747 1437 785 1480; x_wconf 81' lang='grc' dir='ltr'><em>δ’</em></span> <span class='ocrx_word' id='word_1_148' title='bbox 824 1439 846 1481; x_wconf 88' lang='grc' dir='ltr'>ὁ</span> <span class='ocrx_word' id='word_1_149' title='bbox 868 1438 1035 1494; x_wconf 78' lang='grc' dir='ltr'><em>’Ἀραψ,</em></span> <span class='ocrx_word' id='word_1_150' title='bbox 1073 1437 1144 1480; x_wconf 82' lang='grc' dir='ltr'><em>καὶ</em></span> <span class='ocrx_word' id='word_1_151' title='bbox 1176 1439 1345 1493; x_wconf 87' lang='grc' dir='ltr'><em>πολλὴν</em></span> <span class='ocrx_word' id='word_1_152' title='bbox 1377 1438 1532 1493; x_wconf 87' lang='grc' dir='ltr'><em>ἐπαγό-</em></span> 
     </span>
     <span class='ocr_line' id='line_1_21' title="bbox 181 1505 1587 1566; baseline -0.004 -14"><span class='ocrx_word' id='word_1_153' title='bbox 181 1526 312 1566; x_wconf 89' lang='grc' dir='ltr'><em>μενος</em></span> <span class='ocrx_word' id='word_1_154' title='bbox 350 1510 542 1563; x_wconf 89' lang='grc' dir='ltr'><em>δύναμιν</em></span> <span class='ocrx_word' id='word_1_155' title='bbox 579 1505 683 1562; x_wconf 68' lang='grc' dir='ltr'><em>’ἧκεν</em></span> <span class='ocrx_word' id='word_1_156' title='bbox 722 1508 791 1551; x_wconf 85' lang='grc' dir='ltr'><em>ἐπὶ</em></span> <span class='ocrx_word' id='word_1_157' title='bbox 829 1510 905 1551; x_wconf 85' lang='grc' dir='ltr'><em>τὸν</em></span> <span class='ocrx_word' id='word_1_158' title='bbox 932 1507 1097 1563; x_wconf 82' lang='grc' dir='ltr'><em>Ἰζάτην</em></span> <span class='ocrx_word' id='word_1_159' title='bbox 1135 1506 1273 1563; x_wconf 74' lang='grc' dir='ltr'><em>μηδὲν</em></span> <span class='ocrx_word' id='word_1_160' title='bbox 1305 1511 1531 1564; x_wconf 87' lang='grc' dir='ltr'><em>μελλήσας.</em></span> <span class='ocrx_word' id='word_1_161' title='bbox 1553 1523 1587 1548; x_wconf 76' lang='lat'><em>20</em></span> 
     </span>
     <span class='ocr_line' id='line_1_22' title="bbox 180 1577 1533 1637; baseline -0.001 -14"><span class='ocrx_word' id='word_1_162' title='bbox 180 1582 328 1637; x_wconf 83' lang='grc' dir='ltr'><em>πρώτῃ</em></span> <span class='ocrx_word' id='word_1_163' title='bbox 374 1577 422 1621; x_wconf 75' lang='grc' dir='ltr'><em>δὲ</em></span> <span class='ocrx_word' id='word_1_164' title='bbox 466 1585 544 1622; x_wconf 85' lang='grc' dir='ltr'><em>τοῦ</em></span> <span class='ocrx_word' id='word_1_165' title='bbox 588 1579 783 1634; x_wconf 89' lang='grc' dir='ltr'><em>πολέμου</em></span> <span class='ocrx_word' id='word_1_166' title='bbox 833 1582 1082 1635; x_wconf 79' lang='grc' dir='ltr'><em>προσβολῇ,</em></span> <span class='ocrx_word' id='word_1_167' title='bbox 1133 1578 1238 1633; x_wconf 87' lang='grc' dir='ltr'><em>πρὶν</em></span> <span class='ocrx_word' id='word_1_168' title='bbox 1283 1581 1344 1630; x_wconf 84' lang='grc' dir='ltr'><em>εἰς</em></span> <span class='ocrx_word' id='word_1_169' title='bbox 1387 1587 1533 1636; x_wconf 87' lang='grc' dir='ltr'><em>χεῖρας</em></span> 
     </span>
     <span class='ocr_line' id='line_1_23' title="bbox 181 1649 1534 1705; baseline -0.001 -11"><span class='ocrx_word' id='word_1_170' title='bbox 181 1652 351 1705; x_wconf 83' lang='grc' dir='ltr'><em>ἐλθεῖν,</em></span> <span class='ocrx_word' id='word_1_171' title='bbox 393 1652 702 1692; x_wconf 89' lang='grc' dir='ltr'><em>καταλείπουσι</em></span> <span class='ocrx_word' id='word_1_172' title='bbox 734 1652 811 1693; x_wconf 91' lang='grc' dir='ltr'><em>τὸν</em></span> <span class='ocrx_word' id='word_1_173' title='bbox 837 1649 1002 1705; x_wconf 85' lang='grc' dir='ltr'><em>Ἰζάτην</em></span> <span class='ocrx_word' id='word_1_174' title='bbox 1035 1651 1080 1692; x_wconf 92' lang='grc' dir='ltr'><em>ἐκ</em></span> <span class='ocrx_word' id='word_1_175' title='bbox 1113 1652 1395 1705; x_wconf 89' lang='grc' dir='ltr'><em>συνθήματος</em></span> <span class='ocrx_word' id='word_1_176' title='bbox 1425 1652 1534 1693; x_wconf 77' lang='grc' dir='ltr'><em>πάν-</em></span> 
     </span>
     <span class='ocr_line' id='line_1_24' title="bbox 179 1719 1532 1777; baseline 0.001 -15"><span class='ocrx_word' id='word_1_177' title='bbox 179 1737 248 1771; x_wconf 88' lang='grc' dir='ltr'><em>τες</em></span> <span class='ocrx_word' id='word_1_178' title='bbox 289 1721 346 1770; x_wconf 85' lang='grc' dir='ltr'><em>ὡς</em></span> <span class='ocrx_word' id='word_1_179' title='bbox 385 1726 555 1777; x_wconf 80' lang='grc' dir='ltr'><em>πανικῷ</em></span> <span class='ocrx_word' id='word_1_180' title='bbox 598 1722 767 1775; x_wconf 90' lang='grc' dir='ltr'><em>δείματι</em></span> <span class='ocrx_word' id='word_1_181' title='bbox 808 1720 1169 1776; x_wconf 86' lang='grc' dir='ltr'><em>κατασχεθέντες,</em></span> <span class='ocrx_word' id='word_1_182' title='bbox 1214 1719 1286 1763; x_wconf 90' lang='grc' dir='ltr'><em>καὶ</em></span> <span class='ocrx_word' id='word_1_183' title='bbox 1327 1722 1379 1763; x_wconf 80' lang='grc' dir='ltr'><em>τὰ</em></span> <span class='ocrx_word' id='word_1_184' title='bbox 1416 1730 1532 1764; x_wconf 84' lang='grc' dir='ltr'><em>νῶτα</em></span> 
     </span>
     <span class='ocr_line' id='line_1_25' title="bbox 180 1790 1582 1847; baseline 0 -14"><span class='ocrx_word' id='word_1_185' title='bbox 180 1800 270 1841; x_wconf 80' lang='grc' dir='ltr'><em>τοῖς</em></span> <span class='ocrx_word' id='word_1_186' title='bbox 300 1794 526 1845; x_wconf 89' lang='grc' dir='ltr'><em>πολεμιόις</em></span> <span class='ocrx_word' id='word_1_187' title='bbox 564 1790 848 1845; x_wconf 80' lang='grc' dir='ltr'><em>ἐντρέψαντες</em></span> <span class='ocrx_word' id='word_1_188' title='bbox 886 1794 1086 1847; x_wconf 82' lang='grc' dir='ltr'><em>ἔφευγον.</em></span> <span class='ocrx_word' id='word_1_189' title='bbox 1150 1792 1264 1846; x_wconf 84' lang='grc'>&lt;79&gt;</span> <span class='ocrx_word' id='word_1_190' title='bbox 1304 1791 1357 1833; x_wconf 87' lang='grc' dir='ltr'><em>οὐ</em></span> <span class='ocrx_word' id='word_1_191' title='bbox 1387 1792 1474 1846; x_wconf 87' lang='grc' dir='ltr'><em>μὴν</em></span> <span class='ocrx_word' id='word_1_192' title='bbox 1507 1792 1530 1834; x_wconf 89' lang='grc' dir='ltr'>ὁ</span> <span class='ocrx_word' id='word_1_193' title='bbox 1579 1802 1582 1803; x_wconf 72' lang='grc'>’</span> 
     </span>
     <span class='ocr_line' id='line_1_26' title="bbox 173 1860 1583 1918; baseline -0.001 -15"><span class='ocrx_word' id='word_1_194' title='bbox 173 1861 336 1916; x_wconf 84' lang='grc' dir='ltr'><em>Ἰζάτης</em></span> <span class='ocrx_word' id='word_1_195' title='bbox 367 1861 612 1916; x_wconf 89' lang='grc' dir='ltr'><em>κατεπλάγη</em></span> <span class='ocrx_word' id='word_1_196' title='bbox 640 1864 688 1904; x_wconf 89' lang='grc' dir='ltr'><em>τὸ</em></span> <span class='ocrx_word' id='word_1_197' title='bbox 717 1864 875 1917; x_wconf 86' lang='grc' dir='ltr'><em>δρᾶμα,</em></span> <span class='ocrx_word' id='word_1_198' title='bbox 909 1865 1069 1917; x_wconf 87' lang='grc' dir='ltr'><em>νοήσας</em></span> <span class='ocrx_word' id='word_1_199' title='bbox 1101 1860 1149 1904; x_wconf 73' lang='grc' dir='ltr'><em>δὲ</em></span> <span class='ocrx_word' id='word_1_200' title='bbox 1174 1863 1418 1918; x_wconf 88' lang='grc' dir='ltr'><em>προδοσίαν</em></span> <span class='ocrx_word' id='word_1_201' title='bbox 1442 1862 1528 1904; x_wconf 88' lang='grc' dir='ltr'><em>ὑπὸ</em></span> <span class='ocrx_word' id='word_1_202' title='bbox 1550 1874 1583 1900; x_wconf 80' lang='lat'><em>25</em></span> 
     </span>
     <span class='ocr_line' id='line_1_27' title="bbox 180 1932 1529 1987; baseline 0.001 -14"><span class='ocrx_word' id='word_1_203' title='bbox 180 1940 268 1974; x_wconf 83' lang='grc' dir='ltr'><em>τῶν</em></span> <span class='ocrx_word' id='word_1_204' title='bbox 301 1932 574 1986; x_wconf 89' lang='grc' dir='ltr'><em>μεγιστάνων</em></span> <span class='ocrx_word' id='word_1_205' title='bbox 608 1937 874 1987; x_wconf 77' lang='grc' dir='ltr'><em>γεγενῆσθαι</em></span> <span class='ocrx_word' id='word_1_206' title='bbox 905 1932 977 1975; x_wconf 84' lang='grc' dir='ltr'><em>καὶ</em></span> <span class='ocrx_word' id='word_1_207' title='bbox 1009 1933 1140 1982; x_wconf 85' lang='grc' dir='ltr'><em>αὐτὸς</em></span> <span class='ocrx_word' id='word_1_208' title='bbox 1171 1934 1233 1982; x_wconf 78' lang='grc' dir='ltr'><em>εἰς</em></span> <span class='ocrx_word' id='word_1_209' title='bbox 1270 1934 1318 1975; x_wconf 90' lang='grc' dir='ltr'><em>τὸ</em></span> <span class='ocrx_word' id='word_1_210' title='bbox 1351 1935 1529 1987; x_wconf 83' lang='grc' dir='ltr'><em>στρατό-</em></span> 
     </span>
     <span class='ocr_line' id='line_1_28' title="bbox 179 2002 1528 2058; baseline 0 -14"><span class='ocrx_word' id='word_1_211' title='bbox 179 2004 316 2044; x_wconf 88' lang='grc' dir='ltr'><em>πεδον</em></span> <span class='ocrx_word' id='word_1_212' title='bbox 348 2002 623 2056; x_wconf 80' lang='grc' dir='ltr'><em>ὑπεχώρησε,</em></span> <span class='ocrx_word' id='word_1_213' title='bbox 661 2002 732 2044; x_wconf 85' lang='grc' dir='ltr'><em>καὶ</em></span> <span class='ocrx_word' id='word_1_214' title='bbox 770 2004 849 2057; x_wconf 87' lang='grc' dir='ltr'><em>τὴν</em></span> <span class='ocrx_word' id='word_1_215' title='bbox 882 2005 1026 2045; x_wconf 82' lang='grc' dir='ltr'><em>αἰτίαν</em></span> <span class='ocrx_word' id='word_1_216' title='bbox 1059 2005 1260 2058; x_wconf 86' lang='grc' dir='ltr'><em>ζητήσας,</em></span> <span class='ocrx_word' id='word_1_217' title='bbox 1302 2004 1360 2052; x_wconf 84' lang='grc' dir='ltr'><em>ὡς</em></span> <span class='ocrx_word' id='word_1_218' title='bbox 1392 2004 1528 2057; x_wconf 84' lang='grc' dir='ltr'><em>ε”μαθε</em></span> 
     </span>
     <span class='ocr_line' id='line_1_29' title="bbox 181 2071 1529 2129; baseline -0.001 -14"><span class='ocrx_word' id='word_1_219' title='bbox 181 2072 555 2126; x_wconf 82' lang='grc' dir='ltr'><em>συντεταγμένους</em></span> <span class='ocrx_word' id='word_1_220' title='bbox 597 2074 705 2127; x_wconf 85' lang='grc' dir='ltr'><em>πρὸς</em></span> <span class='ocrx_word' id='word_1_221' title='bbox 748 2075 826 2116; x_wconf 89' lang='grc' dir='ltr'><em>τὸν</em></span> <span class='ocrx_word' id='word_1_222' title='bbox 860 2073 1047 2129; x_wconf 74' lang='grc' dir='ltr'><em>Ἄραβα,</em></span> <span class='ocrx_word' id='word_1_223' title='bbox 1094 2076 1197 2124; x_wconf 84' lang='grc' dir='ltr'><em>τοὺς</em></span> <span class='ocrx_word' id='word_1_224' title='bbox 1239 2071 1319 2128; x_wconf 73' lang='grc' dir='ltr'><em>μὲν</em></span> <span class='ocrx_word' id='word_1_225' title='bbox 1363 2075 1529 2124; x_wconf 80' lang='grc' dir='ltr'><em>αἰτίους</em></span> 
     </span>
     <span class='ocr_line' id='line_1_30' title="bbox 180 2141 1528 2199; baseline 0.001 -14"><span class='ocrx_word' id='word_1_226' title='bbox 180 2143 372 2198; x_wconf 76' lang='grc' dir='ltr'><em>ἀναιρεῖ,</em></span> <span class='ocrx_word' id='word_1_227' title='bbox 412 2149 462 2197; x_wconf 77' lang='grc' dir='ltr'><em>τῇ</em></span> <span class='ocrx_word' id='word_1_228' title='bbox 497 2141 535 2184; x_wconf 87' lang='grc' dir='ltr'><em>δ’</em></span> <span class='ocrx_word' id='word_1_229' title='bbox 575 2143 756 2199; x_wconf 81' lang='grc' dir='ltr'><em>ἐπιούσῃ</em></span> <span class='ocrx_word' id='word_1_230' title='bbox 796 2145 1035 2198; x_wconf 86' lang='grc' dir='ltr'><em>συμβαλὼν</em></span> <span class='ocrx_word' id='word_1_231' title='bbox 1072 2146 1302 2194; x_wconf 88' lang='grc' dir='ltr'><em>πλείστους</em></span> <span class='ocrx_word' id='word_1_232' title='bbox 1338 2142 1418 2198; x_wconf 78' lang='grc' dir='ltr'><em>μὲν</em></span> <span class='ocrx_word' id='word_1_233' title='bbox 1451 2144 1528 2186; x_wconf 84' lang='grc' dir='ltr'><em>ἀπ-</em></span> 
     </span>
     <span class='ocr_line' id='line_1_31' title="bbox 181 2211 1583 2269; baseline 0.002 -14"><span class='ocrx_word' id='word_1_234' title='bbox 181 2213 357 2267; x_wconf 88' lang='grc' dir='ltr'><em>έκτεινε,</em></span> <span class='ocrx_word' id='word_1_235' title='bbox 389 2214 552 2263; x_wconf 86' lang='grc' dir='ltr'><em>πάντας</em></span> <span class='ocrx_word' id='word_1_236' title='bbox 585 2211 633 2255; x_wconf 72' lang='grc' dir='ltr'><em>δὲ</em></span> <span class='ocrx_word' id='word_1_237' title='bbox 664 2222 824 2268; x_wconf 75' lang='grc' dir='ltr'><em>φυγεῖν</em></span> <span class='ocrx_word' id='word_1_238' title='bbox 855 2215 1113 2269; x_wconf 84' lang='grc' dir='ltr'><em>ἠνάγκασεν.</em></span> <span class='ocrx_word' id='word_1_239' title='bbox 1171 2215 1284 2269; x_wconf 83' lang='grc'>&lt;80&gt;</span> <span class='ocrx_word' id='word_1_240' title='bbox 1318 2215 1453 2257; x_wconf 87' lang='grc' dir='ltr'><em>αὐτὸν</em></span> <span class='ocrx_word' id='word_1_241' title='bbox 1480 2214 1527 2258; x_wconf 75' lang='grc' dir='ltr'><em>δὲ</em></span> <span class='ocrx_word' id='word_1_242' title='bbox 1547 2227 1583 2253; x_wconf 77' lang='grc'><em>30</em></span> 
     </span>
     <span class='ocr_line' id='line_1_32' title="bbox 178 2282 1527 2341; baseline -0.001 -14"><span class='ocrx_word' id='word_1_243' title='bbox 178 2287 257 2327; x_wconf 85' lang='grc' dir='ltr'><em>τὸν</em></span> <span class='ocrx_word' id='word_1_244' title='bbox 294 2282 475 2339; x_wconf 81' lang='grc' dir='ltr'><em>βασιλέα</em></span> <span class='ocrx_word' id='word_1_245' title='bbox 514 2285 687 2326; x_wconf 78' lang='grc' dir='ltr'><em>διώκων</em></span> <span class='ocrx_word' id='word_1_246' title='bbox 725 2290 786 2334; x_wconf 72' lang='grc' dir='ltr'><em>εἴς</em></span> <span class='ocrx_word' id='word_1_247' title='bbox 823 2302 862 2326; x_wconf 89' lang='grc' dir='ltr'><em>τι</em></span> <span class='ocrx_word' id='word_1_248' title='bbox 901 2287 1120 2341; x_wconf 84' lang='grc' dir='ltr'><em>φρούριον</em></span> <span class='ocrx_word' id='word_1_249' title='bbox 1158 2287 1405 2339; x_wconf 88' lang='grc' dir='ltr'><em>συνήλασεν</em></span> <span class='ocrx_word' id='word_1_250' title='bbox 1427 2285 1527 2341; x_wconf 73' lang='grc' dir='ltr'><em>’Ἀρ-</em></span> 
     </span>
    </p>
   </div>
  </div>
 </body>
</html>
