1732 2526
41 812 73 836 10

39 1513 73 1538 20

40 1864 73 1889 25

40 2215 75 2240 30

709 57 823 90 ΒΙοΣ
1354 55 1437 96 341

94 163 253 219 πράξω.
311 162 665 219 μεταπέμπεσθαι
694 165 776 218 γὰρ
808 164 890 217 τὴν
924 163 1031 217 ἐμὴν
1065 163 1255 217 δύναμιν
1288 163 1361 204 διὰ
1391 163 1440 205 τὸ

95 238 245 290 λήγειν
289 236 372 289 ἤδη
416 236 496 289 τὴν
540 233 785 276 ἐνεστῶσαν
829 233 995 287 ἡμέραν
1039 234 1119 276 οὐκ
1163 233 1441 288 ἐδοκίμαζον·

95 303 199 347 οὐδὲ
231 306 314 360 γὰρ
342 303 608 360 ἀφικομένης
633 305 767 358 αὐτῆς
793 305 855 353 εἰς
881 305 960 357 τὴν
987 303 1198 346 ἐπιοῦσαν
1230 304 1340 345 ὅπλα
1367 307 1440 345 λα-

94 378 190 430 βεῖν
223 373 337 432 (ἦν),
380 377 642 417 κωλυόντων
678 375 790 429 ἡμᾶς
826 382 914 416 τῶν
945 376 1116 428 νόμων,
1159 374 1242 415 κᾶν
1275 374 1439 428 μεγάλη

94 462 157 495 τις
199 446 387 500 ἐπείγειν
428 446 594 499 ἀνάγκη
637 446 756 499 δοκῇ.
823 445 966 498 <162>
1007 446 1048 485 εί
1089 442 1137 485 δὲ
1176 451 1267 493 τοῖς
1313 446 1440 498 Ταρι-

92 516 288 570 χαιάταις
324 514 396 558 καὶ
433 523 523 564 τοῖς
559 513 660 569 παρ’
697 514 846 564 αὐτοῖς
883 513 1023 565 ξένοις
1055 513 1330 569 ἐπιτρέψαιμι
1361 515 1440 568 τὴν

93 588 223 628 πόλιν
256 586 522 641 διαρπάζειν,
556 584 706 639 ἑώρων
740 585 818 641 οὐχ
853 587 1030 635 ἱκανοὺς
1057 583 1304 639 ἐσομένους,
1360 585 1440 638 τὴν

95 654 137 698 δ’
169 652 545 711 ἐμὴνὺπέρθεσιν
573 654 722 710 ἑώρων
749 656 1041 711 μακροτάτην·
1075 657 1331 710 φθήσεσθαι
1358 656 1441 709 γὰρ

92 726 165 768 καὶ
196 728 277 781 τὴν
307 727 423 781 παρὰ
455 725 668 779 βασιλέως
705 727 895 781 δύναμιν
933 725 1226 781 ἀφικομένην,
1263 724 1335 767 καὶ
1375 725 1441 767 ἐκ-

93 801 324 838 πεσεῖσθαι
349 802 425 850 τῆς
450 799 617 846 πόλεως
643 794 804 852 ᾠόμην.
854 796 998 850 <163>
1032 796 1331 851 ἐβουλευόμην
1359 792 1441 838 οὖν

94 868 414 922 στρατηγήματι
447 869 700 922 χρήσασθαί
727 883 813 909 τινι
844 863 936 908 κατ’
967 867 1124 909 αὐτῶν.
1180 872 1442 922 παραχρῆμα

94 938 147 991 δὴ
180 939 283 987 τοὺς
313 939 597 987 πιστοτάτους
628 945 715 979 τῶν
747 940 891 992 φίλων
922 945 1015 987 ταῖς
1045 938 1203 987 πύλαις
1234 945 1321 979 τῶν
1360 939 1441 978 Τα-

93 1015 277 1063 ριχαιῶν
322 1008 553 1063 ἐπιστήσας
595 1008 870 1062 φυλάξοντας
914 1007 1007 1062 μετ’
1058 1008 1297 1062 ἀσφαλείας
1339 1009 1442 1057 τοὺς

93 1078 252 1128 ἐξιέναι
283 1078 518 1132 θέλοντας,
556 1077 628 1120 καὶ
659 1081 761 1128 τοὺς
791 1080 991 1133 πρώτους
1022 1086 1110 1120 τῶν
1143 1083 1275 1120 οἴκων
1307 1090 1441 1133 προσ-

0 1161 2 1164 ’
57 1149 404 1203 ὅκαλεσάμενος,
450 1149 595 1190 αὐτῶν
639 1148 822 1191 ἕκαστον
864 1148 1068 1190 ἐκέλευσα
1109 1149 1442 1190 καθελκύσαντα

91 1222 269 1273 πλοῖον,
308 1219 498 1273 ἐμβάντα
532 1222 891 1273 συνεπαγόμενον
929 1221 1007 1261 τὸν
1043 1222 1316 1275 κυβερνήτην
1347 1219 1442 1260 ἕπε-

93 1292 204 1331 σθαί
232 1305 307 1344 μοι
338 1291 448 1345 πρὸς
473 1290 553 1344 τὴν
586 1288 821 1344 Τιβεριέων
853 1292 994 1332 πόλιν.
1045 1290 1189 1345 <164>
1215 1289 1287 1331 καὶ
1313 1290 1443 1339 αὐτὸς

94 1357 140 1401 δὲ
172 1360 278 1414 μετὰ
310 1367 397 1401 τῶν
429 1363 571 1414 φίλων
603 1359 677 1402 καὶ
716 1360 927 1414 ὁπλιτῶν,
965 1360 1041 1410 οὓς
1079 1362 1190 1415 ἔφην
1230 1359 1334 1401 ἑπτὰ
1366 1361 1443 1401 τὸν

93 1430 288 1484 ἀριθμὸν
315 1427 443 1484 εἶναι,
471 1430 605 1484 ἐμβὰς
631 1432 785 1473 ἔπλεον
812 1430 880 1472 ἐπὶ
906 1431 986 1484 τὴν
1012 1431 1261 1485 Τιβεριάδα.
1297 1430 1442 1483 <165>

99 1502 311 1554 Τιβεριεῖς
338 1498 385 1542 δὲ
410 1502 490 1555 τὴν
515 1502 632 1555 παρὰ
658 1508 736 1543 τοῦ
763 1500 974 1556 βασιλέως
1007 1502 1198 1556 δύναμιν
1224 1501 1282 1550 ὡς
1307 1502 1441 1554 ἔγνω-

94 1582 176 1612 σαν
208 1571 287 1626 οὐχ
320 1572 514 1625 ἤκουσαν
546 1572 708 1625 αὐτοῖς,
739 1575 905 1614 πλοίων
933 1569 981 1613 δὲ
1006 1573 1086 1626 τὴν
1113 1575 1271 1626 λίμνην
1297 1578 1442 1613 πᾶσαν

93 1641 334 1683 ἐθεάσαντο
366 1644 531 1697 πλήρη,
573 1643 794 1692 δείσαντες
830 1641 929 1696 περὶ
966 1649 1017 1697 τῇ
1055 1644 1178 1684 πόλει
1210 1640 1282 1683 καὶ
1314 1658 1442 1683 κατα-

93 1711 347 1765 πλαγέντες,
380 1713 439 1762 ὡς
470 1712 688 1767 ἐπιβατῶν
719 1715 898 1767 πλήρεις
929 1710 1018 1754 εἷεν
1050 1714 1099 1754 αἱ
1127 1719 1242 1767 νῆες,
1274 1714 1443 1766 μετατί-

92 1785 247 1823 θενται
272 1782 349 1831 τὰς
373 1783 560 1837 γνώμας.
610 1784 755 1838 <166>
781 1784 987 1839 ῥίψαντες
1013 1781 1094 1826 οὖν
1122 1784 1173 1825 τὰ
1199 1783 1311 1824 ὅπλα
1337 1784 1442 1837 μετὰ

94 1860 316 1905 γυναικῶν
342 1852 413 1894 καὶ
439 1854 612 1895 παίδων
637 1854 918 1909 ὑπηντίαζον,
943 1855 1108 1903 πολλὰς
1133 1852 1221 1908 μετ’
1249 1853 1442 1895 ἐπαίνων

92 1923 242 1976 φωνὰς
273 1924 334 1971 είς
367 1920 439 1976 ἐμὲ
471 1922 674 1977 ἀφιέντες
707 1923 897 1980 (εἴκαζον
928 1925 1011 1979 γὰρ
1045 1925 1097 1966 οὐ
1128 1925 1439 1977 προπεπύσθαι

94 2007 144 2045 με
186 1993 267 2046 τὴν
309 1992 510 2034 διάνοιαν
549 1994 735 2048 αὐτῶν),
776 1995 848 2036 καὶ
884 1996 1160 2049 παρεκάλουν
1200 1997 1442 2050 φείσασθαι

93 2068 168 2116 τῆς
198 2064 376 2112 πόλεως.
439 2063 584 2118 <167>
617 2063 700 2117 ἐγὼ
734 2062 781 2106 δὲ
812 2068 1000 2119 πλησίον
1037 2068 1274 2120 γενόμενος
1311 2065 1441 2119 ἀγκύ-

95 2148 172 2187 ρας
212 2131 292 2187 μὲν
334 2135 396 2175 ἔτι
435 2136 585 2188 πόρρω
627 2141 701 2188 τῆς
742 2141 820 2188 γῆς
861 2134 1061 2179 ἐκέλευον
1094 2136 1307 2191 βαλέσθαι
1339 2138 1443 2184 τοὺς

93 2204 362 2257 κυβερνήτας
402 2201 513 2259 ὑπὲρ
554 2211 633 2246 τοῦ
673 2206 731 2259 μὴ
770 2206 991 2261 κατάδηλα
1031 2215 1123 2257 τοῖς
1165 2210 1442 2263 Τιβεριεῦσιν

190 2287 209 2325 ξ
238 2287 304 2317 162
332 2284 375 2318 cf.
403 2284 495 2319 Bell.
522 2284 599 2319 Iud.
627 2285 661 2319 Π
688 2289 743 2331 21,
770 2289 801 2321 8.

1468 1509 1511 1540 33
