1732 2526
231 66 316 108 190
721 68 1086 101 ΑΡΧΑΙΟΛΟΓΙΑΣ

226 173 297 216 καὶ
329 180 581 230 παρασκευῇ
614 181 692 217 τοῦ
725 176 786 224 εἰς
816 175 985 228 ἡδονὴν
1017 172 1249 229 φέροντος,
1284 174 1341 223 ὡς
1372 174 1430 228 μὴ
1464 173 1580 223 ὅπως
1614 218 1619 222 ,

227 246 281 287 ἄν
327 261 425 286 τινα
466 252 554 287 τῶν
596 248 783 299 λοιπῶν,
828 244 937 287 ἀλλὰ
979 243 1078 299 μηδ’
1124 244 1258 286 αὐτὸν
1301 244 1438 286 Γάιόν
1478 241 1573 286 ποτ’

227 317 447 370 ἰσωθῆναι
478 319 751 371 θελήσαντα,
783 316 864 372 οὐχ
897 316 1013 365 ὅπως
1043 314 1389 370 ὑπερβαλέσθαι·
1434 315 1579 368 <290>

226 393 439 429 τοσοῦτον
471 386 583 443 ἁνὴρ
616 394 666 443 τῇ
698 392 952 442 παρασκευῇ
979 387 1173 436 ἅπαντας
1199 386 1388 441 ὑπερῆρε
1420 383 1492 427 καὶ
1518 391 1576 441 τῷ

225 459 276 500 τὰ
308 458 451 500 πάντα
478 461 668 513 Καίσαρι
703 458 993 513 ἐκφροντίσας
1024 465 1278 513 παρασχεῖν.
1329 456 1474 511 (291)
1506 454 1579 498 καὶ

226 529 248 571 ὁ
281 529 415 578 Γάιος
454 528 736 582 ἐκθαυμάσας
773 530 853 583 τήν
894 544 938 571 τε
978 529 1181 570 διάνοιαν
1220 528 1358 570 αὐτοῦ
1395 525 1468 568 καὶ
1499 528 1578 582 τὴν

224 598 622 655 μεγαλοπρέπειαν,
667 600 724 649 ὡς
765 598 830 641 ἐπ’
873 599 1075 656 ἀρεσκείᾳ
1116 605 1166 655 τῇ
1209 599 1345 641 αὐτοῦ
1386 598 1578 654 βιάζοιτο

223 669 295 712 καὶ
339 668 448 725 ὑπὲρ
495 671 686 724 δύναμιν
731 677 817 711 τῶν
861 671 1096 725 χρημάτων
1141 670 1326 726 εὐπορίᾳ
1370 674 1579 725 χρῆσθαι,

223 743 494 796 βουλόμενός
537 757 581 782 τε
626 742 903 795 μιμήσασθαι
946 742 1025 795 τὴν
1061 740 1276 797 Ἀγρίππα
1321 742 1577 796 φιλοτιμίαν

223 809 291 867 ἐφ’
322 812 461 867 ἡδονῇ
494 818 544 866 τῇ
572 811 709 853 αὐτοῦ
734 811 1054 867 πραττομένην,
1087 810 1315 866 ἀνειμένος
1346 809 1418 853 ὑπ’
1452 815 1577 853 οἴνου

223 882 294 924 καὶ
326 883 406 936 τὴν
439 883 643 924 διάνοιαν
669 883 731 932 εἰς
756 883 803 924 τὸ
832 883 1098 937 ἱλαρώτερον
1131 881 1472 937 ἐκτετραμμένος
1496 897 1578 936 φη-

223 953 295 995 σὶν
329 953 376 995 ἐν
410 956 661 1010 συμποσίῳ,
702 956 1062 1007 παρακαλοῦντος
1093 954 1155 1003 εἰς
1186 955 1322 995 πότον
1350 951 1579 1007 Ἀγρίππα,

222 1025 365 1079 <292>
398 1023 485 1066 ‘naz
517 1026 734 1079 πρότερον
773 1023 853 1078 μέν
892 1036 962 1066 σοι
1000 1025 1130 1079 τιμὴν
1163 1022 1374 1080 συνῄδειν
1405 1018 1432 1078 ᾗ
1466 1022 1577 1078 ἐχρῶ

222 1096 273 1137 τὰ
305 1097 414 1149 πρὸς
447 1095 535 1150 ἐμέ,
567 1095 639 1138 καὶ
670 1097 839 1150 πολλὴν
872 1097 1054 1137 εὔνοιαν
1084 1096 1190 1150 μετὰ
1217 1095 1440 1137 κινδύνων
1472 1093 1577 1136 ἀπο-

223 1167 497 1221 δειχθεῖσαν,
549 1161 615 1216 οἷς
658 1167 743 1209 ὑπὸ
795 1169 1000 1221 Τιβερίου
1043 1165 1271 1221 περιέστης
1317 1162 1374 1207 δι’
1424 1165 1576 1219 αὐτήν,

223 1236 456 1287 ἐπιλείπεις
494 1236 531 1279 τ’
569 1235 702 1279 οὐδὲν
740 1236 812 1279 καὶ
844 1235 954 1293 ὑπὲρ
997 1238 1189 1292 δύναμιν
1222 1236 1351 1291 ἀρετῇ
1385 1240 1576 1292 χρῆσθαι

221 1314 271 1363 τῇ
312 1310 419 1362 πρὸς
456 1308 576 1363 ἡμᾶς.
641 1308 750 1350 ὅθεν
789 1308 992 1365 (αἰσχρὸν
1025 1309 1107 1363 γὰρ
1149 1308 1367 1362 ἡττᾶσθαί
1400 1322 1452 1361 με
1490 1307 1575 1349 ὑπὸ

222 1385 295 1432 τῆς
327 1384 406 1432 σῆς
432 1378 646 1434 σπουδῆς)
680 1379 918 1433 ἀναλαβεῖν
945 1380 1162 1433 βούλομαι
1188 1379 1240 1420 τά
1267 1376 1576 1432 ἐλλελειμμένα

220 1451 448 1504 πρότερον.
505 1448 652 1504 <293>
685 1449 836 1504 ὀλίγον
869 1450 952 1504 γὰρ
978 1455 1066 1491 πᾶν
1099 1449 1263 1491 ὁπόσον
1296 1459 1366 1490 σοι
1396 1449 1577 1504 δωρεῶν

221 1519 433 1574 ἐχόμενον
465 1518 845 1574 ἀπεμοιρασάμην
895 1520 943 1561 τὸ
977 1516 1025 1560 δὲ
1055 1524 1160 1572 πᾶν,
1191 1518 1297 1573 ὅπερ
1330 1529 1400 1560 σοι
1433 1518 1575 1573 ῥοπὴν

221 1590 275 1632 ἂν
306 1592 524 1645 προσθείη
558 1595 636 1632 τοῦ
664 1589 942 1644 εὐδαίμονος,
976 1591 1339 1643 δεδιακονήσεταί
1368 1600 1438 1632 σοι
1469 1603 1575 1642 προ-

220 1662 362 1717 θυμία
393 1676 437 1702 τε
470 1659 543 1702 καὶ
571 1661 689 1715 ἰσχύι
720 1667 770 1716 τῇ
806 1660 913 1716 ἐμῇῖ
970 1659 1041 1702 καὶ
1075 1660 1097 1702 ὃ
1131 1658 1211 1715 μὲν
1243 1666 1378 1702 ταῦτα
1411 1661 1575 1714 ἔλεγεν,

221 1732 422 1785 οἰόμενος
447 1738 531 1786 γῆν
558 1747 602 1773 τε
628 1733 798 1786 πολλὴν
826 1733 1100 1786 αἰτήσεσθαι,
1132 1730 1158 1786 ἢ
1184 1734 1260 1773 καί
1281 1746 1416 1772 τινων
1441 1741 1575 1785 προσ-

221 1803 354 1852 όδους
385 1804 573 1844 πόλεων·
626 1803 770 1856 <294>
803 1801 825 1844 ὃ
859 1801 929 1856 δέ,
961 1804 1114 1855 καίπερ
1147 1803 1198 1843 τὰ
1230 1801 1371 1843 πάντα
1404 1799 1471 1856 ἐφ’
1510 1795 1575 1850 οἷς

221 1874 393 1927 αἰτήσαι
424 1871 848 1929 παρεσκευασμένος,
880 1872 960 1914 οὐκ
993 1871 1210 1928 ἐφανέρου
1242 1873 1323 1926 τὴν
1356 1871 1573 1925 διάνοιαν,

221 1941 313 1984 ἀλλ’
354 1942 400 1984 ἐκ
431 1951 510 1986 τοῦ
543 1943 664 1994 ὀξέος
696 1943 920 1998 ἀμείβεται
952 1945 1029 1986 τὸν
1062 1943 1200 1985 Γάιον
1238 1943 1304 1984 ὅτι
1337 1942 1436 1984 οὔτε
1467 1944 1573 1996 πρό-

220 2028 348 2068 τερον
398 2012 553 2068 κέρδος
602 2015 651 2056 τὸ
702 2011 778 2055 ἀπ’
834 2014 970 2055 αὐτοῦ
1019 2014 1279 2068 καραδοκῶν
1331 2012 1448 2067 παρὰ
1497 2013 1573 2062 τὰς

227 2085 430 2139 Τιβερίου
465 2083 642 2134 ἐντολὰς
667 2085 984 2139 θεραπεύσειεν
1010 2084 1161 2136 αὐτόν,
1193 2084 1292 2126 οὔτε
1323 2089 1408 2124 νῦν
1439 2082 1573 2137 πράτ«

220 2170 311 2196 τειν
342 2171 383 2196 τι
415 2162 502 2196 τῶν
535 2156 596 2204 εἰς
628 2155 757 2210 χάριν
789 2156 868 2210 τὴν
895 2154 1066 2197 ἐκείνου
1091 2155 1261 2209 κερδῶν
1294 2154 1469 2196 οἰκείων
1502 2152 1577 2195 ε’πί

1599 821 1631 846 10

1596 1173 1630 1199 15

1595 1528 1629 1553 20

1593 1880 1628 1907 25

220 2237 306 2267 τισι
339 2227 511 2280 λήψεσι·
561 2226 718 2280 <295>
755 2226 920 2279 μεγάλα
963 2223 1011 2267 δὲ
1051 2222 1163 2268 εἶναι
1201 2225 1252 2267 τὰ
1289 2224 1571 2279 προδεδωρη-
1589 2234 1625 2260 30

219 2295 348 2351 μένα,
390 2295 462 2338 καὶ
495 2295 733 2353 περαιτέρω
766 2303 845 2338 τοῦ
876 2296 1035 2352 θράσει
1073 2295 1302 2352 χρωμένου
1335 2302 1421 2337 τῶν
1455 2293 1570 2336 ἐλπί-
