1732 2526
142 249 183 279 51

149 1870 194 1901 52

213 59 298 101 358
762 60 990 94 ΙῼΣΗΠΟΤ

212 170 263 211 τὰ
301 165 399 224 περὶ
431 168 505 217 τὰς
536 168 734 223 φρουρὰς
764 169 866 218 τοὺς
899 167 1126 217 ἐναντιόυς
1157 165 1342 221 εἰδέναι,
1381 167 1438 222 μὴ
1472 168 1572 209 δεί--

214 252 367 289 σαντες
398 244 476 280 τοῦ
508 238 697 294 γράφειν
730 237 988 281 ἀποστῶσιν.
1044 238 1188 292 <262>
1214 236 1330 279 ταῦτ’
1364 236 1559 279 ἀκοῦσαν

213 312 261 352 τὸ
293 313 462 363 πλῆθος
494 310 665 364 σφόδρα
691 308 971 364 παροξυνθὲν
998 308 1067 351 ἐπὶ
1092 310 1170 351 τὸν
1191 306 1409 361 Ἰωνάθην
1436 307 1559 362 ὥρμα

213 379 285 422 καὶ
328 382 431 430 τοὺς
474 382 557 421 σὺν
601 380 717 437 αὐτῷ
759 383 1064 435 συμπαρόντας
1104 380 1161 428 ὡς
1202 380 1559 433 διαφθεροῦντες.

214 451 295 493 κᾶν
328 450 623 506 ἐπεπράχεσαν
655 447 860 505 τοῦργον,
894 452 934 492 εἰ
964 452 1021 505 μὴ
1053 452 1155 499 τοὺς
1187 447 1266 504 μὲν
1300 449 1561 497 Γαλιλαίους

215 523 382 563 ἔπαυσα
423 527 497 575 τῆς
537 522 688 577 ὀργῆς,
732 529 823 571 τοῖς
862 521 961 576 περὶ
998 523 1075 563 τὸν
1108 520 1324 574 Ἰωνάθην
1367 517 1404 561 δ’
1450 520 1560 574 ἔφην

216 592 561 646 συγγιγνώσκειν
593 599 681 633 τῶν
712 593 795 646 ἤδη
828 591 1160 646 πεπραγμένων,
1193 593 1232 632 εἰ
1256 589 1456 645 μέλλοιεν
1489 605 1560 644 με-

215 665 447 717 τανοήσειν
490 661 561 703 καὶ
604 661 897 716 πορευθέντες
941 664 1001 711 εἰς
1040 663 1120 716 τὴν
1161 662 1348 715 πατρίδα
1390 659 1560 713 λέγοιεν

214 740 305 782 τοϊς
335 732 528 787 πέμψασι
567 731 735 786 τάληθῆ
774 731 872 788 περὶ
913 740 997 774 τῶν
1036 730 1131 785 ἐμοὶ
1168 730 1558 785 πεπολιτευμένων.

215 803 359 857 <263>
393 800 509 844 ταῦτ’
542 803 676 844 εἰπὼν
709 801 901 845 ἀπέλυον
934 802 1107 855 αὐτούς,
1138 804 1278 843 καίτοι
1304 803 1561 855 γιγνώσκων

217 874 282 915 ὅτι
326 871 464 928 μηδὲν
506 870 567 915 ὧν
605 873 849 929 ὑπέσχηντο
887 875 1161 928 ποιήσουσιν.
1223 874 1271 913 τὸ
1309 875 1480 930 πλῆθος
1518 870 1556 913 δ’

217 945 277 993 εἰς
310 944 447 999 ὀργὴν
480 943 691 995 ἐξεκαίετο
724 942 813 985 κατ’
847 943 1006 997 αὐτῶν,
1038 941 1145 998 κάμὲ
1170 942 1446 996 παρεκάλουν
1473 941 1562 983 ε’πι-

216 1013 390 1069 τρέπειν
422 1014 570 1064 αὐτοῖς
600 1016 932 1069 τιμωρήσασθαι
964 1017 1066 1063 τοὺς
1103 1014 1154 1055 τὰ
1194 1019 1374 1055 τοιαῦτα
1405 1014 1562 1067 τολμή-

217 1097 387 1134 σαντας.
449 1085 593 1139 <264>
632 1093 839 1134 παντοῖος
877 1083 957 1139 μὲν
995 1081 1076 1127 οὖν
1117 1084 1354 1138 ἐγιγνόμην
1391 1085 1562 1125 πείθων

217 1156 377 1205 αὐτοὺς
408 1157 648 1210 φείσασθαι
681 1164 767 1197 τῶν
800 1155 993 1210 ἀνδρῶν·
1032 1162 1177 1196 πᾶσαν
1203 1155 1286 1208 γὰρ
1313 1153 1437 1209 ᾔδειν
1464 1153 1562 1195 στά-

217 1237 288 1267 σιν
332 1227 521 1281 ὄλεθρον
566 1223 704 1268 οὖσαν
747 1232 826 1268 τοῦ
876 1233 1001 1281 κοινῇ
1053 1224 1370 1280 συμφέροντος·
1420 1226 1468 1266 τὸ
1514 1222 1561 1265 δὲ

216 1299 387 1350 πλῆθος
420 1298 516 1351 ἔσχε
548 1298 626 1350 τὴν
658 1295 750 1338 κατ’
786 1297 932 1338 αὐτῶν
965 1297 1102 1351 ὀργὴν
1135 1296 1453 1350 ἀμετάβλητον,
1491 1293 1562 1336 καὶ

217 1366 375 1416 πάντες
407 1367 615 1421 ὥρμησαν
647 1366 716 1409 ἐπὶ
748 1368 827 1421 τὴν
860 1368 1002 1409 οἰκίαν
1033 1366 1079 1408 ἐν
1106 1363 1132 1422 ᾗ
1159 1366 1370 1408 κατέλυον
1397 1364 1562 1418 οἱπερὶ

218 1438 294 1478 τὸν
310 1435 538 1491 Ἰωνάθην.
584 1439 726 1491 <265>
749 1437 831 1491 ἐγὼ
860 1435 907 1479 δὲ
929 1445 1132 1492 συνορῶν
1158 1438 1237 1491 τὴν
1258 1436 1398 1490 ὁρμὴν
1424 1432 1562 1478 οὖσαν

220 1507 364 1548 αὐτῶν
406 1506 709 1563 ἀνεπίσχετον,
760 1507 1042 1561 ἀναπηδήσας
1085 1507 1149 1561 ἐφ’
1189 1508 1321 1548 ἵππον
1360 1505 1563 1547 ἐκέλευσα

219 1584 310 1627 τοῖς
340 1579 529 1631 πλήθεσι
556 1580 665 1634 πρὸς
691 1579 910 1633 Σωγάνην
934 1579 1085 1632 κώμην
1117 1577 1315 1630 ἕπεσθαι,
1349 1576 1563 1631 Γαβάρων

221 1646 469 1702 ἀπέχουσαν
508 1653 645 1690 εἴκοσι
684 1649 850 1691 στάδια.
912 1647 983 1690 καὶ
1022 1649 1204 1705 τοιούτῳ
1244 1648 1564 1702 στρατηγήματι

220 1719 490 1773 χρησάμενος
526 1719 744 1775 παρέσχον
784 1719 953 1776 ἐμαυτῷ
991 1720 1040 1761 τὸ
1079 1719 1135 1773 μὴ
1169 1720 1316 1761 δοκεῖν
1349 1718 1564 1773 ἐμφυλίου

219 1787 412 1843 πολέμου
444 1790 685 1845 κατάρχειν.

311 1860 454 1913 <266>
487 1859 578 1902 ἐπεὶ
612 1858 659 1902 δὲ
685 1859 782 1914 περὶ
815 1863 917 1909 τοὺς
943 1858 1181 1913 Σωγανέας
1214 1858 1442 1913 ἐγενόμην,
1475 1858 1563 1901 ε’πι-
1584 1887 1597 1894 -

222 1932 379 1983 στήσας
419 1932 467 1972 τὸ
508 1934 697 1985 πλῆθος,
741 1930 812 1972 καὶ
855 1929 1109 1984 παραινέσει
1152 1930 1424 1984 χρησάμενος
1465 1929 1564 1984 περὶ

221 2006 300 2042 τοῦ
333 2001 389 2054 μὴ
422 2002 529 2052 πρὸς
560 2003 634 2050 τὰς
660 2001 792 2055 ὀργὰς
816 2000 885 2043 καὶ
913 1998 1029 2042 ταῦτ’
1064 1999 1128 2042 ἐπ’
1159 1999 1412 2053 ἀνηκέστοις
1435 2016 1565 2053 τιμω-

223 2073 336 2125 ρίαις
368 2069 497 2120 ὀξέως
534 2070 771 2125 φέρεσθαι,
811 2073 973 2113 κελεύω
1006 2073 1109 2119 τοὺς
1139 2068 1241 2112 καθ’
1277 2070 1449 2123 ἡλικίαν
1480 2071 1563 2123 ἤδη

221 2143 546 2195 προβεβηκότας
574 2141 642 2182 καὶ
677 2143 876 2195 πρώτους
906 2140 1008 2195 παρ’
1037 2141 1185 2190 αὐτοῖς
1217 2139 1370 2182 ἑκατὸν
1402 2141 1566 2193 ἄνδρας

223 2212 281 2260 ὡς
311 2210 664 2266 πορευσομένους
696 2214 756 2261 εἰς
781 2214 860 2266 τὴν
880 2211 1241 2265 Ἱεροσολυμιτῶν
1266 2213 1395 2252 πόλιν
1421 2209 1565 2263 εὐτρε-

221 2284 448 2337 πίζεσθαι,
492 2281 656 2337 μέμψιν
699 2282 1018 2337 ποιησομένους
1061 2280 1129 2322 ἐπὶ
1170 2288 1248 2323 τοῦ
1292 2282 1433 2334 δήμου
1476 2287 1564 2321 τῶν

1584 814 1615 838 10

1584 1166 1615 1191 15

1583 1518 1616 1543 20

1585 2221 1620 2246 30
