1732 2526
265 94 347 134 176
753 95 1118 128 ΑΡΧΑΙΟΛΟΓΙΑΣ

262 199 356 243 τόδ’
395 199 696 256 ἀνακειμένων
730 199 916 251 ἑκόντως
947 203 1025 243 τὸν
1062 203 1161 256 βίον
1194 199 1438 255 ἐξηγμένος.
1490 201 1631 266 ιΓάλ-ι

263 274 347 326 βαν
389 268 470 313 οὗν
511 269 615 314 ποτὲ
655 272 930 326 θεασάμενος
972 272 1030 321 ὡς
1071 272 1206 314 αὐτὸν
1249 273 1460 324 εἰσιόντα,
1506 270 1615 326 φησὶ

261 343 370 396 πρὸς
395 343 497 392 τοὺς
523 341 903 397 ἐπιτηδειοτάτους
929 342 1045 399 αὐτῷ
1074 342 1130 391 ὡς
1159 343 1474 397 παραγίγνοιτο
1502 340 1614 397 ἀνὴρ

262 417 312 467 τῇ
345 410 570 467 Ῥωμαίων
607 410 710 455 ποτε
753 414 1042 467 τιμησόμενος
1082 412 1306 468 ἡγεμονίᾳ.
1369 411 1526 465 <217>
1565 412 1617 454 τά

260 497 305 524 τε
338 482 481 525 πάντα
514 490 731 538 μαντειῶν
770 482 910 524 ὁπόσα
950 481 1135 538 ἐχόμενα
1172 483 1342 524 πιθανὰ
1374 482 1616 537 ἡγούμενος

260 552 492 607 ἡγεμόνων
525 551 695 607 μάλιστ’
731 552 841 608 ἀνὴρ
875 549 1002 602 οὗτος
1033 552 1118 594 ὑπὸ
1151 559 1229 594 τοῦ
1263 552 1617 607 ἐπαληθεύοντος

262 623 422 677 αὐτῶν,
457 623 524 665 ἐπὶ
557 630 648 673 τοῖς
679 624 932 679 πράγμασιν
967 622 1120 678 ἐχρῆτο
1152 623 1314 673 αὐταῖς.
1365 623 1510 678 <218>
1544 622 1615 665 καὶ

260 696 356 736 τότε
389 692 468 749 μὲν
503 694 550 736 ἐν
582 698 786 749 χαλεποῖς
817 691 872 748 ἦν
906 696 1118 750 συντυχία
1150 701 1228 736 τοῦ
1261 696 1514 748 γεγονότος,
1558 694 1616 744 ὡς

263 763 328 806 ἐπ’
362 764 607 806 ἀπολωλότι
640 770 698 821 τῷ
732 764 822 806 υἱεῖ
850 770 928 806 τοῦ
960 765 1117 814 παιδὸς
1148 763 1368 820 ἀχθεινῶς
1401 765 1614 806 διατεθει-

261 834 406 889 μένος,
438 834 511 877 καὶ
536 835 812 889 κατάμεμψιν
839 835 976 877 αὑτοῦ
1002 835 1266 889 ποιούμενος
1292 841 1370 877 τοῦ
1401 836 1509 876 κατὰ
1534 836 1615 890 τὴν

260 907 461 947 οἰώνισιν
503 910 780 961 προμηθοῦς·
831 908 973 961 παρὸν
1015 907 1097 961 γὰρ
1144 905 1259 962 αὐτῷ
1301 906 1440 960 λύπης
1480 905 1615 961 ἀπηλ-

260 975 462 1034 λαγμένῳ
513 980 718 1019 τελευτᾶν
769 976 940 1032 ἀμαθίᾳ
983 983 1071 1018 τῶν
1115 974 1358 1031 ἐσομένων,
1409 977 1616 1032 διαφθεί-

262 1051 420 1099 ρεσθαι
458 1054 516 1104 τῷ
556 1048 846 1102 προεγνωκὼς
884 1049 963 1102 τὴν
1003 1045 1217 1102 ἐσομένην
1256 1048 1497 1103 δυστυχίαν
1528 1056 1616 1090 τῶν

259 1117 483 1172 φιλτάτων
510 1122 730 1160 τελευτᾶν.
784 1118 929 1172 <219>
955 1120 1110 1172 καίπερ
1139 1115 1187 1158 δὲ
1213 1118 1616 1173 συντεταραγμένος

260 1195 311 1243 τῇ
344 1189 460 1243 παρὰ
494 1188 627 1239 δόξαν
659 1195 734 1243 τῆς
767 1188 901 1243 ἀρχῆς
933 1189 994 1238 εἰς
1027 1188 1104 1238 οὓς
1131 1188 1210 1230 οὐκ
1242 1190 1375 1242 ἤθελε
1407 1190 1615 1247 περιόδῳ,

260 1260 380 1301 ἄκων
408 1275 452 1300 τε
478 1260 549 1300 καὶ
577 1261 634 1314 μὴ
663 1261 935 1314 βουλόμενος
960 1258 1069 1314 φησὶ
1103 1266 1214 1313 γοῦν
1240 1261 1348 1314 πρὸς
1373 1261 1449 1302 τὸν
1477 1260 1614 1302 Γάιον

260 1326 308 1370 ςὦ
348 1337 447 1384 παῖ,
491 1331 644 1384 καίπερ
688 1346 762 1384 μοι
804 1328 1149 1384 συγγενεστέρου
1195 1331 1399 1385 Τιβερίου
1441 1329 1466 1384 ἢ
1507 1331 1614 1372 κατὰ

262 1398 309 1442 σὲ
342 1402 490 1455 ὄντος,
536 1400 639 1456 δόξῃ
683 1416 726 1442 τε
769 1407 819 1455 τῇ
862 1400 1052 1454 ἐμαυτοῦ
1091 1399 1163 1442 καὶ
1201 1406 1259 1457 τῷ
1294 1400 1510 1457 ὁμοψήφῳ
1543 1399 1606 1443 ἐπ’

261 1470 368 1526 αὐτῇ
415 1479 501 1513 τῶν
547 1475 667 1513 θεῶν
712 1469 782 1513 σοὶ
823 1470 972 1526 φέρων
1016 1471 1236 1527 ἐγχειρίζω
1281 1472 1360 1525 τὴν
1390 1467 1613 1526 Ῥωμαίων

260 1541 514 1596 ἡγεμονίαν.
565 1541 710 1596 <220>
744 1541 848 1592 ἀξιῶ
882 1542 935 1583 δέ
963 1553 1010 1583 σε
1037 1539 1174 1596 μηδὲν
1202 1541 1487 1596 ἀμνημονεῖν,
1520 1542 1613 1597 ὁμι-

260 1613 454 1666 λήσαντα
487 1612 616 1667 αὐτῇ,
650 1610 745 1666 μήτ’
784 1612 960 1662 εὐνοίας
991 1618 1065 1666 τῆς
1096 1612 1218 1667 ἐμῆς,
1258 1611 1304 1661 ὃς
1336 1613 1397 1662 εἰς
1429 1613 1612 1655 τοσόνδε

261 1676 582 1737 σε’ἀξιώματος
614 1684 852 1737 καθίστημι
892 1682 1099 1737 μέγεθος,
1139 1684 1242 1737 μήτε
1281 1689 1359 1725 τοῦ
1396 1684 1505 1739 πρὸς
1543 1686 1612 1725 Τι-

260 1752 411 1808 βέριον
444 1760 701 1808 συγγενοῦς,
732 1754 876 1807 <221>
908 1752 1001 1796 ἀλλ’
1043 1753 1330 1808 ἐπιστάμενον
1363 1754 1421 1803 ὡς
1453 1754 1536 1796 σύν
1567 1770 1612 1796 τε

259 1831 351 1873 τοῖς
391 1827 515 1873 θεοῖς
555 1821 628 1865 καὶ
669 1822 758 1878 μετ’
805 1824 964 1873 αὐτοὺς
1004 1823 1192 1866 τοιῶνδέ
1232 1836 1302 1866 σοι
1347 1825 1610 1879 κατασταίην

260 1893 443 1947 ἀγαθῶν
475 1896 700 1949 ποριστής,
734 1894 998 1949 ἀμείβεσθαί
1026 1911 1110 1949 μου
1143 1896 1190 1937 τὸ
1225 1893 1290 1936 ἐπ’
1327 1894 1474 1944 αὐτοῖς
1504 1897 1610 1951 πρό-

258 1969 429 2018 θυμον,
467 1964 537 2006 καὶ
576 1966 663 2019 ἅμα
702 1967 906 2020 Τιβερίου
945 1967 1194 2020 φροντίζειν
1233 1966 1305 2006 διὰ
1343 1966 1423 2020 τὴν
1456 1964 1611 2020 συγγέ-

260 2051 402 2088 νειαν,
428 2036 568 2084 ἄλλως
589 2051 633 2076 τε
656 2036 913 2089 γιγνώσκων
934 2036 992 2085 ὡς
1018 2037 1157 2091 τεῖχός
1183 2047 1253 2078 σοι
1279 2034 1350 2077 καὶ
1376 2041 1451 2089 τῆς
1476 2035 1611 2091 ἀρχῆς

260 2106 373 2160 ὁμοῦ
411 2104 482 2147 καὶ
521 2112 594 2159 τῆς
633 2108 849 2161 σωτηρίας
886 2107 1051 2162 περιὼν
1083 2106 1266 2160 γίγνοιτ’
1303 2106 1357 2147 ἂν
1395 2105 1607 2161 Τιβέριος,

259 2177 471 2231 φροίμιον
510 2173 557 2217 δὲ
596 2183 673 2218 τοῦ
713 2177 956 2231 δυστυχοῦς
994 2177 1324 2231 μεθιστάμενος.
1388 2176 1531 2231 <222>
1563 2177 1612 2218 αἴ

1637 849 1668 874 10

1636 1201 1668 1227 15

1634 1555 1667 1580 20

1631 1907 1663 1932 25

259 2262 304 2288 τε
331 2247 413 2302 γὰρ
441 2248 652 2301 μονώσεις
679 2246 951 2290 ἐπικίνδυνοι
976 2255 1065 2298 τοῖς
1091 2249 1152 2297 εἰς
1177 2248 1446 2302 τηλικούτων
1471 2261 1607 2302 πραγ-
1625 2258 1660 2284 30

260 2317 408 2370 μάτων
459 2318 591 2371 ὄγκον
641 2324 895 2371 καταστᾶσι,
946 2317 1017 2360 καὶ
1067 2323 1190 2368 θεοῖς
1234 2318 1313 2360 οὐκ
1359 2317 1605 2373 ἀτιμώρητα
