1732 2526
628 88 1033 122 OKTQKAIAEKATH
1423 89 1506 131 163

159 194 362 237 διάνοιαν
401 195 580 249 Κύπρος
616 194 641 248 ἡ
674 196 808 248 γυνή,
846 197 1030 237 παντοία
1069 194 1103 236 τ’
1144 193 1197 249 ἧν
1236 195 1506 251 ἀπείργουσα

158 273 244 307 τῶν
283 264 353 307 ἐπὶ
390 266 604 315 τοιούτοις
640 266 965 320 βουλευμάτων.
1029 265 1313 320 διαπέμπεται
1354 265 1402 309 δὲ
1434 266 1507 309 καὶ

157 336 215 385 ὡς
255 336 333 390 τὴν
376 335 574 391 ἀδελφὴν
617 335 754 378 αὐτοῦ
792 334 1066 390 “Ηρωδιάδα,
1111 335 1291 393 (Ηρώδῃ
1336 344 1394 395 τῷ
1440 354 1506 380 τε-

156 407 319 462 τράρχῃ
364 412 681 459 συνοικοῦσαν,
726 407 974 461 γράμματα,
1020 407 1215 460 δηλοῦσα
1259 410 1306 449 τό
1352 406 1387 448 τ’
1436 406 1505 449 ἐπὶ

119 483 245 526 5τοῖς
288 477 503 526 τοιούτοις
546 483 624 518 τοῦ
665 475 876 531 Ἀγρίππα
928 479 1263 531 προβουλεῦσαν
1309 475 1381 518 καὶ
1425 479 1505 531 τὴν

155 546 351 601 ἀνάγκην
382 547 408 601 ἣ
436 543 501 588 ἐπ’
532 547 637 589 αὐτὸ
666 546 832 602 ἐξῆγεν,
864 547 1010 602 <149>
1044 546 1218 590 ἐκέλευέ
1240 563 1284 589 τε
1312 554 1504 602 συγγενῆ

154 613 293 659 οὖσαν
324 619 510 671 βοηθεῖν
542 616 614 659 καὶ
646 619 722 660 τὸν
754 618 896 673 ἄνδρα
928 619 1036 673 πρὸς
1067 624 1196 660 τοῦτο
1229 618 1505 673 παρασκευά-

154 690 260 741 ζειν,
297 683 560 742 θεωροῦσαν
593 688 650 738 ὡς
682 688 791 742 αὐτὴ
830 690 1049 737 παντοίως
1086 690 1288 742 κουφίζοι
1320 690 1396 731 τὸν
1429 690 1504 731 ἄν·

153 759 250 813 δρα,
281 757 353 800 καὶ
384 757 502 800 ταῦτ’
541 758 621 801 οὐκ
653 758 695 809 ἐξ
735 759 900 813 ὁμοίων
937 758 1164 814 ἀφορμῶν.
1227 761 1271 801 οἳ
1300 757 1347 801 δὲ
1379 775 1504 814 μετα-

100 844 132 869 10
151 827 398 883 πέμψαντες
430 829 564 871 αὐτὸν
597 831 850 884 οἰκητήριον
883 828 1115 880 ἀπέδειξαν
1150 830 1400 884 Τιβεριάδα,
1433 832 1509 872 καί

152 916 191 941 τι
223 898 294 941 καὶ
327 899 540 955 ἀργύριον
574 900 739 955 ὥρισαν
778 901 839 949 είς
878 901 958 954 τὴν
998 901 1191 954 δίαιταν,
1230 900 1504 957 ἀγορανομίᾳ

152 985 194 1011 τε
222 976 297 1023 τῆς
330 971 586 1026 Τιβεριάδος
612 970 832 1025 ἐτίμησαν.
884 971 1029 1025 <150>
1062 971 1115 1013 οὐ
1142 971 1228 1025 μὴν
1256 970 1325 1012 ἐπὶ
1350 974 1504 1013 πλεῖόν

150 1056 197 1095 γε
224 1039 428 1095 “Ηρώδης
460 1039 652 1095 ἐνέμεινε
685 1048 775 1090 τοῖς
807 1040 1108 1095 δεδογμένοις·
1152 1043 1293 1083 καίτοι
1326 1038 1364 1095 γ’
1403 1037 1498 1084 οὐδ’

151 1111 208 1161 ὣς
241 1111 460 1167 ἀρκοῦντα
492 1108 558 1165 ἧν.
623 1110 671 1153 ἐν
703 1112 786 1166 γὰρ
825 1113 951 1169 Τύρῳ
989 1113 1106 1166 παρὰ
1149 1114 1391 1154 συνουσίαν
1424 1112 1497 1154 ὑπ’

39 1196 44 1200 ·
98 1196 131 1222 15
151 1186 277 1224 οἴνου
298 1180 550 1236 γενομένων
577 1182 726 1232 αὐτοῖς
752 1183 1003 1237 λοιδοριῶν,
1030 1182 1214 1224 ἀνεκτὸν
1240 1182 1319 1237 οὐχ
1345 1182 1503 1237 ἡγησά-

149 1268 279 1307 μενος
310 1251 568 1308 Ἀγρίππας,
608 1259 687 1295 τοῦ
718 1251 925 1308 εΗρώδου
962 1250 997 1294 τ’
1043 1252 1400 1302 ἐπονειδίσαντος
1437 1254 1499 1302 είς

149 1323 338 1377 ἀπορίαν
376 1322 448 1365 καὶ
485 1329 649 1378 τροφῆς
687 1322 925 1377 ἀναγκαιάς
962 1323 1220 1378 μετάδοσιν,
1266 1324 1323 1372 ὡς
1358 1324 1502 1365 Φλάκ-

149 1411 229 1437 κον
260 1396 336 1437 τὸν
362 1393 574 1435 ὑπατικὸν
602 1398 768 1447 εἴσεισι,
801 1396 933 1448 φίλον
961 1393 1030 1435 ἐπὶ
1056 1392 1219 1449 Ῥώμης
1244 1394 1296 1435 τὰ
1322 1391 1493 1448 μάλιστ’

150 1465 266 1522 αὐτῷ
300 1466 511 1518 γεγονότα
542 1466 773 1520 πρότερον”
819 1465 992 1519 Συρίαν
1025 1460 1064 1506 δ’
1096 1464 1143 1506 ἐν
1175 1470 1233 1520 τῷ
1265 1465 1360 1506 τότε
1395 1465 1498 1505 διεῖ-

97 1549 129 1574 20
149 1550 241 1577 πεν.
292 1535 435 1588 <151>
466 1533 539 1576 καὶ
571 1533 811 1588 δεξαμένου
846 1535 1053 1577 Φλάκκου
1084 1535 1200 1589 παρὰ
1231 1536 1371 1591 τούτῳ
1406 1535 1498 1589 διῆ-
1524 1545 1544 1576 3

152 1621 249 1660 γεν,
294 1607 693 1660 προκατειληφότος
737 1604 871 1646 αὐτὸν
916 1603 1006 1646 ἐκεῖ
1040 1606 1111 1646 καὶ
1144 1603 1501 1659 Ἀριστοβούλου,

152 1676 199 1725 ὃς
231 1675 419 1730 ἀδελφὸς
445 1676 506 1717 ὢν
529 1674 739 1729 Ἀγρίππα
766 1674 978 1730 διάφορός
1003 1673 1038 1716 τ’
1068 1672 1142 1729 ἧν·
1180 1674 1234 1717 οὐ
1260 1676 1347 1730 μὴν
1374 1674 1499 1729 ἐβλά-

149 1762 309 1789 πτοντο
343 1747 481 1801 ἔχθρα
506 1751 556 1800 τῇ
583 1744 786 1799 ἀλλήλων
813 1745 920 1786 ὥστε
947 1746 1003 1799 μὴ
1030 1748 1156 1801 φιλίᾳ
1181 1751 1260 1787 τοῦ
1284 1745 1501 1787 ὑπατικοῦ

150 1818 200 1859 τὰ
234 1818 379 1859 εἰκότα
416 1817 546 1870 τιμὴν
583 1814 811 1870 φέρεσθαι.
874 1815 1016 1869 <152>
1053 1814 1107 1857 οὐ
1139 1815 1226 1869 μὴν
1258 1815 1280 1857 ὅ
1313 1813 1352 1869 γ’
1385 1814 1500 1871 Ἀρι-

99 1901 131 1927 25
152 1889 391 1943 στόβουλος
422 1886 534 1928 ἀνίει
566 1902 607 1928 τι
632 1892 710 1928 τοῦ
736 1886 844 1939 πρὸς
868 1886 945 1927 τὸν
966 1883 1209 1941 Ἀγρίππαν
1237 1886 1500 1940 δυσμενοῦς,

150 1957 275 2014 μέχρι
306 1956 378 1999 καὶ
416 1958 477 2006 είς
514 1958 680 2012 ἔχθραν
718 1955 853 1998 αὐτὸν
887 1956 1077 2013 Φλάκκῳ·
1112 1957 1396 2010 καθίστησιν,
1435 1957 1500 1998 αἰ-

150 2031 248 2071 τίαν
287 2029 495 2082 τοιαύτην
537 2025 605 2069 ἑπὶ
645 2032 695 2081 τῇ
739 2027 973 2083 δυσμενείᾳ
1009 2027 1287 2081 παραλαβών.
1354 2026 1498 2080 <153>

150 2097 438 2154 Δαμασκηνοὶ
471 2099 709 2147 Σιδωνίοις
745 2094 844 2151 περὶ
884 2097 1001 2151 ὅρων
1039 2097 1246 2152 διάφοροι
1277 2101 1499 2138 καθεστῶ-

151 2186 240 2225 τες,
289 2169 523 2225 μέλλοντος
569 2168 775 2210 Φλάκκου
818 2166 917 2223 περὶ
966 2168 1135 2210 τούτων
1185 2166 1498 2223 ἀκροάσεσθαι,

97 2253 132 2278 30
151 2242 368 2296 μαθόντες
399 2241 475 2282 τὸν
505 2237 745 2293 Ἀγρίππαν
776 2238 834 2287 ὡς
866 2234 967 2293 παρ’
1003 2238 1120 2295 αὐτῷ
1153 2237 1262 2293 μέγα
1299 2238 1498 2292 δύναται,

151 2310 303 2366 ἠξίουν
336 2312 512 2367 μερίδος
543 2316 617 2364 τῆς
643 2308 788 2351 αὐτῶν
815 2308 1039 2363 γενέσθαι,
1071 2309 1285 2365 ἀργύριόν
1310 2324 1355 2350 τε
1379 2311 1498 2350 πλεῖ-

1216 2377 1285 2411 11*
