1732 2526
580 79 988 113 EHTAKAIAEKATH
1375 74 1459 116 125

115 190 326 244 ἠτάκτητο
370 188 520 237 αὐτοῖς
555 185 627 229 καὶ
665 188 942 240 παρήκουστο
986 193 1074 227 τῶν
1119 184 1351 239 δογμάτων
1388 181 1460 224 καὶ

116 257 178 302 ὧν
210 259 335 314 ἠξίου
362 256 522 314 ’ὅᾶρος,
555 255 702 312 ἐφέσει
733 257 903 311 κερδῶν
935 255 961 297 ἃ
999 255 1046 297 ἐκ
1083 262 1161 298 τοῦ
1198 261 1461 309 κακουργεῖν

116 328 420 384 περιεγένοντο
464 328 630 377 αὐτοῖς·
674 327 818 381 (297)
863 326 995 376 αὐτὸς
1039 324 1087 367 δὲ
1131 328 1316 380 μυρίους
1355 323 1462 366 Ἰου-

118 402 270 450 δαιόυς
301 396 613 452 συνεστηκέναι
644 399 984 452 πυνθανόμενος
1013 397 1214 451 ἠπείγετο
1243 397 1306 445 εἰς
1336 395 1464 437 κατά-

82 484 98 507 5
118 475 252 526 ληψιν
307 470 464 512 αὐτῶν.
535 471 578 511 οἳ
628 466 665 510 δ’
730 468 808 522 οὐχ
864 464 972 522 ἧκον
1029 468 1090 516 εἰς
1139 474 1305 521 χεῖρας,
1354 465 1464 507 ἀλλὰ

117 540 367 596 παρέδοσαν
426 540 586 588 αὑτοὺς
641 539 793 594 γνώμῃ
849 544 900 593 τῇ
957 536 1162 593 Ἀχιάβου
1223 537 1465 578 συνελθόν-

117 628 197 662 τες.
271 609 342 653 καὶ
395 607 538 665 ’ὃᾶρος
587 615 647 666 τῷ
696 610 858 663 πλήθει
909 615 1149 664 συγχωρῶν
1194 608 1270 657 τὰς
1325 607 1465 655 αἰτίας

118 689 194 737 τῆς
226 682 517 739 ἀποστάσεως,
549 681 737 735 ἔπεμπεν
770 678 839 721 ἐπὶ
872 681 1074 734 Καίσαρα
1116 679 1271 721 ὁπόσοι
1308 678 1465 732 ἡγεμό-

118 769 190 802 νες
227 750 339 806 ἦσαν
381 752 537 794 αὐτῶν.
594 751 736 804 <298>
776 752 948 805 Καῖσαρ
981 747 1029 791 δὲ
1061 751 1163 799 τοὺς
1201 746 1281 804 μὲν
1320 748 1466 789 αὐτῶν

68 835 100 860 10
119 825 309 873 πολλοὺς
349 822 538 878 ἀφῆκεν,
570 821 724 864 ὁπόσοι
764 818 812 862 δὲ
850 828 1077 875 συγγενεῖς
1115 821 1237 869 ὄντες
1261 818 1467 872 “Ηρώδου

122 893 468 946 συνεστράτευον
518 892 685 945 αὐτοῖς,
740 889 890 933 τούσδ’
950 891 1129 933 ἐκόλασε
1185 892 1369 945 μόνους,
1428 891 1474 931 οἳ

122 964 260 1019 μηδὲν
304 965 617 1019 φροντίσαντες
659 968 738 1004 τοῦ
790 963 963 1004 δικαίου
1012 962 1120 1004 κατὰ
1163 968 1250 1003 τῶν
1295 962 1469 1003 οἰκείων

124 1034 396 1089 ἐστράτευον.

214 1105 357 1159 <299>
391 1103 534 1159 ’ὃᾶρος
570 1101 651 1159 μὲν
690 1105 744 1158 δὴ
789 1109 922 1145 ταῦτα
965 1103 1358 1157 καταστησάμενος,
1400 1100 1539 1146 καὶ11

74 1188 106 1212 15
125 1176 327 1232 φρουρὰν
369 1173 690 1230 Ἱεροσολύμων
738 1176 787 1216 τὸ
837 1173 910 1216 καὶ
958 1176 1173 1229 πρότερον
1222 1173 1472 1215 καταλιπὼν

126 1247 281 1301 τάγμα,
308 1243 371 1288 ἐπ’
399 1243 665 1301 Ἀντιοχείας
683 1246 902 1300 ἠπείγετο·
920 1243 1135 1302 Ἀρχελάῳ
1157 1241 1195 1286 δ’
1229 1242 1298 1286 ἐπὶ
1311 1242 1474 1298 Ῥώμης

127 1315 287 1372 ἑτέρων
312 1316 578 1371 πραγμάτων
599 1316 788 1371 ἐφύοντο
809 1315 938 1371 ἀρχαὶ
958 1316 1064 1358 κατὰ
1089 1316 1292 1365 τοιαύτας
1323 1316 1473 1364 αἰτίας.

128 1388 285 1442 (300)
325 1387 503 1442 ἀφίκετο
554 1388 615 1436 εἰς
657 1388 738 1441 τὴν
775 1386 943 1441 Ῥώμην
983 1389 1191 1441 πρεσβεία
1228 1385 1475 1439 Ἰουδαίων,

124 1456 274 1513 ’ὃάρου
306 1459 384 1500 τὸν
411 1457 658 1500 ἀπόστολον
684 1457 830 1499 αὐτῶν
856 1464 915 1513 τῷ
942 1459 1065 1499 ἔθνει
1092 1456 1475 1512 ἐπικεχωρηκότος,

77 1541 111 1566 20
130 1526 239 1583 ὑπὲρ
273 1529 480 1583 αἰτήσεως
511 1529 786 1583 αὐτονομίας.
853 1527 925 1570 καὶ
956 1526 1069 1582 ἦσαν
1097 1528 1142 1570 οἶ
1163 1526 1243 1582 μὲν
1275 1526 1476 1583 πρέσβεις

133 1600 179 1641 οἱ
208 1598 521 1649 ἀποσταλέντες
552 1601 704 1655 γνώμῃ
737 1606 815 1641 τοῦ
849 1601 1010 1648 ἔθνους
1037 1601 1320 1653 πεντήκοντα,
1355 1600 1475 1640 συνί-

133 1681 289 1712 σταντο
323 1667 361 1711 δ’
399 1668 547 1719 αὐτοῖς
578 1677 664 1711 τῶν
697 1668 765 1711 ἐπὶ
791 1668 954 1724 Ῥώμης
981 1668 1208 1711 Ἰουδαίων
1239 1669 1477 1724 ὑπεροκτα-

132 1742 349 1796 κισχίλιοι.
425 1739 570 1794 <301>
615 1742 838 1795 Καίσαρός
876 1755 921 1782 τε
967 1738 1201 1795 συνέδριον
1244 1742 1389 1795 φίλων
1433 1754 1477 1781 τε

134 1819 222 1853 τῶν
260 1810 397 1852 αὑτοῦ
434 1809 505 1852 καὶ
538 1809 757 1866 Ῥωμαίων
797 1819 885 1853 τῶν
925 1812 1111 1866 πρώτων
1150 1812 1479 1864 συναγαγόντος

83 1892 116 1919 25
136 1881 183 1924 ἐν
217 1881 318 1937 ἱερῷ
340 1879 616 1931 ’Λπόλλωνος
646 1882 851 1936 μεγάλοις
882 1880 1051 1923 τέλεσιν
1077 1879 1149 1923 ὑπ’
1187 1881 1324 1924 αὐτοῦ
1358 1882 1478 1935 ἱδρυ-

136 1951 269 2009 μένῳ,
301 1951 347 1992 οἱ
369 1949 449 2006 μὲν
475 1951 677 2007 πρέσβεις
703 1953 807 2007 μετὰ
832 1959 912 1995 τοῦ
937 1953 1138 2006 πλήθους
1169 1959 1256 1994 τῶν
1288 1952 1479 1994 αὐτόθεν

131 2021 361 2065 Ἰουδαίων
394 2021 698 2078 ἀφικνοῦνται,
726 2020 954 2079 Ἀρχέλαος
987 2021 1035 2065 δὲ
1066 2023 1171 2078 μετὰ
1206 2031 1292 2065 τῶν
1325 2025 1479 2078 φίλων.

136 2094 279 2148 <302>
311 2093 465 2135 ὁπόσοι
500 2091 547 2135 δὲ
579 2101 804 2148 συγγενεῖς
834 2091 946 2148 ἦσαν
978 2099 1057 2136 τοῦ
1083 2091 1310 2148 βρωῖέως,
1337 2089 1481 2149 Ἀρχε-

138 2163 228 2221 λάῳ
261 2161 341 2218 μὲν
375 2164 669 2220 συντετάχθαι
702 2165 774 2206 διὰ
806 2171 932 2219 μῖσος
962 2166 1011 2207 τὸ
1043 2165 1150 2219 πρὸς
1182 2163 1318 2205 αὐτὸν
1357 2162 1481 2205 ὑστέ-

85 2245 121 2272 80
141 2250 263 2289 ρουν,
295 2241 387 2284 τοῖς
419 2232 467 2276 δὲ
498 2233 734 2290 πρέσβεσιν
766 2235 1014 2290 ὁμοψηφεῖν
1045 2233 1137 2276 κατ’
1169 2235 1305 2276 αὐτοῦ
1332 2234 1481 2276 δεινὸν

233 2319 252 2357 ς
279 2318 348 2349 299
374 2314 419 2350 cf.
446 2315 538 2351 Bell.
566 2315 643 2350 Iud.
670 2315 703 2349 11
729 2319 760 2360 6,
789 2320 819 2350 1.
