1732 2526
728 82 842 114 131οΣ
1375 79 1457 121 321

110 189 365 242 Μαναήμου
403 186 476 229 καὶ
513 195 601 229 τῶν
641 189 724 229 σὺν
774 187 891 244 αὐτῷ
935 191 1108 243 λῃστῶν
1151 187 1461 242 ἀναιρεθῆναι·

112 258 240 311 <47>
299 259 571 299 διεκώλυσαν
628 255 676 298 δὲ
726 259 1012 311 Βαβυλώνιοί
1064 274 1179 307 τινες
1235 265 1462 312 συγγενεῖς

112 328 250 370 αὐτοῦ
283 328 330 370 ἐν
355 328 678 383 Ἱεροσολύμοις
710 329 853 381 ὄντες,
897 329 1055 381 πρᾶξαι
1089 331 1190 378 τοὺς
1223 330 1381 384 λῃστάς
1412 331 1459 371 τὸ

113 400 255 452 ἔργον.
330 399 554 452 ἐπιμείνας
597 395 679 441 οὖν
725 397 888 452 ἡμέρας
931 397 1135 452 τέτταρας
1180 399 1201 440 ὁ
1244 402 1462 448 Φίλιππος

77 481 94 507 5
113 469 216 523 ἐκεῖ,
248 475 298 524 τῇ
329 469 499 524 πέμπτῃ
531 470 683 523 φεύγει
709 473 917 523 περιθετῇ
944 469 1217 523 χρησάμενος
1242 471 1354 524 κόμῃ
1382 476 1461 511 τοῦ

57 834 91 858 10

56 1187 90 1212 15

55 1539 89 1564 20

56 1893 90 1917 25

56 2243 90 2268 30

111 540 170 593 μὴ
202 540 445 594 κατάδηλος
482 539 708 593 γενέσθαι,
749 538 822 580 καὶ
862 541 1220 593 παραγενόμενος
1262 543 1323 588 εἴς
1364 555 1461 580 τινα

110 616 198 651 τῶν
224 608 383 657 ἑαυτοῦ
408 617 568 664 κωμῶν
593 611 700 651 κατὰ
727 611 829 659 τοὺς
855 610 987 663 ὄρους
1008 609 1190 664 Γάμαλα
1220 616 1299 651 τοῦ
1325 626 1461 664 φρου-

109 681 210 734 ρίου
242 680 463 734 κειμένην,
494 679 651 735 πέμπει
677 683 787 735 πρός
812 695 935 730 τινας
960 687 1050 721 τῶν
1074 677 1152 721 ὑπ’
1183 680 1300 735 αὐτῷ
1328 691 1463 734 προσ-

109 751 277 792 τάττων
315 751 372 801 ὡς
409 751 544 793 αὐτὸν
585 751 837 806 ἀφικέσθαι.
895 751 1011 805 <48>
1056 756 1192 791 ταῦτα
1237 746 1276 791 δ’
1325 751 1461 792 αὐτὸν

111 820 407 875 ἐννοούμενον
446 821 668 876 ἐμποδίζει
705 823 753 863 τὸ
791 826 920 863 θεῖον
959 820 1029 863 ἐπὶ
1067 820 1357 875 συμφέροντι·
1401 823 1459 876 μὴ

110 892 193 946 γὰρ
225 893 384 934 τούτου
416 891 660 947 γενομένου
691 893 864 942 πάντως
896 892 950 934 ἂν
977 892 1216 933 ἀπωλώλει.
1268 898 1461 945 πυρετοῦ

111 963 165 1016 δὴ
191 965 483 1017 κατασχόντος
509 963 643 1006 αὐτὸν
675 963 893 1018 ἐξαίφνης,
920 963 1090 1017 γράψας
1116 962 1346 1012 ἐπιστολὰς
1371 971 1462 1012 τοῖς

109 1032 261 1074 παισὶν
290 1032 502 1090 Ἀγρίππα
532 1032 603 1075 καὶ
625 1036 839 1089 Βερενίκῃ
867 1034 1023 1075 δίδωσι
1049 1040 1137 1074 τῶν
1164 1032 1461 1086 ἐξελευθέρων

109 1101 196 1144 τινὶ
239 1106 431 1158 κομίζειν
475 1105 585 1156 πρὸς
621 1103 781 1159 ’ἔίᾶρον
844 1105 959 1159 <49>
1003 1101 1059 1157 ἧν
1098 1102 1135 1145 δ’
1182 1100 1310 1153 οὗτος
1353 1105 1462 1145 κατὰ

109 1175 186 1215 τὸν
217 1175 373 1228 καιρὸν
406 1173 576 1216 ἐκεῖνον
604 1175 626 1216 ὁ
653 1176 734 1228 τὴν
759 1177 987 1228 βασιλείαν
1020 1175 1219 1228 διοικῶν,
1250 1185 1461 1229 καταστη-

110 1243 284 1285 σάντων
316 1244 451 1287 αὐτὸν
482 1252 570 1286 τῶν
602 1243 838 1299 βασιλέων·
879 1244 1004 1287 αὐτοὶ
1041 1246 1125 1299 γὰρ
1164 1246 1225 1294 εἰς
1256 1246 1461 1299 Βηρυτὸν

109 1314 395 1369 ἀφικνοῦντο,
416 1316 664 1369 ὑπαντῆσαι
685 1318 950 1370 βουλόμενοι
965 1318 1149 1373 Κεστίῳ.
1176 1316 1291 1370 <50>
1312 1317 1460 1370 λαβὼν

110 1381 191 1427 οὖν
224 1385 246 1427 ὁ
275 1383 420 1440 ’ὅᾶρος
450 1387 502 1428 τά
533 1386 650 1440 παρὰ
686 1389 910 1428 Φιλίππου
942 1386 1173 1440 γράμματα
1214 1385 1287 1428 καὶ
1318 1389 1461 1428 πυθό-

109 1471 241 1510 μενος
272 1456 407 1498 αὐτὸν
440 1458 738 1499 διασεσῶσθαι
771 1456 938 1511 βαρέως
975 1458 1175 1511 ἤνεγκεν,
1208 1457 1381 1512 ἀχρεῖος
1412 1458 1460 1498 τὸ

109 1527 266 1568 λοιπὸν
298 1527 428 1577 αὐτὸς
458 1530 650 1582 νομίζων
682 1532 922 1581 φανεῖσθαι
953 1535 1044 1576 τοῖς
1074 1531 1329 1581 βασιλεῦσιν
1360 1527 1460 1582 ἀφι-

108 1597 299 1651 κομένου
330 1605 409 1640 τοῦ
445 1601 680 1640 Φιλίππου.
729 1598 995 1654 προαγαγὼν
1022 1594 1104 1639 οὖν
1130 1599 1191 1648 εἰς
1216 1600 1264 1640 τὸ
1290 1602 1462 1652 πλῆθος

109 1670 185 1710 τὸν
217 1669 292 1718 τὰς
324 1668 553 1719 ἐπιστολὰς
584 1671 841 1723 κομίσαντα,
873 1668 945 1710 καὶ
977 1672 1339 1724 πλαστογραφίαν
1370 1669 1460 1711 ἐπι-

109 1738 307 1791 καλέσας,
341 1740 592 1790 ψεύδεσθαί
619 1755 663 1781 τε
697 1742 840 1794 φήσας
880 1739 1016 1781 αὐτὸν
1054 1739 1379 1793 ἀπαγγείλαντα
1412 1739 1460 1782 ἐν

110 1816 202 1859 τοῖς
226 1808 547 1865 Ἱεροσολύμοις
583 1812 806 1852 Φίλιππον
838 1810 943 1864 μετὰ
981 1817 1069 1851 τῶν
1104 1807 1334 1852 Ἰουδαίων
1360 1809 1460 1852 Ῥω-

109 1882 254 1934 μαίοις
293 1884 524 1934 πολεμεῖν,
562 1880 798 1922 ἀπέκτεινε.
861 1881 976 1933 <51>
1013 1880 1070 1933 μὴ
1103 1879 1460 1935 ὑποστρέψαντος

111 1948 158 1991 δὲ
177 1957 257 1992 τοῦ
278 1950 580 2005 ἐξελευθέρου,
602 1953 822 2000 Φίλιππος
848 1950 1026 2004 ἀπορῶν
1046 1951 1126 2004 τὴν
1147 1952 1290 1992 αἰτίαν
1313 1952 1458 1993 δεύτε-

110 2037 191 2074 ρον
223 2020 429 2076 ἐκπέμπει
461 2020 552 2076 μετ’
593 2021 836 2064 ἐπιστολῶν
861 2023 994 2063 πάλιν
1018 2022 1096 2063 τὸν
1126 2020 1458 2075 ἀπαγγελοῦντα

108 2093 218 2144 πρὸς
249 2092 384 2134 αὐτὸν
415 2095 460 2134 τί
487 2094 534 2134 τὸ
569 2094 842 2147 συμβεβηκὸς
873 2096 938 2146 εἴη
968 2098 1026 2148 τςό
1061 2091 1364 2145 ἀποσταλέντι,
1397 2089 1453 2134 δι’

111 2161 133 2203 ὃ
166 2163 442 2216 βραδύνειεν.
504 2163 620 2216 <52>
658 2161 731 2204 καὶ
769 2169 928 2205 τοῦτον
960 2160 1008 2204 δὲ
1040 2165 1402 2218 παραγενόμενον
1434 2163 1457 2205 ὁ

105 2230 250 2286 ’ὅᾶρος
293 2235 628 2288 συκοφαντήσας
671 2233 859 2275 ἀνεῖλεν.
919 2232 991 2274 καὶ
1035 2233 1118 2287 γὰρ
1160 2232 1245 2274 ὑπὸ
1283 2241 1371 2275 τῶν
1410 2233 1458 2276 ἐν

205 2317 225 2356 ξ
250 2317 295 2347 49
320 2313 366 2348 cf.
393 2313 484 2348 Bell.
511 2314 590 2349 Iud.
616 2314 649 2348 ΙΙ
677 2317 731 2359 18,
758 2318 789 2349 6.

181 2379 349 2405 Ioszmxcs.
386 2379 439 2405 IV.
1200 2377 1218 2406 2
1227 2376 1243 2406 1
