1732 2526
142 920 162 950 2

193 91 248 133 70
683 91 1046 125 APXAIOAOPIAZ

190 205 249 256 τῷ
278 197 429 256 Ἀλεξᾷ
456 204 696 253 συνοικεῖν,
729 200 1092 255 συμπραττούσης
1118 199 1234 257 αὐτῷ
1262 197 1447 250 Ἰουλίας
1472 199 1543 242 καὶ

190 271 435 323 πειθούσης
477 270 558 324 τὴν
603 270 826 325 Σαλώμην
869 271 927 325 μὴ
973 270 1223 325 ἀνήνασθαι
1266 272 1344 313 τὸν
1386 271 1544 326 γάμον,
1591 285 1596 289 ·

192 342 249 395 μὴ
275 339 346 382 καὶ
375 341 514 395 ἔχθρα
538 343 795 383 καθίσταιτο
823 341 972 391 αὐτοῖς
997 347 1234 396 προῦπτος,
1266 341 1545 396 ὀμωμοκότος

184 410 390 467 “Ηρώδου
429 413 486 467 μὴ
525 412 756 467 εὐνοήσειν
795 413 988 468 Σαλώμῃ
1028 413 1085 467 μὴ
1124 412 1427 469 ἀποδεξαμένη
1467 415 1545 456 τὸν

186 479 335 533 Ἀλεξᾶ
368 484 522 538 γάμον.
573 481 645 524 καὶ
678 482 878 525 ἐπείθετο
902 484 1126 538 Καίσαρός
1151 481 1335 538 τὀὔσῃ
1367 482 1545 537 γυναικὶ

189 551 420 610 τῇἸουλία
444 552 516 595 καὶ
543 553 685 603 ἄλλως
712 554 1079 609 συμβουλευούσῃ
1105 553 1222 596 πάνυ
1250 552 1544 609 συμφέροντα.

192 625 309 678 <11>
351 623 399 666 ἐν
437 625 577 682 τούτῳ
621 621 670 666 δὲ
710 623 782 666 καὶ
819 624 899 678 τὴν
927 622 1163 680 Ἀρχελάου
1199 624 1426 680 θυγατέρα
1466 632 1545 667 τοῦ

190 693 402 750 βασιλέως
439 693 643 750 (Ηρώδης
683 695 742 744 ὡς
790 696 868 737 τὸν
913 695 1047 750 αὐτῆς
1096 694 1260 751 πατέρα
1305 696 1545 750 ἐξέπεμψεν

185 764 456 823 Ἀλεξάνδρῳ
496 773 826 823 συνῳκηκυῖαν,
873 766 920 808 ἐκ
963 774 1052 808 τῶν
1093 767 1230 809 αὑτοῦ
1268 767 1348 821 τὴν
1385 775 1545 822 προῖκα

190 836 398 890 ἀποδούς,
433 834 532 878 ὥστ’
570 836 884 892 ἀμφισβήτημα
917 837 1066 887 αὐτοῖς
1097 835 1236 892 μηδὲν
1267 835 1391 879 εἶναι.

280 908 406 961 <12>
452 905 664 963 ἀνέτρεφε
710 906 748 949 δ’
799 908 930 958 αὐτὸς
972 915 1061 950 τῶν
1103 909 1276 950 παίδων
1319 909 1371 950 τὰ
1415 906 1545 950 τέκνα

189 979 306 1021 πάνυ
339 978 552 1033 ἐπιμελῶς
584 976 715 1034 (ἦσαν
742 980 825 1032 γὰρ
857 980 917 1036 τῷ
947 977 1028 1034 μὲν
1054 977 1326 1037 Ἀλεξάνδρῳ
1360 978 1407 1021 ἐκ
1433 981 1475 1021 Γ
1471 983 1545 1021 λα-

189 1050 333 1105 φύρας
364 1051 544 1105 ἄρρενες
577 1050 675 1104 δύο,
702 1048 1024 1107 Ἀριστοβούλῳ
1058 1049 1096 1092 δ’
1130 1050 1176 1092 ἐκ
1202 1052 1440 1105 Βερενίκης
1471 1056 1547 1105 τῆς

190 1121 410 1175 Σαλώμης
441 1122 665 1174 θυγατρὸς
697 1120 876 1176 ἄρρενές
907 1137 952 1163 τε
984 1128 1099 1177 τρεῖς
1125 1119 1196 1163 καὶ
1222 1123 1400 1176 θήλειαι
1427 1120 1545 1177 δύο),

189 1191 304 1245 <13>
341 1194 418 1233 καί
450 1206 555 1234 ποτε
592 1194 824 1247 παρόντων
862 1195 980 1249 αὐτῷ
1018 1199 1108 1234 τῶν
1145 1194 1289 1247 φίλων
1326 1203 1545 1247 παραστη-

191 1262 379 1317 σάμενος
416 1263 468 1304 τὰ
505 1263 717 1317 παιδάρια
755 1261 827 1304 καὶ
869 1270 958 1304 τῶν
988 1261 1123 1304 υἱέων
1155 1262 1434 1313 ἀνακλαύσας
1464 1264 1546 1318 τὴν

189 1333 347 1388 τύχην,
379 1333 536 1388 ηὔχετο
569 1331 708 1388 μηδὲν
739 1334 914 1375 τοιόνδε
946 1331 1072 1375 παισὶ
1103 1340 1196 1383 τοϊς
1228 1332 1408 1375 ἐκείνων
1442 1345 1545 1376 συν-

190 1407 357 1458 ελθεῖν,
390 1402 662 1459 αὐξηθέντας
695 1402 736 1446 δ’
769 1404 899 1459 ἀρετῇ
931 1403 1004 1446 καὶ
1031 1410 1240 1461 συμφορᾷ
1265 1411 1343 1447 τοῦ
1371 1406 1544 1447 δικαίου

189 1475 264 1524 τὰς
295 1476 460 1530 τροφὰς
492 1475 766 1530 ἀμείψασθαι
799 1475 850 1525 ἃς
882 1474 1080 1518 ἐποιεῖτο.
1137 1476 1252 1530 <14>
1283 1474 1478 1530 ἠγγύητό
1503 1474 1538 1518 τ’

189 1547 251 1595 εἰς
288 1546 452 1600 γάμον,
496 1545 618 1588 ὁπότ’
660 1545 891 1601 ἀφίκοιντο
931 1547 991 1596 εἰς
1029 1547 1149 1600 ὥραν
1187 1547 1268 1601 τὴν
1307 1545 1372 1588 ἐπ’
1409 1547 1544 1604 αὐτῷ,

188 1622 247 1672 τῷ
284 1614 364 1670 μὲν
396 1615 679 1675 πρεσβυτέρῳ
711 1624 800 1658 τῶν
827 1615 1120 1671 Ἀλεξάνδρου
1152 1617 1323 1658 παίδων
1358 1619 1545 1673 Φερώρα

188 1686 433 1742 θυγατέρα,
466 1693 524 1744 τῷ
560 1684 608 1729 δὲ
635 1685 978 1743 Ἀριστοβούλου
1011 1688 1090 1742 τὴν
1116 1685 1429 1743 Ἀντιπάτρου,
1471 1688 1542 1730 καὶ

188 1756 415 1812 θυγατέρα
446 1758 528 1811 τὴν
554 1755 897 1813 Ἀριστοβούλου
931 1757 1179 1812 ἐπωνόμαζε
1211 1757 1336 1800 παιδὶ
1368 1764 1427 1816 τῷ
1450 1757 1544 1801 Ἀν-

189 1829 416 1884 τιπάτρου,
449 1829 530 1881 τὴν
557 1826 596 1869 δ’
629 1826 782 1883 ἑτέραν
806 1836 895 1870 τῶν
916 1827 1257 1884 Ἀριστοβούλου
1282 1829 1545 1885 θυγατέρων

1565 850 1597 874 10

1565 1203 1598 1229 15

1565 1559 1598 1584 20

182 1897 362 1954 εΗρώδῃ
412 1897 536 1940 παιδὶ
585 1904 644 1955 τῷ
696 1899 845 1941 αὑτοῦ.
920 1901 1114 1953 γίγνεται
1165 1897 1213 1941 δὲ
1261 1905 1320 1957 τῷ
1371 1903 1548 1955 βασιλεῖ
1564 1912 1598 1937 25

191 1967 317 2020 οὗτος
357 1969 404 2011 ἐκ
441 1975 515 2023 τῆς
552 1976 631 2012 τοῦ
669 1969 903 2025 ἀρχιερέως
939 1972 1185 2026 θυγατρός·
1232 1971 1418 2027 πάτριον
1459 1973 1543 2026 γὰρ

190 2041 296 2096 ἡμῖν
327 2042 526 2082 πλείοσιν
567 2040 613 2082 ἐν
652 2041 793 2098 ταύτῷ
834 2048 1070 2083 συνοικεῖν.
1133 2041 1248 2096 <15>
1282 2043 1463 2097 ἔπραττε
1496 2041 1545 2085 δὲ

190 2112 266 2161 τὰς
302 2114 536 2166 μνηστείας
572 2119 662 2153 τῶν
699 2113 872 2153 παίδων
910 2112 932 2155 ὁ
970 2114 1177 2166 βασιλεὺς
1214 2111 1319 2169 ἐλέῳ
1350 2120 1439 2155 τῶν
1471 2113 1544 2167 ὀρ-

191 2190 368 2237 φανῶν,
419 2184 481 2232 είς
524 2182 704 2225 εὔνοιαν
749 2183 895 2225 αὐτῶν
947 2183 1021 2224 διὰ
1064 2183 1145 2236 τὴν
1189 2182 1423 2238 ἐπιγαμίαν
1467 2186 1545 2227 τὸν

186 2248 472 2308 Ἀντίπατρον
497 2253 866 2308 προκαλούμενος.
917 2254 1030 2307 <16>
1051 2251 1332 2308 Ἀντίπατρος
1357 2252 1405 2296 δὲ
1431 2255 1544 2309 γνώ-
1563 2265 1598 2291 30

286 2339 305 2377 g
334 2338 378 2368 14
404 2334 449 2369 cf.
477 2334 568 2370 Bell.
595 2334 675 2370 Iud.
701 2334 718 2368 Ι
743 2338 799 2379 28,
828 2338 858 2369 2.
