1732 2526
595 80 1002 112 EHTAKAIAEKATH
1420 78 1469 119 71

126 201 211 240 μην
243 186 322 240 τὴν
353 187 461 241 πρὸς
492 188 593 236 τοὺς
630 185 850 241 ἀδελφοὺς
888 187 1147 228 τολυπεύειν
1184 185 1265 228 οὐκ
1304 185 1475 228 ἐνέλιπε

126 254 196 297 καὶ
237 258 345 310 πρὸς
388 258 489 305 τοὺς
532 257 690 305 παῖδας
731 258 834 305 τοὺς
874 256 1023 305 αὐτοῖς
1064 258 1318 309 γεγονότας,
1364 257 1389 309 ἢ
1428 273 1470 299 τε

125 332 203 368 τοῦ
232 328 394 382 πατρὸς
427 328 596 381 σπουδὴ
628 325 727 381 περὶ
759 327 920 376 αὐτοὺς
951 325 1154 380 ἠρέθιζεν
1186 326 1343 380 αὐτόν,
1381 329 1471 380 μεί-

125 398 250 446 ζονας
288 399 465 439 ἔσεσθαι
504 404 590 438 τῶν
629 397 834 452 ἀδελφῶν
872 398 1245 451 προσδεχόμενον,
1287 395 1359 437 καὶ
1391 398 1471 450 μά-

86 478 102 502 5
123 464 244 508 λισθ’
280 466 400 510 ὁπότ’
436 467 726 522 ἀνδρωθεῖεν,
755 466 990 521 Ἀρχελάου
1016 464 1353 520 συλληψομένων
1381 475 1471 516 τοῖς

123 539 431 593 θυγατριδοῖς,
472 537 686 592 βασιλέως
723 537 904 592 ἀνδρός,
946 536 1018 579 καὶ
1059 538 1244 591 Φερώρα
1285 543 1344 593 τῷ
1386 538 1468 594 υἱῷ

121 607 372 662 ληψομένου
404 609 483 663 τὴν
515 607 755 662 θυγατέρα·
800 608 1034 663 τετράρχης
1067 606 1114 649 δὲ
1141 606 1212 649 καὶ
1243 605 1370 657 οὗτος
1401 605 1468 662 ἦν.

119 678 232 732 <17>
266 678 464 733 ἐπήγειρε
498 677 536 720 δ’
576 679 711 721 αὐτὸν
742 678 814 720 καὶ
845 680 893 721 τὸ
925 685 1013 720 πᾶν
1044 682 1215 732 πλῆθος
1248 677 1354 735 ἐλέῳ
1387 676 1467 733 μὲν

117 753 176 804 τῷ
208 749 316 803 πρὸς
347 751 449 799 τοὺς
481 749 705 804 ὀρφανοὺς
742 750 988 804 χρώμενον,
1029 751 1144 803 μίσει
1183 746 1231 790 δὲ
1270 755 1328 805 τῷ
1360 751 1468 802 πρὸς

66 830 99 855 10
118 818 254 860 αὐτὸν
286 820 338 861 τά
369 817 494 860 πάντ’
527 819 753 873 ἐξαγαγεῖν
786 819 866 861 οὐκ
892 818 1229 874 ἀπηλλαγμένον
1260 835 1466 874 κακοτρο-

115 892 192 946 πίᾳ
232 896 282 945 τῇ
325 888 394 932 ἐπὶ
435 897 524 940 τοῖς
565 889 786 945 ἀδελφοῖς.
853 889 1098 944 ἐμηχανᾶτο
1141 886 1222 931 οὗν
1261 891 1465 932 διάλυσιν

114 968 201 1002 τῶν
234 967 292 1017 τῷ
324 960 454 1015 πατρὶ
487 960 791 1015 ἐγνωσμένων,
824 959 872 1001 ἐν
905 961 1036 1017 δεινῷ
1070 959 1300 1014 τιθέμενος
1331 972 1464 1016 προσ-

114 1033 242 1085 λήψει
280 1032 465 1085 τοσῆσδε
504 1031 664 1080 αὐτοὺς
705 1031 910 1085 ὁμιλῆσαι
942 1031 1181 1085 δυνάμεως.
1245 1031 1359 1085 <18>
1391 1030 1463 1073 καὶ

113 1100 369 1155 μετέπιπτεν
388 1100 590 1155 “Ηρώδης
621 1105 751 1143 εἴκων
778 1102 924 1155 δεήσει
950 1107 1000 1156 τῇ
1024 1099 1323 1155 Ἀντιπάτρου,
1356 1100 1455 1143 ὥστ’

59 1184 93 1209 15
113 1171 248 1213 αὐτὸν
289 1169 369 1226 μὲν
410 1172 489 1225 τὴν
528 1170 866 1226 Ἀριστοβούλου
907 1170 1132 1226 θυγατέρα
1173 1178 1350 1226 γαμεῖν,
1391 1171 1464 1213 καὶ

111 1243 191 1296 τὴν
225 1243 411 1297 Φερώρα
443 1243 521 1284 τὸν
552 1242 654 1284 υἱὸν
686 1242 834 1284 αὐτοῦ.

200 1313 314 1367 <19>
353 1311 425 1354 καὶ
463 1313 515 1354 τὰ
553 1311 634 1367 μὲν
671 1320 759 1354 τῶν
792 1313 1038 1367 ὁμολογιῶν
1076 1319 1155 1355 τοῦ
1186 1313 1329 1367 γάμου
1361 1319 1461 1355 τοῦ-

111 1399 188 1426 τον
208 1385 401 1437 γίγνεται
422 1385 499 1426 τὸν
518 1386 684 1439 τρόπον
703 1388 898 1433 εἴκοντος
922 1390 1000 1426 τοῦ
1021 1382 1249 1438 βασιλέως·
1281 1381 1460 1440 (Ηρώδῃ
1488 1416 1493 1423 .

112 1451 160 1495 δὲ
185 1460 244 1510 τῷ
271 1457 445 1508 βασιλεῖ
466 1455 573 1496 κατὰ
598 1461 757 1497 τοῦτον
782 1455 860 1496 τὸν
886 1456 1049 1509 χρόνον
1075 1453 1305 1511 συνῴκουν
1333 1453 1461 1496 ἐννέα

57 1538 91 1562 20
112 1532 328 1578 γυναῖκες,
360 1526 386 1578 ἥ
419 1523 455 1566 τ’
483 1523 770 1580 Ἀντιπάτρου
802 1527 957 1580 μήτηρ,
988 1524 1060 1567 καὶ
1092 1526 1117 1579 ἡ
1149 1525 1350 1580 θυγάτηρ
1380 1531 1459 1567 τοῦ

110 1593 362 1650 ἀρχιερέως,
397 1594 439 1645 ἐξ,
467 1591 518 1648 ἧς
544 1596 598 1649 δὴ
624 1593 695 1636 καὶ
723 1595 956 1649 ὁμώνυμος
981 1595 1098 1652 αὐτῷ
1125 1603 1226 1645 παῖς
1252 1595 1459 1650 ἐγεγόνει.

110 1663 164 1719 ἦν
204 1663 251 1707 δὲ
289 1665 361 1707 καὶ
399 1665 594 1721 ἀδελφοῦ
631 1674 732 1715 παῖς
770 1666 886 1722 αὐτῷ
926 1668 1002 1720 μιά
1043 1664 1342 1720 γεγαμημένη,
1386 1665 1459 1707 καὶ

109 1735 268 1786 ἀνεψιὰ
301 1738 383 1778 σὺν
416 1736 538 1791 αὐτῇ.
600 1735 671 1777 καὶ
703 1737 852 1778 ταῖσδε
884 1734 964 1791 μὲν
1002 1736 1158 1779 τέκνον
1190 1734 1323 1778 οὐδὲν
1355 1738 1457 1791 ἔφυ·

109 1807 224 1861 <20>
257 1804 312 1861 ἦν
346 1804 385 1848 δ’
417 1807 464 1849 ἐν
490 1815 582 1857 ταῖς
607 1806 781 1861 γυναιξὶ
805 1806 886 1848 κάκ
918 1813 998 1849 τοῦ
1022 1806 1270 1863 Σαμαρέων
1296 1809 1459 1857 ἔθνους

56 1890 90 1915 25
109 1881 201 1933 μία,
241 1877 313 1920 καὶ
344 1879 498 1927 παῖδες
529 1877 637 1932 αὐτῇ
667 1876 866 1927 Ἀντίπας
905 1876 976 1919 καὶ
1003 1876 1234 1933 Ἀρχέλαος
1273 1876 1344 1919 καὶ
1374 1882 1458 1919 θυ-

108 1949 244 2003 γάτηρ
267 1947 521 2004 Ὀλυμπιάς·
553 1947 624 1990 καὶ
650 1949 813 2002 ταύτην
839 1946 919 2003 μὲν
945 1948 1132 2004 ὕστερον
1146 1947 1356 2002 Ἰώσηπος
1381 1964 1457 2002 γα-

108 2027 193 2074 μεῖ,
219 2018 431 2074 βασιλέως
457 2019 724 2073 ἀδελφιδοῦς
749 2020 825 2073 ὥν,
847 2016 1075 2074 Ἀρχέλαος
1095 2017 1144 2060 δὲ
1169 2017 1241 2060 καὶ
1257 2017 1457 2068 Ἀντίπας

109 2088 177 2131 ἐπὶ
198 2088 362 2145 Ῥώμης
389 2090 506 2144 παρά
535 2106 620 2131 τινι
651 2090 803 2144 ἰδιώτῃ
834 2088 944 2145 (τὰς)
974 2091 1139 2144 τροφὰς
1167 2086 1299 2145 εἶχον.
1342 2089 1457 2143 <21>

107 2161 368 2214 Κλεοπάτρα
393 2176 437 2202 τε
457 2159 797 2215 Ἱεροσολυμῖτις
823 2160 1061 2215 ἐγεγάμητο
1093 2160 1227 2217 αὐτῷ,
1258 2159 1329 2202 καὶ
1361 2168 1456 2201 παῖ-

54 2244 89 2268 30
109 2232 180 2280 δες
213 2230 254 2281 ἐξ
288 2231 422 2285 αὐτῆς
441 2229 644 2286 Ἠρώδης
673 2228 708 2272 τ’
748 2230 1008 2285 ἐγεγόνεσαν
1040 2229 1111 2272 καὶ
1140 2232 1373 2284 Φίλιππος,
1406 2230 1455 2280 ὃς

203 2316 222 2354 g
250 2315 292 2345 19
320 2312 364 2346 of.
390 2311 482 2346 Bell.
509 2312 586 2347 Iud.
613 2311 629 2345 Ι
655 2314 709 2355 28,
737 2314 769 2347 4.
