1732 2526
605 96 1014 129 EHTAKAIAEKATH
1426 93 1481 134 85

139 203 376 256 βούλευσιν
408 201 599 256 ὀλέθρου
624 208 704 244 τοῦ
736 201 803 243 ἐπ’
832 201 963 258 αὐτῷ,
988 201 1166 243 πάντων
1193 200 1231 243 τ7
1264 201 1483 256 ἀκροατὴν

140 271 212 314 καὶ
244 273 454 327 δικαστὴν
486 274 665 315 ἔσεσθαι
700 270 850 327 ’ῢᾶρον
887 278 937 326 τῇ
976 272 1146 325 αὔριον.
1208 272 1323 326 <92>
1356 270 1425 314 καὶ
1459 272 1481 313 ὃ

139 340 220 396 μὲν
251 344 454 385 τοιούτου
485 350 622 386 κακοῦ
655 344 742 398 ἅμα
764 341 812 389 Ιτ’
850 341 1145 397 ἀκροαθέντος
1171 341 1241 383 καὶ
1267 345 1483 396 παρόντος

139 419 196 469 τςό
218 412 393 467 μεγέθει
419 416 762 468 περιφερόμενος
787 413 938 470 ᾤχετο,
964 413 1277 464 ὑπαντιάζουσι
1299 412 1336 454 δ’
1365 414 1482 469 αὐτῷ

103 499 118 521 :·›
138 484 164 537 ἥ
196 499 240 526 τε
273 485 412 539 μήτηρ
445 483 516 526 καὶ
548 484 574 537 ’ἡ
607 486 719 538 γυνή
752 483 878 539 (αὕτη
912 482 952 525 δ’
989 481 1044 537 ἦν
1082 484 1108 537 ἡ
1147 482 1360 537 γενομένη
1389 481 1483 524 Ἀν-

87 852 118 875 10

87 1204 119 1229 15

85 1556 118 1581 20

85 1908 118 1934 25

83 2261 118 2285 30

139 556 298 612 τιγόνῳ
343 563 443 604 παῖς
485 561 544 611 τῷ
582 557 666 611 πρὸ
707 554 913 609 ἹΙρώδου
953 551 1181 596 Ἰουδαίων
1230 556 1484 608 βεβασιλευ-

138 624 266 679 ndu),
297 624 398 680 παρ’
436 622 498 668 ὧν
531 627 582 667 τὰ
613 624 737 667 πάντ’
776 625 984 680 ἐκμαθὼν
1011 625 1060 667 ἐν
1085 631 1379 680 παρασκευαῖς
1405 630 1484 666 τοῦ

138 693 405 751 ἀγῶνος-ἧν.

256 767 373 820 <93>
404 772 455 822 τῇ
489 766 532 808 δ’
569 766 665 822 ἑξῆς
698 769 975 822 συνήδρευον
1007 765 1088 821 μὲν
1115 765 1261 821 ’ὅᾶρός
1292 781 1336 807 τε
1361 764 1433 807 καὶ
1460 765 1482 807 ὁ

138 837 360 892 βασιλεύς,
391 838 712 892 εἰσεκλήθησαν
746 836 794 880 δὲ
825 837 897 880 καὶ
930 838 976 880 οἱ
998 838 1163 892 ἀμφοῖν
1189 840 1313 892 φίλοι
1339 834 1410 878 καὶ
1443 837 1488 878 οἱ

139 915 366 961 συγγενεῖς
396 908 624 962 βασιλέως,
644 910 837 963 Σαλώμη
864 907 911 950 θ’
941 908 967 962 ἡ
994 907 1177 962 ἀδελφή,
1205 905 1278 949 εἶτ’
1306 911 1350 949 εἴ
1370 922 1486 956 τινες

138 978 351 1032 μηνύσειν
383 979 581 1032 ἔμελλον,
613 978 685 1020 καὶ
717 975 779 1021 ὧν
817 979 1002 1032 βάσανοι
1041 980 1291 1033 γεγόνασιν,
1330 979 1490 1020 δοῦλοί

138 1064 182 1090 τε
215 1054 408 1105 μητρῷοι
447 1055 526 1091 τοῦ
561 1047 863 1104 Ἀντιπάτρου,
900 1055 1039 1106 μικρῷ
1078 1051 1294 1105 πρότερον
1340 1060 1504 1091 συνει-’

139 1118 353 1173 λημμένοι
390 1120 416 1175 ἢ
459 1119 630 1162 ἐκεῖνον
667 1121 804 1174 ἥκειν,
844 1120 1076 1174 ἐπιστολὴν
1114 1119 1323 1175 φέροντες
1355 1116 1404 1173 ἧς
1434 1121 1483 1161 τὸ

139 1190 379 1244 κεφάλαιον
429 1198 515 1232 τῶν
565 1189 881 1244 γεγραμμένων
930 1188 985 1244 ἦν
1035 1191 1092 1244 μὴ
1140 1189 1383 1244 ἐπανιέναι,
1428 1190 1486 1238 ὡς

138 1260 315 1302 πάντων
353 1266 411 1317 τῷ
449 1259 580 1315 πατρὶ
616 1260 816 1314 ἡκόντων
855 1261 916 1310 είς
952 1261 1130 1314 πύστιν,
1169 1262 1311 1314 μόνην
1349 1256 1385 1302 τ’
1429 1260 1484 1302 ἂν

137 1331 394 1386 καταφυγὴν
427 1331 543 1387 αὐτῷ
576 1333 805 1373 λείπεσθαι
839 1333 1057 1387 Καίσαρα,
1088 1329 1160 1372 καὶ
1188 1332 1271 1372 σὺν
1298 1330 1406 1386 αὐτῇ
1434 1332 1483 1373 τὸ

138 1402 195 1456 μὴ
229 1406 286 1457 τῷ
317 1400 446 1456 πατρὶ
478 1402 733 1456 ὑποχείριον
765 1400 986 1455 γενέσθαι.
1048 1401 1163 1456 <94>
1196 1399 1483 1454 Ἀντιπάτρου

139 1469 187 1513 δὲ
218 1474 544 1527 προσπεσόντος
580 1479 640 1529 τῷ
678 1471 809 1526 πατρὶ
840 1474 949 1527 πρὸς
986 1473 1038 1514 τὰ
1078 1474 1255 1526 γόνατα,
1293 1470 1365 1513 καὶ
1398 1472 1483 1514 ἷκε-

137 1543 341 1592 τεύοντος
372 1544 429 1597 μὴ
462 1542 878 1598 προδιεγνωσμένην
910 1549 1174 1597 καταστῆσαι
1207 1544 1349 1597 δίκην,
1382 1541 1478 1584 ἀλλ’

137 1612 386 1667 ἀκροάσεως
424 1613 560 1655 αὐτοῦ
599 1612 837 1668 γενομένης
873 1615 988 1667 παρὰ
1029 1621 1088 1670 τῷ
1125 1612 1256 1668 πατρὶ
1294 1612 1480 1670 ἀκεραίω

137 1681 286 1736 μένειν
325 1682 571 1740 δυναμένῳ,
615 1691 772 1726 τοῦτον
815 1685 1024 1734 κελεύσας
1056 1683 1260 1739 “Ηρώδης
1297 1683 1481 1738 ἀπάγειν

137 1755 198 1803 εἰς
235 1752 384 1808 μέσον,
423 1754 553 1803 αὐτὸς
591 1753 726 1796 αὑτὸν
767 1754 1027 1809 ὠλοφύρατο
1068 1762 1156 1796 τῶν
1196 1755 1367 1796 παίδων
1407 1759 1482 1808 τῆς

136 1826 366 1878 ποιήσεως,
409 1824 464 1877 ἣν
509 1822 578 1865 ἐπὶ
619 1824 840 1873 τοιαύταις
881 1824 998 1880 αὐτῷ
1044 1825 1193 1879 τύχαις
1236 1823 1480 1879 γενομένην

136 1896 352 1949 πρότερον
390 1893 436 1935 ἐκ
475 1900 548 1946 τῆς
587 1895 844 1948 δυσμενείας
876 1893 1216 1936 ἀποσπάσασθαι
1253 1903 1340 1937 τῶν
1374 1897 1480 1950 πρό-

136 1980 264 2018 τερον
304 1963 375 2006 καὶ
414 1966 476 2014 εἰς
509 1961 791 2019 Ἀντίπατρον
830 1964 1033 2019 ἐμβαλεῖν
1071 1966 1206 2007 αὐτοῦ
1243 1968 1291 2008 τὸ
1330 1972 1478 2021 γῆρας,

135 2035 301 2091 τροφάς
331 2051 375 2077 τε
407 2033 479 2076 καὶ
510 2035 759 2085 παιδεύσεις
791 2035 840 2085 ἃς
869 2038 1097 2090 ποιήσαιτο
1124 2037 1270 2078 αὐτῶν
1302 2036 1479 2090 ἐξηγού-

136 2121 282 2160 μενος,
312 2105 384 2148 καὶ
409 2106 603 2148 πλούτου
630 2105 842 2162 εὐπορίαν
868 2106 916 2148 ἐν
940 2115 1110 2162 καιροῖς
1136 2108 1194 2157 ὡς
1220 2107 1478 2162 ἐθελήσειαν

136 2180 428 2233 προτεθεῖσαν
468 2177 528 2225 εἰς
564 2176 722 2218 πάντα·
773 2176 888 2231 <95>
926 2173 988 2218 ὧν
1026 2176 1158 2219 οὐδὲν
1191 2176 1256 2220 ἐπ’
1303 2178 1478 2233 ἐμποδί-

138 2259 266 2302 σματι
297 2245 506 2300 γενέσθαι
538 2253 616 2289 τοῦ
648 2248 706 2301 μὴ
739 2247 819 2289 οὐκ
851 2247 1061 2304 ἐπιβουλῇ
1094 2255 1142 2304 τῇ
1177 2248 1356 2291 ἐκείνων
1387 2265 1478 2291 κιν-

230 2330 249 2369 ξ
276 2330 319 2361 95
346 2328 391 2364 ef.
418 2327 510 2363 Bell.
535 2327 613 2363 Iud.
639 2328 655 2361 Ι
683 2331 737 2372 32,
766 2331 797 2364 2.

1510 777 1530 807 3
