1732 2526
234 51 288 93 18
708 51 1073 84 APXAIOAOPIAE

235 159 373 213 αὐτὴν
403 159 484 213 τὴν
517 161 679 214 κρίσιν·
713 158 767 201 οὐ
799 159 882 212 γαρ
915 159 985 212 ἄν,
1017 161 1062 199 εἴ
1088 174 1128 199 τι
1155 155 1364 213 δυσχερὲς
1395 156 1586 207 ἐνενόεις

233 227 300 284 ἐφ’
339 229 460 283 ἡμῖν,
494 227 564 270 ἐπὶ
596 230 673 271 τὸν
710 229 875 278 πάντας
916 229 1110 279 σώζοντα
1140 231 1398 283 προήγαγες.
1439 227 1584 282 (106)

230 298 303 341 καὶ
353 300 436 354 γὰρ
483 299 605 354 ἐξῆν,
658 300 884 355 παρούσης
927 296 1007 354 μὲν
1059 298 1256 349 ἐξουσίας
1305 298 1364 348 ὡς
1413 301 1590 353 βασιλεῖ

231 371 457 425 παρούσης
489 368 528 412 δ’
567 371 626 420 ὡς
656 373 802 425 πατρί,
833 372 935 419 τοὺς
967 370 1230 418 ἀδικοῦντας
1272 367 1503 420 ἐπεξιέναι·
1535 370 1585 411 τὸ

233 440 276 482 δ’
323 443 386 491 εἰς
421 440 591 495 Ῥώμην
635 441 759 494 ἄγειν
800 439 872 482 καὶ
913 446 1072 483 τοῦτον
1116 444 1342 482 ποιεῖσθαι
1387 439 1586 495 μάρτυρα
1624 452 1642 478 5

234 513 448 563 σώζοντος
479 509 553 566 ἧν·
586 511 735 561 οὐδεὶς
767 512 850 566 γὰρ
883 511 1142 553 ἀποκτεῖναί
1168 526 1268 553 τινα
1293 511 1586 565 προαιρούμε-

233 598 312 632 νος
343 583 405 632 εἰς
438 583 531 637 ἱερὰ
563 580 636 623 καὶ
673 583 810 631 ναοὺς
848 582 956 635 ἄγει.
1025 582 1172 636 <107>
1209 582 1257 623 τὸ
1291 580 1330 623 δ’
1375 580 1587 636 ἡμέτερον

234 654 319 707 ἤδη
351 660 520 709 χεῖρον·
555 652 608 695 οὐ
641 653 723 707 γὰρ
757 652 811 694 ἂν
837 652 1156 707 ὑπομείναιμεν
1190 654 1251 694 ἔτι
1280 654 1353 706 ζῆν
1380 652 1421 693 ει’
1444 658 1588 693 τοιοῦ-

233 740 311 766 τον
338 722 592 778 ἠδικηκέναι
617 721 781 778 πατέρα
807 724 1146 778 πεπιστεύμεθα.
1185 721 1257 764 καὶ
1277 724 1442 777 μήποτε
1465 721 1581 764 τοῦτ’

234 794 407 837 ἐκείνου
439 802 603 849 χεῖρον,
642 792 741 835 ἀντὶ
778 800 857 836 τοῦ
898 794 1112 836 τεθνάναι
1145 791 1283 848 μηδὲν
1325 792 1588 842 ἀδικοῦντας
1607 807 1642 832 10

233 866 281 907 τὸ
327 868 402 919 ζῆν
440 865 610 906 ἀδικεῖν
647 863 1046 919 ὑποπτευομένους.
1118 865 1259 918 <108>
1301 865 1342 905 εί
1381 861 1461 918 μὲν
1506 860 1589 905 οὖν

234 936 358 990 εὕροι
396 938 531 990 λόγον
569 942 644 990 τῆς
675 935 887 990 ἀληθείας
918 935 944 990 ἡ
982 938 1220 991 παρρησία,
1259 934 1475 989 μακάριον
1516 932 1588 976 καὶ

235 1004 283 1048 σε
313 1014 461 1049 πεῖσαι
493 1005 566 1048 καὶ
597 1008 675 1048 τὸν
706 1008 921 1049 κίνδυνον
954 1007 1206 1062 διαφυγεῖν·
1239 1007 1280 1047 εἰ
1315 1003 1354 1046 δ’
1391 1005 1530 1054 οὕτως
1560 1005 1587 1058 ἡ

235 1078 419 1132 διαβολὴ
453 1085 615 1133 κρατεῖ,
646 1078 844 1133 περιττὸς
874 1077 982 1131 ἡμῖν
1015 1077 1037 1119 ὁ
1070 1083 1155 1119 νῦν
1193 1077 1332 1130 ἥλιος,
1365 1075 1416 1118 ὃν
1448 1078 1494 1118 τί
1522 1077 1593 1117 δεῖ

235 1147 414 1203 βλέπειν
447 1149 553 1203 μετὰ
585 1154 660 1202 τῆς
696 1147 907 1199 ὑποψίας;
950 1148 1094 1202 <109>
1134 1148 1183 1189 τὸ
1217 1145 1298 1202 μὲν
1337 1143 1419 1188 οὗν
1451 1146 1588 1202 φάναι
1609 1158 1642 1184 15

235 1222 459 1274 βασιλείας
498 1218 733 1273 ἐπιθυμεῖν
771 1219 975 1273 εὔκαιρος
1006 1220 1067 1268 εἰς
1104 1217 1234 1268 νέους
1266 1219 1396 1271 αι’τία,
1429 1216 1503 1259 καὶ
1539 1219 1588 1259 τὸ

234 1288 526 1346 προστιθέναι
572 1290 652 1344 τὴν
695 1295 771 1343 τῆς
815 1288 976 1339 ἀθλίας
1018 1291 1181 1344 μητρὸς
1227 1289 1381 1330 ἰκανὸν
1425 1288 1472 1330 ἐκ
1515 1294 1590 1342 τῆς

235 1362 408 1417 πρώτης
438 1362 519 1415 τὴν
550 1366 635 1402 νῦν
667 1360 851 1416 ἀτυχίαν
885 1359 1210 1416 ἐξεργάζεσθαι·
1244 1359 1390 1414 <110>
1421 1357 1589 1414 βλέψον

237 1431 277 1474 δ’
321 1433 362 1473 εἰ
403 1433 460 1487 μὴ
502 1432 630 1474 κοινὰ
671 1437 806 1473 ταῦτα
842 1430 916 1473 καὶ
949 1430 1060 1488 (ἐπὶ)
1098 1437 1232 1473 πᾶσιν
1271 1431 1433 1484 ὁμοίως
1470 1429 1590 1484 λέγε-

237 1507 345 1545 σθαι
378 1503 671 1557 δυνησόμενα.
722 1503 910 1544 κωλύσει
936 1503 1019 1557 γὰρ
1047 1499 1181 1544 οὐδὲν
1206 1507 1265 1559 τῷ
1293 1502 1590 1556 βασιλεύοντι,
1610 1513 1644 1537 20

236 1575 390 1623 παῖδες
430 1575 472 1615 εί
510 1572 597 1615 εἰσὶ
639 1572 735 1615 νέοι
783 1572 856 1615 καὶ
906 1575 1046 1628 μήτηρ
1091 1573 1238 1615 αὐτῶν
1282 1572 1590 1627 ἀποθανοῦσα,

236 1646 401 1694 πάντας
444 1644 668 1694 ὑπόπτους
718 1641 831 1686 εἶναι
880 1650 960 1687 τοῦ
1003 1646 1165 1700 πατρὸς
1209 1643 1472 1699 ἐπιβούλους
1517 1644 1590 1685 δο-

237 1723 343 1757 κεῖν.
406 1714 502 1757 &ax
550 1715 604 1757 οὐ
647 1716 696 1756 τὸ
740 1715 938 1757 ὕποπτον
982 1716 1092 1770 πρὸς
1131 1715 1339 1768 τοιαύτην
1384 1713 1590 1768 ἀσέβειαν

239 1786 433 1841 ἀρκετόν.
496 1786 643 1840 <111>
687 1787 848 1828 εἰπάτω
894 1787 948 1841 δή
992 1802 1059 1836 τις
1101 1786 1208 1841 ἡμῖν
1251 1787 1293 1828 εί
1333 1787 1591 1840 τετόλμηται

237 1863 440 1900 τοιοῦτον
473 1852 507 1898 ὦ
540 1855 613 1898 καὶ
644 1872 696 1898 τα
728 1857 785 1911 μὴ
817 1858 947 1899 πιστὰ
978 1859 1127 1899 πίστιν
1158 1861 1320 1898 εἴωθεν
1352 1854 1425 1898 ὑπ’
1465 1856 1590 1911 ε’ναρ-
1609 1874 1644 1899 25
1688 1891 1690 1893 v

238 1930 357 1983 γείας
388 1928 641 1982 λαμβάνειν.
703 1929 937 1983 φαρμάκου
970 1929 1250 1984 παρασκευὴν
1288 1925 1481 1982 ἐλέγχειν
1514 1927 1591 1968 δύ-

238 2001 371 2042 ναταί
414 2014 499 2053 τις,
550 1998 576 2052 ἣ
622 2001 905 2053 συνωμοσίαν
949 1999 1215 2054 ἡλικιωτῶν,
1260 1999 1286 2053 ἢ
1335 1999 1590 2053 διαφθορὰν

241 2070 436 2123 οἰκετῶν,
479 2069 505 2124 ἢ
548 2069 780 2124 γράμματα
824 2071 932 2112 κατὰ
977 2076 1058 2113 σοῦ
1102 2068 1399 2126 γεγραμμένας
1443 2070 1590 2123 <112>

240 2142 382 2182 καίτοι
413 2141 583 2182 τούτων
614 2140 798 2182 ἕκαστον
831 2139 927 2183 ἔσθ’
966 2141 1050 2196 ὅπῃ
1081 2140 1154 2183 καὶ
1186 2141 1243 2195 μὴ
1276 2142 1517 2194 γενόμενον
1544 2139 1591 2181 ἐκ

242 2211 451 2265 διαβολῆς
483 2209 695 2265 ἐπλάσθη.
755 2213 947 2266 χαλεπὸν
985 2212 1068 2265 γὰρ
1107 2211 1187 2266 οὐχ
1229 2211 1432 2265 ὁμονοῶν
1473 2207 1592 2260 οἶκος
1610 2226 1645 2252 30

241 2281 290 2323 ἐν
334 2284 549 2338 βασιλείᾳ·
600 2280 672 2323 καὶ
724 2282 805 2335 τὴν
849 2281 1010 2338 ἀρχήν,
1054 2282 1109 2336 Γἢν
1153 2284 1209 2324 σὺ
1258 2283 1343 2336 φὴς
1393 2282 1590 2323 ἔπαθλον
