1732 2526
231 56 318 98 224
448 93 452 98 ,
724 56 1087 89 ΑΡΧΑιοΛοΓιΑΣ

233 166 518 218 βουλόμενοι,
551 162 598 205 ἐν
621 162 787 219 ,ἐρημίᾳ
817 170 906 205 τῶν
937 161 1257 217 ἀμυνουμένων
1289 162 1587 216 καταστήσανή

233 250 301 283 τες
338 234 493 287 αὐτόν,
535 234 750 275 ἅπτεσθαι
787 239 862 287 τῆς
901 240 1082 287 σφαγῆς.
1145 232 1299 286 <102>
1338 230 1583 287 προεξῇσαν

235 302 283 346 δὲ
322 305 546 354 Κλαύδιος
577 301 657 358 μὲν
697 303 719 345 ὁ
757 304 930 357 πάτρως
962 303 1098 345 αὐτοῦ
1130 301 1201 344 καὶ
1240 305 1425 357 Μᾶρκος
1462 302 1584 342 Βινί-

235 390 328 424 κιος
360 374 382 416 ὁ
419 381 494 428 τῆς
527 374 719 429 ἀδελφῆς
754 373 887 428 ἀνήρ,
923 375 984 415 ε”τι
1021 371 1069 415 δὲ
1104 371 1176 415 καὶ
1205 369 1416 428 ’ὅαλέριος
1444 367 1584 413 Ἀσια-

236 447 373 499 τικός,
418 445 495 495 οὓς
539 443 645 488 οὐδὲ
688 443 977 499 βουλομένοις
1021 445 1264 486 διακλεῖσαι
1306 443 1492 497 δύναμις
1531 439 1586 496 ἧν

238 517 361 558 αἰδοῖ
407 521 482 569 τῆς
533 515 766 566 ἀξιώσεως·
824 515 966 557 εἵπετο
1018 513 1057 556 δ’
1106 514 1237 564 αὐτὸς
1286 515 1369 556 σὺν
1419 513 1586 568 Παύλῳ

234 584 513 644 Ἀρρούντίςο.
577 587 720 640 (103)
760 584 851 627 ἐπεὶ
891 582 931 626 δ’
973 584 1095 635 ἐντὸς
1131 582 1187 639 ἦν
1228 591 1306 627 τοῦ
1347 585 1587 639 βασιλείου,

238 657 314 706 τὰς
354 654 434 716 μὲν
476 657 654 706 εὐθείας
694 656 825 705 ὁδοὺς
869 658 1029 709 λείπει,
1071 651 1173 697 καθ’
1216 655 1266 704 ἃς
1306 655 1587 708 διεστήκεσαν

236 734 326 768 τῶν
369 728 544 769 δούλων
586 727 631 768 οἱ
667 727 988 780 θεραπεύοντες
1029 725 1163 767 αὐτὸν
1200 724 1271 767 καὶ
1308 731 1507 780 προῇσαν
1546 723 1592 765 οἱ

235 796 335 851 περὶ
372 799 450 838 τὸν
482 797 731 850 Κλαύδιον,
777 797 923 850 (104)
961 795 1158 851 τρέπεται
1198 793 1246 837 δὲ
1283 796 1390 837 κατὰ
1429 806 1588 836 στενω-

236 870 321 909 πὸν
362 868 608 923 ἠρεμηκότα
646 866 718 909 καὶ
757 866 987 908 ἐπίσκοτον
1024 868 1132 922 πρὸς
1170 869 1372 921 λουτροῖς
1409 866 1588 920 γενησό·

237 954 386 993 μενος,
431 939 518 992 ἅμα
555 936 626 979 καὶ
664 939 823 987 παῖδας
862 939 907 979 οἳ
942 937 1106 991 ἥκεσαν
1145 936 1190 978 ἐκ
1232 943 1306 990 τῆς
1333 933 1476 984 Ἀσίας
1514 950 1589 975 κα-

236 1010 481 1062 τανοήσων,
507 1015 681 1063 πομπῆς
707 1007 852 1049 αὐτῶν
879 1006 1051 1049 ἐκεῖθεν
1077 1006 1315 1061 γενομένης
1342 1004 1411 1061 ἐφ’
1433 1005 1589 1060 ὕμνοις

237 1081 489 1134 μυστηρίων
522 1079 548 1120 ἃ
582 1078 789 1131 ἐπετέλει,
834 1080 943 1120 ἔνιοι
977 1075 1025 1119 δὲ
1054 1078 1164 1137 κατὰ
1195 1077 1515 1133 πυρριχισμοὺς
1547 1077 1593 1117 οἳ

239 1149 286 1191 ἐν
317 1156 408 1209 τοῖς
439 1150 645 1203 θεάτροις
678 1151 860 1191 ἔσοιντο.
917 1149 1061 1202 <105>
1094 1148 1343 1198 ὑπαντιάζει
1374 1144 1416 1189 δ’
1454 1146 1588 1188 αὐτὸν

240 1215 445 1275 Χαιρέας,
486 1218 557 1261 καὶ
596 1218 727 1275 ᾔτησε
767 1227 960 1273 σημεῖον.
1024 1224 1102 1260 τοῦ
1136 1216 1184 1259 δὲ
1215 1226 1303 1260 τῶν
1335 1219 1397 1267 εἰς
1427 1217 1589 1271 χλεύην

239 1289 537 1344 ἀνακειμένων
570 1291 791 1343 εἰπόντος,
835 1286 968 1331 οὐδὲν
1009 1288 1238 1337 ἐνδοιάσας
1258 1289 1518 1347 μλοιδορίαις
1548 1282 1585 1328 τ’

239 1360 393 1416 ἐχρῆτο
414 1361 520 1402 κατὰ
546 1366 625 1402 τοῦ
646 1362 686 1401 Γ
684 1362 798 1413 αΐου,
823 1358 894 1401 καὶ
922 1359 1196 1413 σπασάμενος
1221 1360 1269 1400 τὸ
1291 1358 1415 1412 ξίφος
1441 1358 1589 1411 ἐπάγει

238 1432 411 1485 πληγὴν
439 1431 656 1486 σφοδράν·
697 1431 750 1473 οὐ
777 1432 862 1484 μήν
889 1428 928 1484 γ’
960 1428 1015 1484 ἦν
1040 1432 1218 1484 καίριος.
1275 1430 1418 1483 <106>
1449 1431 1589 1472 καίτοι

238 1501 292 1556 γέ
329 1504 441 1556 φασί
473 1517 588 1551 τινες
624 1503 812 1557 προνοίᾳ
850 1506 928 1542 τοῦ
963 1499 1154 1555 Χαιρέου
1191 1499 1399 1554 γενέσθαι
1439 1500 1487 1541 τὸ
1529 1499 1586 1553 μὴ

240 1578 317 1628 μιᾷ
348 1575 490 1627 πληγῇ
525 1572 843 1626 διεργάσασθαι
874 1573 952 1613 τὸν
980 1572 1133 1624 Γάιον,
1166 1570 1275 1613 ἀλλὰ
1301 1573 1588 1626 τιμωρεῖσθαι

1609 810 1641 834 10

1609 1161 1642 1188 15

1608 1514 1642 1538 20

240 1644 447 1697 μειζόνως
477 1644 639 1697 πλήθει
671 1642 941 1697 τραυμάτων.
1002 1642 1148 1696 <107>
1191 1642 1242 1683 οὐ
1275 1642 1361 1695 μὴν
1393 1639 1488 1695 ἐμοὶ
1520 1655 1589 1682 πι-
1635 1670 1638 1674 Δ

238 1715 388 1763 θανὸς-
418 1710 544 1762 οὗτος
582 1713 604 1754 ὁ
644 1714 772 1766 λόγος
813 1713 885 1753 δια
926 1713 973 1754 τὸ
1008 1713 1065 1766 μὴ
1099 1711 1329 1767 ἐπιχωρεῖν
1362 1710 1410 1752 ἐν
1439 1711 1588 1753 ταῖσδε

239 1792 334 1833 ταῖς
364 1784 544 1838 πράξεσι
577 1786 770 1839 λογισμῷ
800 1785 1048 1838 χρήσασθαι
1080 1784 1157 1824 τὸν
1184 1784 1337 1837 φόβον.
1398 1780 1588 1836 Χαιρέαν

242 1853 311 1908 δέ,
348 1858 468 1908 εἴπερ
501 1853 639 1902 οὕτως
671 1852 869 1907 ἐφρόνει,
909 1853 1087 1894 πάντων
1121 1851 1214 1909 (ἂν)
1252 1853 1415 1907 ἥγημαι
1447 1857 1589 1908 μωρίᾳ

243 1924 490 1979 διαφέρειν,
534 1924 702 1977 ’ἡδονὴν
743 1929 792 1978 τῇ
835 1923 943 1978 ὀργῇ
991 1924 1312 1978 [χαριζόμενον]
1354 1925 1522 1976 μᾶλλον
1564 1922 1589 1976 ἢ

243 1994 288 2036 ἐκ
320 2001 398 2037 τοῦ
430 1993 550 2044 ὀξέος
582 1994 839 2047 ἀπαλλαγὴν
869 1994 984 2050 αὑτῷ
1016 2009 1060 2035 τε
1093 1993 1164 2035 καὶ
1196 2001 1285 2042 τοῖς
1318 1995 1591 2046 συνωμόταις

242 2066 464 2107 κινδύνων
496 2066 796 2119 χαριζόμενον,
835 2065 909 2106 διὰ
940 2065 987 2106 τὸ
1021 2065 1185 2113 πολλὰς
1216 2063 1270 2105 ἂν
1302 2064 1496 2118 μηχανὰς
1528 2065 1589 2104 ἔτι

242 2134 452 2189 γενέσθαι
501 2137 724 2189 βοηθειῶν
771 2136 812 2175 Γ
808 2137 888 2191 αΐςο
939 2136 995 2189 μὴ
1047 2134 1271 2189 φθάσαντι
1322 2134 1401 2187 τὴν
1444 2134 1590 2188 ψυχὴν

243 2206 435 2261 ἀφεῖναι,
466 2205 696 2247 κάνταῦθα
724 2204 887 2261 Χαιρέᾳ
916 2206 1051 2259 λόγον
1083 2204 1138 2246 ἂν
1164 2203 1372 2259 γενέσθαι
1406 2203 1458 2245 οὐ
1490 2202 1589 2259 περὶ

242 2282 318 2330 τῆς
350 2277 487 2318 Γαΐου
525 2277 733 2331 τιμωρίας
770 2275 879 2317 ἀλλά
918 2281 992 2329 τῆς
1029 2275 1165 2317 αὑτοῦ
1203 2276 1274 2317 καὶ
1312 2283 1400 2317 τῶν
1432 2278 1598 2329 φίλων,

1610 1864 1643 1891 25

1610 2216 1644 2241 30
