1732 2526
61 826 92 849 10

0 1166 93 1202 '15

60 1529 95 1554 20

62 1880 95 1907 25

62 2235 96 2259 30

728 65 842 96 ΒΙοΣ
1375 64 1459 105 329

114 172 218 220 τοὺς
256 169 355 226 περὶ
398 168 470 224 ἐμὲ
515 172 892 225 σωματοφύλακας
933 171 1154 221 ἀπολύσας
1193 172 1307 225 πλὴν
1350 169 1463 225 ἑνός,

113 240 186 282 καὶ
217 242 322 295 μετὰ
355 242 514 284 τούτου
544 242 772 296 κατασχὼν
812 240 915 282 δέκα
953 249 1040 283 τῶν
1073 243 1284 295 ὁπλιτῶν,
1327 243 1463 297 δημη-

113 321 264 366 γορεῖν
297 312 542 368 ἐπειρώμην
575 318 632 369 τῷ
665 315 826 366 πλήθει
858 320 945 354 τῶν
978 312 1230 367 Τιβεριέων,
1263 314 1365 362 στὰς
1394 312 1464 354 ἐπὶ

112 386 304 437 θριγκοῦ
327 399 444 432 τινος
464 383 653 437 ὑψηλοῦ,
679 382 956 437 παρεκάλουν
983 399 1027 424 τε
1054 384 1111 437 μὴ
1139 383 1278 432 οὕτως
1303 384 1464 433 αὐτοὺς

113 452 276 507 ταχέως
325 453 611 508 ἀφίστασθαι·
676 454 803 507 <93>
853 453 1129 507 κατάγνωσιν
1180 455 1262 508 γὰρ
1314 454 1464 504 αὐτοῖς

114 527 253 565 οἴσειν
285 525 364 578 τὴν
390 525 651 578 μεταβολήν,
682 523 753 565 καὶ
780 529 838 580 τῷ
866 524 971 578 μετὰ
997 529 1132 565 ταῦτα
1158 524 1464 581 προϊσταμένῳ

114 593 170 635 δι’
214 595 404 644 ὑποψίας
445 597 711 649 γενήσεσθαι
750 596 949 648 δικαίως,
990 595 1047 643 ὡς
1085 592 1195 648 μηδὲ
1236 596 1316 648 τὴν
1357 596 1465 648 πρὸς

113 655 309 714 ἐκείνους
339 667 487 706 πίστιν
520 665 821 719 φυλαξόντων.

201 736 316 789 <94>
355 736 477 778 οὔπω
517 734 569 777 δέ
603 752 677 790 μοι
708 736 849 778 πάντα
887 736 1114 790 λελάλητο,
1145 738 1223 777 καί
1250 752 1369 785 τινος
1402 735 1465 786 ἐξ-

112 808 280 861 ήκουσα
318 814 405 848 τῶν
444 808 618 848 οἰκείων
656 809 935 861 καταβαίνειν
973 807 1249 856 κελεύοντος·
1295 807 1348 848 οὐ
1380 806 1463 860 γάρ

113 893 186 931 μοι
224 878 380 931 καιρὸν
418 874 532 918 εἶναι
569 880 817 932 φροντίζειν
854 884 930 931 τῆς
970 878 1086 931 παρὰ
1124 876 1361 931 Τιβεριέων
1394 877 1464 918 εὐ-

111 951 255 1001 νοιάς,
298 947 406 989 ἀλλὰ
444 947 542 1003 περὶ
580 955 656 1002 τῆς
695 950 808 998 ίδιάς
849 951 1084 1003 σωτηρίας,
1124 947 1191 990 καὶ
1233 956 1324 997 πῶς
1363 950 1465 998 τοὺς

114 1018 305 1074 ἐχθροὺς
337 1017 524 1073 ἐκφύγω.
588 1019 703 1072 <95>
736 1018 977 1073 ἐπεπόμφει
1011 1016 1050 1060 δ’
1088 1019 1110 1060 ὁ
1139 1017 1345 1073 Ἰωάννης
1376 1027 1465 1060 τῶν

112 1088 212 1144 περὶ
256 1089 392 1131 αὐτὸν
438 1090 628 1132 ὁπλιτῶν
673 1090 869 1140 ἐπιλέξας
917 1092 1022 1140 τοὺς
1063 1090 1366 1143 πιστοτάτους,
1418 1090 1465 1132 ἐκ

113 1168 201 1202 τῶν
233 1162 387 1215 χιλίων
420 1161 543 1216 οἵπερ
570 1158 682 1215 ἦσαν
709 1161 842 1218 αὐτῷ,
873 1160 946 1202 καὶ
971 1160 1206 1215 προσέταξε
1239 1169 1329 1210 τοῖς
1359 1176 1466 1215 πεμ-

112 1235 296 1286 φθεῖσιν
338 1230 510 1273 ἀνελεῖν
551 1247 623 1286 με,
668 1230 943 1286 πεπυσμένος
987 1232 1045 1281 ὡς
1088 1236 1184 1286 εἴην
1228 1232 1333 1285 μετὰ
1377 1239 1465 1273 τῶν

113 1303 288 1344 οἰκείων
326 1302 644 1357 μεμονωμένος.
707 1304 832 1357 <96>
872 1300 980 1357 ἧκον
1020 1301 1059 1344 δ’
1097 1303 1143 1344 οἱ
1175 1300 1466 1357 πεμφθέντες,

112 1372 195 1414 κᾶν
227 1372 525 1427 ἐπεπράχεσαν
557 1370 767 1428 τοῦργον,
805 1375 845 1415 εί
875 1375 932 1428 μὴ
965 1380 1044 1415 τοῦ
1075 1377 1267 1427 θριγκοῦ
1299 1377 1466 1414 θᾶττον

114 1444 390 1499 ἀφαλόμενος
433 1443 515 1498 ἐγὼ
558 1446 663 1498 μετὰ
707 1451 785 1486 τοῦ
831 1445 1203 1499 σωματοφύλακος
1240 1441 1465 1498 Ἰακώβου,

114 1513 186 1556 καὶ
218 1515 303 1555 ὑπό
336 1531 456 1563 τινος
493 1514 725 1570 Τιβεριέως
750 1514 956 1568 ἱἨρώδου
988 1517 1466 1570 προσανακουφισθείς,

117 1586 354 1639 ὁδηγηθείς
384 1583 429 1627 θ’
468 1585 553 1627 ὑπὸ
592 1586 751 1628 τούτου
790 1585 860 1628 ε’πὶ
898 1587 978 1640 τὴν
1012 1588 1172 1639 λίμνην
1204 1585 1277 1626 καὶ
1307 1588 1466 1627 πλοίου

116 1658 358 1710 λαβόμενος
389 1654 460 1697 καὶ
494 1656 663 1710 ἐπιβάς,
702 1657 818 1711 παρὰ
851 1657 985 1707 δόξαν
1016 1658 1119 1706 τοὺς
1151 1656 1341 1711 ἐχθροὺς
1373 1657 1467 1697 δια-

114 1728 271 1781 φυγὼν
303 1729 364 1776 εἰς
403 1729 637 1782 Ταριχαιάς
669 1727 903 1782 ἀφικόμην.

204 1797 329 1852 <97>
373 1798 418 1840 οῖ
459 1795 507 1839 δὲ
550 1799 631 1852 τὴν
674 1801 804 1840 πόλιν
851 1799 1016 1852 ταύτην
1060 1804 1366 1847 κατοικοῦντες
1409 1798 1468 1847 ὡς

116 1868 338 1910 ἐπύθοντο
371 1869 451 1922 τὴν
483 1876 570 1910 τῶν
604 1868 840 1924 Τιβεριέων
866 1869 1087 1923 ἀπιστίαν,
1119 1870 1293 1924 σφόδρα
1321 1883 1467 1921 παρω-

116 1940 358 1994 ξύνθησαν.
414 1938 686 1994 ἁρπάσαντες
718 1937 800 1982 οὖν
830 1941 882 1981 τὰ
912 1940 1024 1981 ὅπλα
1050 1941 1328 1995 παρεκάλουν
1354 1946 1468 1994 σφᾶς

115 2011 240 2064 ἄγειν
273 2008 340 2051 ἐπ’
373 2009 552 2059 αὐτούς·
589 2010 740 2052 θέλειν
766 2012 849 2065 γὰρ
877 2013 1070 2065 ἔφασκον
1096 2009 1206 2065 ὑπὲρ
1232 2017 1312 2053 τοῦ
1339 2022 1466 2066 στρα-

115 2088 251 2135 τηγοῦ
295 2081 419 2130 δίκας
463 2083 614 2135 λαβεῖν
657 2081 758 2136 παρ’
807 2081 964 2123 αὐτῶν.
1034 2082 1160 2137 <98>
1205 2083 1467 2135 διήγγελλόν

116 2167 161 2193 τε
198 2152 250 2193 τὰ
288 2153 501 2204 γεγονότα
538 2150 609 2192 καὶ
647 2159 738 2201 τοῖς
775 2153 883 2193 κατὰ
920 2153 1001 2206 τὴν
1033 2154 1276 2194 Γαλιλαίαν
1316 2158 1466 2205 πᾶσιν,

117 2222 315 2276 ἐρεθίσαι
353 2220 424 2262 καὶ
462 2222 646 2271 τούτους
683 2223 789 2263 κατὰ
829 2230 917 2264 τῶν
956 2221 1194 2277 Τιβεριέων
1227 2223 1300 2263 διὰ
1334 2234 1468 2264 σπου-

213 2307 232 2345 ξ
259 2306 303 2336 94
330 2302 375 2337 cf.
401 2302 493 2337 Bell.
519 2302 598 2336 Iud.
625 2303 658 2336 II
684 2306 739 2347 21,
768 2306 798 2338 6.

1494 749 1536 780 18

1495 1809 1536 1839 19
