1732 2526
602 71 943 104 EKKAIAEKATH
1389 71 1445 112 49

101 176 207 220 αὐτὸ
240 180 393 232 μόνον,
425 178 466 219 εἰ
495 178 574 231 τὴν
601 177 808 230 στρατιὰν
821 175 1024 232 “Ηρώδης
1051 178 1264 232 ἐξαγάγοι,
1298 178 1444 233 (290)

101 255 188 290 τῶν
227 245 275 290 δὲ
313 254 442 290 τοῦτο
480 246 560 302 μὲν
599 247 703 289 αὐτὸ
743 246 887 301 λέγειν
925 247 1121 302 ἀνάγκην
1162 249 1364 304 ἐχόντων,
1397 251 1445 291 τὸ

103 316 142 360 δ’
180 317 251 373 ἐφ’
297 319 381 376 ὅτῳ
418 317 490 360 καὶ
530 325 620 368 πῶς
662 317 742 360 οὐκ
780 318 1032 372 ἀκούοντος,
1071 319 1179 373 ὀργή
1211 335 1254 360 τε
1288 322 1445 373 μείζων

103 387 274 441 ἐγένετο
307 395 365 445 τῷ
400 391 607 443 Καίσαρι,
638 386 709 430 καὶ
742 389 901 443 γράφει
932 390 1040 443 πρὸς
1071 390 1149 431 τὸν
1162 387 1368 444 “Ηρώδην
1394 390 1447 431 τά

66 473 82 497 5
102 457 140 500 τ’
168 460 277 501 ἄλλα
303 462 500 514 χαλεπῶς
519 459 590 500 καὶ
611 465 740 501 τοῦτο
760 464 836 512 τῆς
863 458 1093 512 ἐπιστολῆς
1117 460 1165 501 τὸ
1191 460 1445 514 κεφάλαιον,

102 529 167 571 ὅτι
198 529 330 571 πάλαι
369 530 591 585 χρώμενος
629 528 745 585 αὐτῷ
785 531 916 586 φίλω,
953 536 1038 571 νῦν
1076 529 1254 587 ὑπηκόῳ
1293 531 1446 584 χρήσε-

100 616 181 641 ται.
245 600 388 653 (291)
433 599 592 654 γράφει
647 597 695 641 δὲ
738 598 810 641 καὶ
854 603 1076 650 Συλλαῖος
1118 597 1227 655 ὑπὲρ
1277 601 1447 642 τούτων

99 678 190 720 τοῖς
211 669 412 725 Ἄραψιν.
476 672 521 712 οἳ
550 666 588 711 δ’
620 669 884 725 ἐπαρθέντες
911 671 1010 712 οὔτε
1037 677 1124 712 τῶν
1151 674 1323 726 λῃστῶν
1350 670 1447 713 ὅσοι

102 729 315 796 διέφυγον
360 741 614 792 ἐξεδίδοσαν
668 741 767 783 οὔτε
818 742 870 782 τὰ
919 744 1117 797 χρήματα
1169 742 1445 795 διευλύτουν,

50 826 81 850 10
101 812 238 866 νομάς
269 809 315 854 θ’
354 812 404 861 ἃς
436 811 606 853 ἐκείνου
646 812 980 866 μισθωσάμενοι
1018 814 1308 867 διακατεῖχον,
1350 811 1447 866 ἀμι-

102 881 180 924 σθὶ
216 883 393 932 ταύταις
431 882 644 937 ἐχρῶντο,
681 882 1055 936 τεταπεινωμένου
1100 889 1179 924 τοῦ
1216 890 1303 924 τῶν
1337 880 1447 924 Ἰου-

101 954 239 995 δαίων
270 951 483 1007 βασιλέως
516 953 588 993 διὰ
629 953 709 1006 τὴν
745 952 882 1007 ὀργὴν
913 959 991 995 τοῦ
1024 955 1256 1008 Καίσαρος.
1301 953 1448 1007 (292)

101 1023 369 1065 ἐπιτίθενται
402 1020 449 1064 δὲ
481 1029 540 1079 τῷ
573 1028 709 1079 καιρῷ
742 1021 814 1064 καὶ
847 1024 892 1065 οἱ
919 1025 999 1078 τὴν
1026 1026 1298 1079 Τραχωνῖτιν
1326 1025 1448 1078 ἕχον-

102 1109 184 1147 τες,
215 1100 291 1148 τῆς
321 1101 408 1136 τῶν
438 1090 697 1148 Ἰδουμαίων
730 1100 928 1149 φρουρᾶς
959 1094 1349 1144 κατεξαναστάντες
1374 1093 1446 1136 καὶ

50 1179 82 1203 15
102 1167 352 1220 λῃστηρίοις
377 1165 597 1220 χρώμενοι
623 1165 728 1219 μετὰ
754 1172 842 1206 τῶν
858 1163 1071 1219 Ἀράβων,
1092 1159 1156 1214 οἷς
1184 1164 1448 1219 ἐλεηλάτουν

100 1236 181 1290 τὴν
213 1235 394 1277 ἐκείνων
425 1236 588 1290 χώραν,
621 1235 701 1277 οὐκ
727 1231 799 1276 ἀπ’
830 1235 1042 1290 ὠφελείας
1073 1238 1212 1290 μόνον
1239 1235 1349 1277 ἀλλὰ
1375 1235 1446 1277 καὶ

102 1308 388 1360 μνησικακίας
418 1307 711 1361 χαλεπώτεροι
743 1306 819 1356 τὰς
850 1306 1020 1357 ἀδικίας
1052 1308 1186 1356 ὄντες.

191 1376 336 1432 (293)
367 1376 570 1432 “Ηρώδης
608 1374 656 1418 δὲ
693 1383 828 1418 ταῦτα
865 1377 1006 1419 πάντα
1043 1376 1191 1432 φέρων
1236 1378 1446 1433 ἠνείχετο,

103 1449 473 1502 μεταβεβληκυίας
505 1447 622 1504 αὐτῷ
655 1452 731 1501 τῆς
761 1450 1003 1502 παρρησίας
1034 1447 1089 1500 ἣν
1120 1444 1207 1502 εἶχε
1241 1448 1313 1489 διὰ
1340 1450 1448 1489 Καί-

50 1531 83 1556 20
104 1528 231 1572 σαρα,
268 1516 340 1559 καὶ
377 1519 425 1560 τὸ
464 1520 611 1572 μεῖζον
650 1517 849 1574 ἀφῄρητο
886 1524 964 1560 τοῦ
1006 1520 1303 1573 φρονήματος·
1345 1516 1448 1560 οὐδὲ

104 1589 186 1643 γὰρ
231 1587 481 1643 πέμψαντος
524 1588 660 1630 αὐτοῦ
703 1590 935 1642 πρεσβείαν
985 1587 1374 1644 ἀπολογησομένην
1426 1589 1448 1631 ὁ

104 1661 275 1715 Καῖσαρ
308 1657 529 1714 ἠνέσχετο,
560 1659 693 1700 πάλιν
735 1657 783 1700 δὲ
820 1661 922 1708 τοὺς
954 1661 1254 1709 συνελθόντας
1291 1659 1449 1714 ἀπράκ-

104 1744 208 1779 τους
238 1728 504 1784 ἀπέπεμψεν.
537 1728 682 1784 (294)
714 1727 769 1784 ἧν
803 1727 842 1771 δ’
879 1726 960 1771 οὖν
990 1728 1058 1771 ἐπὶ
1084 1731 1254 1780 τούτοις
1280 1729 1450 1785 ἀθυμία

104 1798 176 1841 καὶ
210 1799 321 1854 δέος,
354 1801 376 1842 ὅ
410 1816 452 1842 τε
488 1803 710 1850 Συλλαῖος
735 1800 788 1842 οὐ
814 1802 995 1855 μετρίως
1022 1800 1171 1842 ἐλύπει
1198 1803 1450 1850 πιστευθείς

53 1883 85 1908 25
105 1885 150 1912 τε
182 1869 254 1912 καὶ
285 1871 438 1926 παρὼν
471 1868 518 1913 ἐν
551 1877 600 1926 τῇ
628 1869 782 1927 Ῥώμῃ,
812 1873 909 1913 τότε
941 1869 989 1912 δὲ
1021 1870 1092 1913 καὶ
1125 1873 1336 1925 μειζόνων
1372 1871 1450 1912 ἁπ-

104 1943 297 1996 τόμενος.
360 1942 382 1984 ὁ
415 1939 494 1996 μὲν
526 1942 609 1995 γὰρ
638 1938 819 1996 Ὀβόδας
850 1941 1089 1996 ἐτεθνήκει,
1120 1942 1449 1997 παραλαμβάνει

107 2009 155 2053 δὲ
185 2013 266 2066 τὴν
297 2019 386 2054 τῶν
417 2011 613 2067 Ἀράβων
645 2011 784 2068 ἀρχὴν
823 2014 1001 2062 Αἰνείας
1040 2012 1062 2054 ὁ
1105 2011 1450 2067 μετονομασθεὶς

107 2078 238 2132 αὖθις
264 2080 449 2137 Ἀρέτας.
501 2083 645 2137 (295)
677 2090 835 2125 τοῦτον
866 2084 950 2137 γὰρ
983 2082 1193 2138 ἐπεχείρει
1226 2084 1451 2137 διαβολαῖς

106 2153 420 2207 παρωσάμενος
451 2152 582 2203 αὐτὸς
613 2153 938 2208 ἀναλαμβάνειν
963 2154 1043 2207 τὴν
1070 2153 1223 2208 ἀρχήν,
1254 2156 1450 2209 χρήματα

53 2235 88 2260 30
108 2220 187 2276 μὲν
224 2225 364 2266 πολλὰ
403 2225 585 2274 διαδοὺς
624 2231 714 2274 τοῖς
757 2223 855 2279 περὶ
899 2225 978 2278 τὴν
1023 2223 1180 2278 αὐλήν,
1217 2225 1357 2267 πολλὰ
1403 2223 1450 2265 δὲ

109 2295 298 2349 Καίσαρι
331 2295 490 2336 δώσειν
522 2295 882 2350 ὑπισχνούμενος.
925 2294 946 2336 ὃ
980 2292 1028 2336 δὲ
1059 2301 1118 2352 τῷ
1152 2296 1209 2349 μὴ
1242 2296 1320 2337 τὸν
1335 2293 1453 2349 Ἀρέ-

178 2369 347 2396 ΙοειῑΡΗῑ-ε.
375 2370 429 2397 IV.
1219 2367 1240 2397 4

1718 2421 1723 2526 u—-v
1719 2312 1724 2400 *v—
1720 1792 1729 2292 ————.—.——<21--ae-
1724 1744 1728 1784 *⁴-
1724 1722 1729 1732 «
