1732 2526
622 80 1029 114 OKTQKAIAEKATH
1424 79 1505 122 157

164 188 387 242 διαδοχῆς,
417 193 561 241 παρῆν
591 183 639 228 θ’
675 187 732 236 ὡς
764 187 840 228 τὸν
872 186 1035 241 πατέρα
1071 183 1093 242 ᾗ
1126 188 1268 243 τάχος,
1293 187 1364 229 καὶ
1392 188 1508 246 αὐτῷ

164 259 244 312 τὴν
288 258 488 312 “Ηρώδου
533 257 736 299 διάνοιαν
776 259 942 311 ἔφραζε.
1017 257 1162 311 <113>
1214 258 1235 299 ὃ
1281 257 1320 299 δ’
1370 258 1509 314 ἀρχὴν

166 329 327 383 ἔχθρας
363 329 525 382 ταύτην
562 327 870 381 ποιησάμενος,
909 330 1012 382 περί
1044 343 1087 369 τε
1131 328 1248 381 ὅρων
1287 327 1334 369 ἐν
1372 335 1421 384 τῇ
1454 335 1508 384 γῇ

166 404 217 453 τῇ
250 399 609 453 Γαμαλίτιδι...,
642 395 713 438 καὶ
747 397 974 452 δυνάμεως
1007 396 1193 455 ἑκατέρῳ
1230 402 1510 453 συλλεγείσης

130 470 227 518 5εἰς
275 471 469 523 πόλεμον
518 470 829 521 καθίστανται,
879 470 1148 523 στρατηγοὺς
1196 467 1511 519 ἀπεσταλκότες

165 537 267 581 ἀνθ’
307 538 485 581 ἑαυτῶν.
549 539 693 593 <114>
724 537 796 580 καὶ
838 539 974 594 μάχης
1012 537 1251 594 γενομένης
1289 541 1509 595 διεφθάρη

164 616 247 659 πᾶς
291 610 312 652 ὁ
345 608 550 664 “Ηρώδου
595 612 795 664 στρατός,
834 611 1072 663 προδοσίας
1113 610 1230 667 αὐτῷ
1275 610 1512 665 γενομένης

166 678 238 722 ὑπ’
282 680 459 735 ἀνδρῶν
496 680 726 735 φυγάδων,
764 682 809 722 οἳ
844 682 967 730 ὄντες
999 680 1045 722 ἐκ
1076 687 1151 735 τῆς
1191 683 1415 723 Φιλίππου
1447 697 1511 723 τε-

164 749 560 807 τραρχίαςςΗρώδῃ
582 751 940 807 συνεστράτευον.
984 757 1119 793 ταῦτα
1132 750 1334 808 “Ηρώδης
1353 752 1511 807 γράφει

115 836 147 861 10
165 823 274 877 πρὸς
319 821 534 877 Τιβέριον.
598 822 743 876 (115)
781 822 804 864 ὃ
844 821 884 864 δ’
921 822 1028 877 ὀργῇ
1067 821 1216 878 φέρων
1248 824 1328 877 τὴν
1361 821 1512 874 Ἀρέτα

166 891 450 948 ἐπιχείρησιν,
470 893 627 948 γράφει
653 894 762 947 πρὸς
781 890 1010 935 ’ὃιτέλλιον
1035 895 1228 948 πόλεμον
1256 892 1513 947 ἐξενεγκεῖν,

166 962 238 1004 καὶ
269 964 365 1017 ἤτοι
399 965 508 1014 ζωὸν
542 961 680 1006 ἑλόντ’
719 963 899 1018 ἀγαγεῖν
939 963 1191 1019 δεδεμένον,
1229 963 1254 1018 ἣ
1292 963 1513 1018 κτεινομέ-

167 1049 248 1076 νου
279 1032 464 1089 πέμπειν
496 1035 576 1089 τὴν
607 1035 803 1089 κεφαλὴν
837 1033 900 1076 ἐπ’
939 1034 1086 1077 αὐτόν.

256 1105 402 1160 <116>
434 1103 506 1146 καὶ
545 1104 743 1160 Τιβέριος
775 1103 855 1160 μὲν
887 1112 1022 1148 ταῦτα
1047 1105 1254 1159 πράττειν
1287 1104 1513 1147 ἐπέστελλε

115 1188 148 1214 15
167 1182 226 1232 τῷ
274 1176 381 1217 κατὰ
425 1178 600 1230 Συρίαν
645 1182 890 1233 στρατηγῷ,
933 1174 1020 1218 τισὶ
1064 1174 1113 1218 δὲ
1156 1184 1243 1218 τῶν
1284 1174 1514 1218 Ἰουδαίων

169 1245 311 1288 ἐδόκει
345 1245 558 1288 ὀλωλέναι
589 1248 667 1288 τὸν
692 1245 900 1301 “Ηρώδου
933 1247 1119 1301 στρατὸν
1156 1247 1240 1289 ὑπὸ
1278 1253 1357 1289 τοῦ
1388 1251 1515 1300 θεοῦ,

168 1315 244 1359 καὶ
275 1317 390 1372 μάλα
423 1318 600 1367 δικαίως
626 1316 864 1372 τινυμένου
891 1318 998 1359 κατὰ
1024 1318 1185 1372 ποινὴν
1200 1315 1410 1360 Ἰωάννου
1435 1324 1515 1360 τοῦ

170 1387 517 1443 ἐπικαλουμένου
549 1390 800 1443 βαπτιστοῦ.
863 1388 1008 1442 <117>
1045 1391 1203 1430 κτείνει
1235 1389 1318 1444 γὰρ
1356 1394 1515 1431 τοῦτον

163 1457 365 1513 (Ηρώδης
396 1458 568 1512 ἀγαθὸν
600 1459 757 1514 ἄνδρα,
782 1457 853 1500 καὶ
880 1461 983 1508 τοὺς
998 1457 1242 1509 Ἰουδαίους
1266 1460 1517 1513 κελεύοντα,

118 1543 151 1568 20
171 1528 330 1583 ἀρετὴν
362 1528 659 1579 ἐπασκοῦντας
689 1528 761 1571 καὶ
793 1530 845 1571 τὰ
875 1530 984 1584 πρὸς
1016 1529 1232 1584 ἀλλήλους
1258 1530 1516 1585 δικαιοσύνῃ

170 1598 243 1641 καὶ
283 1600 393 1654 πρὸς
435 1601 512 1642 τὸν
562 1600 672 1641 θεὸν
716 1600 916 1656 εὐσεβείᾳ
965 1599 1236 1654 χρωμένους,
1287 1602 1515 1656 βαπτισμῷ

172 1669 387 1712 συνιέναι·
427 1670 540 1713 οὕτω
578 1671 661 1725 γὰρ
707 1671 760 1724 δὴ
798 1669 871 1712 καὶ
909 1670 988 1723 τὴν
1025 1670 1230 1725 βάπτισιν
1273 1670 1517 1725 ἀποδεκτὴν

172 1740 289 1798 αὐτῷ
322 1744 577 1795 φανεῖσθαι,
610 1741 667 1795 μὴ
701 1739 775 1782 ε’πί
801 1756 937 1782 τινων
969 1739 1232 1795 ἁμαρτάδων
1260 1742 1518 1795 παραιτήσει

172 1810 429 1868 χρωμένων,
461 1809 556 1853 ἀλλ’
593 1809 662 1866 ἐφ’
711 1811 864 1868 ἁγνεία
900 1817 980 1853 τοῦ
1012 1812 1222 1866 σώματος,
1255 1812 1327 1853 ἅτε
1360 1812 1414 1866 δὴ
1446 1811 1518 1854 καὶ

120 1895 154 1922 25
173 1888 250 1937 τῆς
279 1888 421 1938 ψυχῆς
453 1882 711 1938 δικαιοσύνῃ
743 1881 1218 1937 προεκκεκαθαρμένης.
1271 1882 1415 1937 (118)
1447 1881 1519 1925 καὶ

172 1960 260 1996 τῶν
303 1954 450 1995 ἄλλων
503 1952 871 2007 συστρεφομένων
921 1951 1011 2008 (καὶ
1061 1953 1143 2008 γὰρ
1193 1954 1398 2008 ἤρθησαν
1448 1952 1517 1995 ἐπὶ

173 2027 378 2066 πλεῖστον
409 2029 460 2079 τῇ
494 2023 698 2076 ἀκροάσει
730 2030 817 2065 τῶν
856 2022 1019 2078 λόγων)
1059 2024 1206 2073 δείσας
1231 2022 1433 2079 τΗρώδης
1469 2025 1517 2066 τὸ

175 2093 245 2136 ἐπὶ
287 2094 469 2136 τοσόνδε
513 2095 708 2136 πιθανὸν
751 2093 887 2136 αὐτοῦ
931 2101 1021 2144 τοῖς
1058 2093 1314 2149 ἀνθρώποις
1351 2096 1408 2149 μὴ
1448 2093 1519 2136 ἐπὶ

176 2164 324 2207 στάσει
361 2163 448 2207 τινὶ
485 2163 613 2220 φέροι
652 2164 811 2220 (πάντα
852 2165 935 2220 γὰρ
974 2163 1165 2223 ἐςόκεσαν
1207 2167 1435 2220 συμβουλῇ
1467 2171 1517 2220 τῇ

120 2247 155 2273 80
175 2233 345 2278 ἐκείνου
388 2232 665 2290 πράξοντες),
709 2236 822 2278 πολὺ
865 2242 1062 2291 κρεῖττον
1106 2236 1293 2290 ἡγεῖται,
1332 2238 1436 2291 πρίν
1477 2250 1518 2277 τι

173 2306 388 2361 νεώτερον
432 2305 475 2356 ἐξ
521 2305 657 2348 αὐτοῦ
701 2304 930 2361 γενέσθαι,
972 2307 1208 2362 προλαβὼν
1252 2306 1447 2359 ἀνελεῖν,
1491 2306 1517 2360 ἢ
