1732 2526
273 56 358 97 236
764 39 1127 90 APXAIOAorlAE

272 162 537 217 ἐπεδείξατο,
576 162 629 204 οὐ
670 164 809 217 μόνον
847 164 908 212 εἰς
944 165 1047 213 τοὺς
1091 164 1361 217 συμπολίτας
1399 161 1510 204 ἀλλὰ
1549 161 1622 204 καὶ

271 235 332 284 εἰς
363 236 466 283 τοὺς
498 241 724 287 συγγενεῖς
754 232 826 275 καὶ
858 236 1016 288 φίλους
1053 233 1320 276 ἀπαίδευτον
1362 234 1440 287 τὴν
1483 233 1621 288 ὀργὴν

273 305 483 360 ἐπαφιείς,
516 305 677 359 ὁμοίως
701 311 791 353 τοῖς
817 305 952 346 ἅπασι
978 303 1050 346 καὶ
1080 306 1209 359 μείζω
1236 304 1346 346 κακὰ
1373 303 1622 358 ἐντριβόμε-

272 392 347 425 νος
378 375 539 424 ἀδίκως
564 376 645 428 τὴν
671 377 884 429 τιμωρίαν
914 375 1268 429 εἰσπράττεσθαι,
1297 374 1436 430 ὀργὴν
1463 374 1624 428 ὁμοίως

271 450 332 495 εἵς
362 444 397 487 τ’
442 445 710 501 ἀνθρώπους
749 444 1014 499 ἐξαγριώσας
1051 443 1124 487 καὶ
1164 446 1311 494 θεούς.
1373 445 1518 499 <176>
1550 461 1623 486 τυ-

272 516 447 568 ραννίδι
474 516 556 571 γὰρ
584 514 637 557 οὐ
662 516 978 569 κερδαίνεσθαι
1003 517 1051 557 τὸ
1079 515 1165 568 ἡδὺ
1191 513 1295 557 οὐδὲ
1322 514 1422 569 μεθ’
1452 515 1623 570 ὕβρεως

270 586 438 641 ἀπόχρη
472 583 567 628 οὐδ’
605 586 666 634 εἰς
697 586 748 626 τὰ
779 587 978 640 χρήματα
1011 589 1286 640 λελυπῆσθαι
1317 584 1389 627 καὶ
1421 586 1619 640 γαμετάς,

272 656 382 698 ἀλλὰ
417 657 465 698 τὸ
497 663 584 697 πᾶν
616 655 772 710 κέρδος
810 655 857 697 ἐκ
887 661 966 697 τοῦ
1003 658 1262 712 πανοικεσίᾳ
1303 655 1622 712 διοχλουμένου

271 735 358 768 τῶν
385 726 572 782 ἐχθρῶν.
613 726 758 780 <177>
787 725 949 781 ἐχθρὸν
976 724 1024 767 δὲ
1050 727 1283 781 τυραννίδι
1313 733 1401 768 πᾶν
1426 728 1475 769 τὸ
1503 726 1623 768 ε’λεύ-

271 802 429 851 θερον,
462 798 523 845 εἰς
554 796 732 838 εὔνοιάν
769 794 808 837 τ’
854 795 1133 838 ἐκκαλεῖσθαι
1171 797 1309 851 αὐτὴν
1347 796 1419 839 καὶ
1450 805 1540 847 τοῖς
1572 797 1620 839 ἐν

273 867 407 924 ὀλίγῳ
446 865 696 921 τιθεμένοις
734 867 874 908 ὁπόσα
911 869 1183 909 πεπόνθοιεν
1223 867 1304 909 οὐκ
1342 869 1473 909 ἔστιν.
1537 867 1622 918 ἐξε-

271 938 529 992 πιστάμενοι
561 938 643 991 γὰρ
678 933 739 979 ὧν
772 937 1070 991 ἀναπλήσειαν
1096 945 1242 979 κακῶν
1275 939 1394 979 ἔστιν
1420 938 1511 993 οὕς,
1541 937 1622 980 κᾶν

274 1009 432 1050 ἐκεῖνοι
478 1010 821 1062 μεγαλοφρόνως
864 1010 1224 1063 καταφρονήματι
1273 1016 1465 1063 χρῶνται
1514 1010 1624 1064 πρὸς

272 1080 352 1133 τὴν
389 1079 541 1133 τύχην,
579 1077 704 1120 αὐτοὶ
742 1079 986 1120 λανθάνειν
1024 1078 1184 1127 αὑτοὺς
1222 1075 1284 1120 ὧν
1322 1079 1532 1135 πράξειαν
1564 1081 1622 1134 μὴ

274 1149 528 1202 δυνάμενοι,
561 1150 706 1202 μόνως
737 1149 995 1190 πιστεύουσι
1026 1150 1267 1202 κτήσεσθαι
1304 1156 1383 1191 τοῦ
1424 1149 1622 1192 ὑπόπτου

272 1222 320 1261 τὸ
366 1218 507 1273 ἀδεές,
553 1221 593 1260 εἰ
633 1222 857 1268 παντελῶς
901 1223 1106 1274 αἴρεσθαι
1157 1220 1398 1274 δυνηθεῖεν
1449 1221 1620 1270 αὐτούς.

272 1291 417 1344 <1Ῑ8>
448 1290 660 1331 τοιούτων
694 1291 747 1344 δὴ
775 1297 920 1331 κακῶν
947 1289 1263 1344 ἀπογεγονότες
1294 1289 1366 1332 καὶ
1398 1291 1623 1341 ὑποτελεῖς

273 1360 478 1413 ἀλλήλοις
518 1361 828 1414 καταστάντες,
860 1361 986 1415 αἴπερ
1025 1364 1257 1403 πολιτειῶν
1304 1361 1622 1416 ἐχεγγυώταται

272 1433 380 1483 πρός
412 1446 455 1471 τε
483 1432 530 1472 τὸ
557 1432 699 1485 παρὸν
726 1431 889 1472 εὔνουν
915 1430 986 1472 καὶ
1013 1433 1061 1473 τὸ
1089 1428 1221 1481 αὖθις
1247 1431 1621 1487 ἀνεπιβούλευτον

271 1499 343 1542 καὶ
387 1502 495 1555 πρὸς
540 1501 674 1552 δόξαν
719 1503 885 1543 οἰκείαν
923 1508 982 1558 τῷ
1022 1501 1284 1559 ὀρθουμένῳ
1323 1509 1397 1556 τῆς
1439 1505 1620 1557 πόλεως,

274 1572 440 1613 δίκαιοί
469 1571 561 1613 ἐστε
593 1578 838 1626 προνοῆσαι
877 1573 968 1628 ἰδία
1006 1573 1053 1614 τὸ
1087 1574 1148 1622 εἰς
1185 1573 1509 1627 κοινὴνάὐτοῦ
1541 1575 1621 1629 τὴν

273 1642 490 1697 ὠφέλειαν
534 1642 760 1696 ἀπαντῶν,
802 1643 827 1697 ἢ
871 1641 942 1684 καὶ
986 1642 1385 1698 ἀνταποφήνασθαι
1428 1646 1622 1699 γνώμην,

271 1713 414 1765 <179>
448 1707 514 1762 οἷς
545 1715 603 1767 μὴ
630 1712 857 1767 ἀρέσκοιτο
884 1714 935 1755 τὰ
968 1713 1306 1769 προεισηγμένα,
1333 1714 1536 1769 οὐδαμῶς
1561 1717 1622 1765 εἰς

271 1783 486 1824 κίνδυνον
517 1783 656 1837 φέρον
683 1784 755 1824 διὰ
781 1784 829 1825 τὸ
857 1784 914 1838 μὴ
942 1785 1158 1838 δεσπότην
1184 1781 1296 1826 εἶναι
1331 1786 1408 1827 τὸν
1440 1784 1621 1839 ἐφεστη-

272 1855 391 1906 κότα,
424 1849 457 1909 ᾧ
491 1853 744 1895 ἀνεύθυνόν
776 1870 816 1895 τι
849 1855 1088 1909 βλάπτοντι
1120 1856 1200 1909 τὴν
1231 1857 1361 1897 πόλιν
1393 1854 1465 1897 καὶ
1491 1856 1619 1898 αὐτο-

272 1923 451 1977 κράτορι
496 1926 851 1978 μεταστήσασθαι
894 1927 996 1974 τοὺς
1049 1927 1282 1980 εἰρηκότας.
1346 1926 1501 1980 <18Ο>
1547 1925 1618 1968 καὶ

272 1993 453 2049 τέτροφε
486 1996 565 2048 τὴν
597 1996 840 2047 τυραννίδα
872 1993 1005 2037 οὐδὲν
1038 1995 1187 2051 ἕτερον
1218 1997 1333 2050 πλὴν
1359 1996 1385 2049 ἥ
1411 1993 1450 2037 τ’
1489 1996 1619 2050 ἀργία

271 2063 343 2106 καὶ
381 2067 429 2106 τὸ
468 2066 576 2119 πρὸς
614 2063 747 2106 οὐδὲν
786 2074 874 2107 τῶν
913 2066 1057 2121 ἐκείνῃ
1095 2065 1352 2121 θελομένων
1392 2065 1619 2124 ἀντιλογίᾳ

271 2136 520 2189 χρώμενον·
555 2135 699 2188 <181>
733 2142 808 2189 τῆς
840 2137 923 2191 γὰρ
956 2138 1131 2191 εἰρήνης
1163 2143 1241 2179 τοῦ
1266 2142 1454 2191 τερπνοῦ
1486 2137 1618 2191 ἡττώ-

1659 455 1675 481 5

1642 810 1673 834 10

1643 1163 1676 1188 15

1641 1516 1674 1541 20

1639 1869 1672 1894 25

272 2221 397 2260 μενοι
440 2204 512 2248 καὶ
557 2208 859 2260 μεμαθηκότες
902 2207 1195 2261 ἀνδραπόδων
1239 2206 1286 2248 ἐν
1335 2209 1482 2264 τρόπῳ
1528 2209 1616 2262 ζῆν,
1636 2221 1671 2246 30

274 2277 429 2319 ὁπόσοι
467 2274 503 2317 ‘c'
551 2275 776 2331 ἐπάθομεν
815 2278 1045 2333 συμφορὰς
1086 2276 1350 2332 ἀνηκέστους
1387 2284 1535 2328 κακοῖς
1572 2293 1616 2320 τε
