1732 2526
591 79 1000 112 EHTAKAIAEKATH
1385 78 1469 120 129

119 198 245 229 σαντι
277 185 376 241 περὶ
408 192 482 241 τῆς
514 187 617 240 ὅλης
649 185 802 240 ἀρχῆς·
836 184 907 227 καὶ
939 187 1079 242 τούτῳ
1122 184 1202 240 μὲν
1244 188 1265 240 ἥ
1305 202 1348 228 τε
1383 191 1472 229 Πε-

119 260 221 313 ραιά
253 256 325 300 καὶ
357 259 405 300 τὸ
438 259 677 298 Γαλιλαῖον
703 255 960 311 ὑπετέλουν,
986 257 1104 312 φορά
1130 254 1167 297 τ’
1197 255 1253 312 ἣν
1279 258 1471 299 τάλαντα

119 329 323 371 διακόσια
354 330 402 371 τὸ
437 325 501 370 ἐπ’
540 329 647 381 ἔτος,
680 327 825 382 <319>
851 330 1077 369 Βαταναία
1110 326 1157 369 δὲ
1184 330 1267 369 σὺν
1294 331 1471 384 Τραχω-

117 400 253 441 νίτιδι
284 397 357 441 καὶ
389 398 631 453 Αὐρανῖτις
663 399 746 440 σύν
777 413 865 440 τινι
897 397 1019 453 μέρει
1052 402 1177 440 οἴκου
1216 405 1294 440 τοῦ
1328 402 1471 453 Ζηνο-

80 484 97 509 5
118 470 266 523 δώρου
299 467 539 523 λεγομένου
574 470 779 525 Φιλίππῳ
812 469 1002 510 τάλαντα
1029 467 1184 511 ἑκατὸν
1210 467 1472 524 προσέφερε.

116 541 168 581 τὰ
201 538 243 581 δ’
266 538 482 597 Ἀρχελάῳ
509 543 822 593 συντελοῦντα,
850 537 1074 594 Ἰδουμαία
1104 555 1149 581 τε
1181 538 1253 581 καὶ
1273 538 1471 581 Ἰουδαία

115 613 165 652 τό
192 626 236 652 τε
258 611 599 666 Σαμαρειτικόν,
625 610 833 665 τετάρτου
865 609 1027 665 μέρους
1053 606 1175 652 οὗτοι
1201 617 1289 652 τῶν
1315 612 1469 665 φόρων

113 679 434 735 παραλέλυντο,
466 682 689 736 Καίσαρος
721 681 870 731 αὐτοῖς
910 682 1120 736 κούφισιν
1157 679 1470 736 ψηφισαμένου

115 752 189 793 διὰ
221 753 269 793 τὸ
302 752 360 806 μὴ
394 757 722 805 συναποστῆναι
754 757 805 807 τῇ
838 755 969 807 λοιπῇ
1001 752 1183 806 πληθύι.
1221 752 1365 806 <320>
1396 750 1469 793 καὶ

61 837 95 861 10
114 819 230 876 ἦσαν
274 825 425 872 πόλεις
469 824 517 864 αἳ
552 819 769 879 Ἀρχελάῳ
814 821 1078 876 ὑπετέλουν,
1116 823 1380 875 Στράτωνός
1423 838 1470 864 τε

112 894 280 948 πύργος
311 892 384 936 καὶ
411 894 615 948 Σεβαστὴ
650 896 733 935 σὺν
749 892 866 949 Ἰόπῃ
892 892 1317 949 καὶἹεροσολύμοις·
1352 892 1468 943 Γάζα

112 964 195 1019 γὰρ
229 962 301 1006 καὶ
335 964 514 1019 Γάδαρα
546 963 619 1006 καὶ
639 963 793 1014 Ἵππος
813 963 1068 1019 Ἑλληνίδες
1106 962 1191 1006 εἰσὶ
1222 966 1385 1018 πόλεις,
1418 964 1469 1013 ἃς

111 1033 361 1091 ἀπορρήξας
405 1035 542 1077 αὐτοῦ
581 1041 656 1090 τῆς
694 1037 950 1090 διοικήσεως
994 1037 1163 1089 Συρίας
1203 1036 1468 1089 προσθήκην

110 1112 311 1147 ποιεῖται.
367 1104 552 1162 προσῄει
609 1104 652 1147 δ’
703 1104 921 1163 Ἀρχελάῳ
965 1106 1083 1161 φορὰ
1132 1105 1366 1161 χρημάτων
1416 1106 1465 1148 τὸ

58 1189 90 1215 15
109 1173 200 1217 κατ’
240 1175 445 1219 ἐνιαυτὸν
477 1177 538 1226 εἰς
576 1176 766 1219 τάλαντα
806 1175 1008 1227 ἑξακόσια
1044 1175 1086 1226 ἐξ
1124 1173 1174 1229 ἧς
1216 1174 1466 1231 παρέλαβεν

111 1245 255 1302 ἀρχῆς.

191 1317 337 1371 <321>
375 1316 448 1360 καὶ
485 1319 587 1360 τάδε
629 1316 709 1373 μὲν
747 1325 840 1367 τοῖς
863 1316 1070 1374 σΗρώδου
1111 1316 1226 1360 υἱέσι
1258 1324 1346 1359 τῶν
1378 1331 1460 1359 πα·
1485 1327 1506 1359 5

109 1385 264 1444 τρῳ’ων
295 1395 460 1445 παρῆν·
492 1390 688 1445 Σαλώμῃ
728 1387 775 1431 δὲ
807 1391 916 1445 πρὸς
953 1383 1020 1439 οἷς
1051 1388 1242 1444 ἁδελφὸς
1284 1388 1332 1430 ε’ν
1368 1395 1464 1438 ταῖς

109 1459 346 1513 διαθήκαις
377 1458 586 1514 ἀπονέμει
619 1458 829 1515 (Ἰάμνεια
862 1457 901 1501 δ’
939 1456 994 1513 ἧν
1025 1465 1161 1502 ταῦτα
1192 1457 1464 1510 καὶἌζωτος

55 1542 89 1568 20
108 1527 182 1570 καὶ
216 1528 442 1583 Φασαηλὶς
473 1529 545 1572 καὶ
577 1530 793 1585 ἀργυρίου
820 1530 1035 1585 ἐπισήμου
1062 1530 1274 1586 μυριάδες
1304 1532 1462 1584 πεντή-

108 1599 263 1654 κοντα)
296 1602 469 1655 Καῖσαρ
501 1603 718 1656 χαρίζεται
755 1599 827 1642 καὶ
865 1602 946 1655 τὴν
985 1600 1033 1643 ἐν
1059 1598 1303 1643 Ἀσκάλωνι
1335 1602 1461 1655 βασί-

107 1673 229 1712 λειον
261 1674 446 1725 οἴκησιν.
508 1668 563 1725 ἦν
597 1669 644 1713 δὲ
677 1670 749 1713 καὶ
781 1672 916 1727 ταύτῃ
948 1673 1168 1725 πρόσοδος
1200 1671 1246 1713 ἐκ
1281 1671 1461 1714 πάντων

107 1740 298 1782 τάλαντα
341 1739 548 1795 ἑξήκοντα
581 1739 646 1783 ἐπ’
683 1743 791 1794 ἔτος,
823 1740 895 1783 καὶ
933 1742 1066 1796 αὐτῆς
1103 1742 1126 1784 ὁ
1165 1738 1284 1792 οἶκος
1314 1739 1371 1796 ἦν
1411 1741 1460 1784 ἐν

107 1817 157 1866 τῇ
175 1810 410 1867 Ἀρχελάου
443 1811 564 1867 ἀρχῇ.
609 1812 754 1867 <322>
786 1814 1036 1867 κομίζονται
1068 1810 1113 1854 δὲ
1144 1811 1217 1854 καὶ
1243 1813 1290 1855 οἱ
1311 1812 1459 1855 λοιποὶ

52 1895 85 1921 25
107 1888 187 1924 τοῦ
213 1881 427 1937 βασιλέως
452 1890 680 1937 συγγενεῖς
706 1883 845 1926 ὁπόσα
871 1884 920 1925 αἱ
942 1884 1152 1938 διαθῆκαι
1179 1885 1458 1938 διηγόρευον.

107 1950 209 1994 δυσὶ
242 1951 280 1994 δ’
318 1952 455 1996 αὐτοῦ
487 1954 736 2008 θυγατράσι
767 1952 1023 2010 παρθένοις,
1056 1952 1188 2009 χωρὶς
1226 1950 1288 1995 ὧν
1321 1954 1344 1997 ὁ
1376 1969 1457 1996 πα-

105 2023 185 2078 τὴρ
217 2022 433 2078 κατέλιπε,
466 2026 638 2079 Καῖσαρ
672 2022 851 2081 ἑκατέρα
884 2025 1055 2080 δωρεὰν
1082 2023 1273 2066 ἐπετίθει
1299 2025 1457 2080 μυριά-

106 2094 185 2143 δας
234 2093 318 2136 άνὰ
364 2093 491 2137 πέντε
535 2094 608 2137 καὶ
651 2099 789 2138 εἴκοσι
830 2095 1045 2151 ἀργυρίου
1095 2093 1339 2150 ἐπισήμου,
1382 2094 1456 2138 καὶ

105 2162 351 2222 συνῴκισεν
383 2166 518 2215 αὐτὰς
548 2172 638 2215 τοῖς
666 2166 851 2222 Φερώρα
882 2164 1007 2208 υἱέσι.
1054 2165 1198 2220 <323>
1238 2168 1455 2222 χαρίζεται

49 2248 85 2274 30
106 2232 155 2276 δὲ
185 2234 258 2277 καὶ
289 2236 429 2278 ὁπόσα
461 2236 578 2293 αὐτῷ
609 2235 916 2279 καταλέλειπτο
948 2243 1039 2286 τοῖς
1069 2235 1194 2279 παισὶ
1219 2243 1298 2279 τοῦ
1330 2239 1454 2291 βασι-

105 2304 227 2360 λέως,
265 2307 370 2349 ὄντα
406 2310 706 2350 πεντακοσίων
743 2308 971 2350 ταλάντων
1007 2306 1080 2349 καὶ
1111 2309 1282 2362 χιλίων,
1326 2307 1455 2362 ὀλίγα

175 2382 344 2409 ΙοεΕΡΗσε.
382 2383 435 2410 IV.
1220 2379 1240 2410 9
