1732 2526
253 75 273 114 1
281 75 338 115 44
744 77 1110 110 ΑΡΧΑΙΟΛΟΓΙΑΣ

245 178 536 238 Ἀρσακιδῶν·
583 183 636 226 οὐ
669 184 752 239 γὰρ
787 182 950 240 ἑτέροις
982 186 1133 241 ἄρχειν
1170 182 1403 240 νόμιμον),
1442 182 1617 240 ἀπέχρη.

249 251 297 295 δὲ
341 254 551 304 πολλάκις
593 253 666 296 καὶ
710 253 837 311 με’χρι
877 261 963 297 νῦν
1003 257 1321 311 περιυβρίσθαι
1360 255 1442 308 τὴν
1483 257 1608 310 βασι-

246 326 370 366 λείαν
403 326 450 367 ἐκ
483 341 527 367 τε
560 325 714 381 γάμων
744 332 820 381 τῆς
846 324 1059 380 Ἰταλικῆς
1089 326 1359 375 παλλακίδος
1383 324 1455 367 καὶ
1487 325 1607 380 γενέ-

247 406 385 451 σεων,
424 391 621 451 Ὀρώδην
667 396 855 439 ἐκάλουν
899 398 1270 453 πρεσβεύσαντες,
1321 394 1413 438 ὄντ’
1464 397 1608 448 ἄλλως

245 463 326 520 μὲν
372 465 624 522 ἐπίφθονον
668 468 786 523 παρὰ
829 472 888 523 τῷ
932 470 1094 522 πλήθει
1138 466 1210 509 καὶ
1250 467 1454 509 ὑπαίτιον
1497 471 1600 509 καθ’
1642 481 1658 507 5

244 537 493 592 ὑπερβολὰς
520 538 742 592 ὠμότητος
775 538 911 593 (πάνυ
939 539 1021 594 γὰρ
1054 536 1109 593 ἦν
1136 539 1289 588 σκαιὸς
1319 536 1392 580 καὶ
1425 538 1606 580 δυσδιά-

243 612 374 658 θετος
414 611 474 659 εἰς
513 608 693 665 ὀργήν),
735 608 812 651 ἕνα
853 606 901 651 δὲ
939 616 1027 652 τῶν
1067 609 1113 651 ἐκ
1150 616 1229 652 τοῦ
1260 607 1427 664 γε’νους.
1491 609 1605 664 <45>

243 684 404 721 τοῦτον
436 676 516 734 μὲν
550 680 603 734 δὴ
637 680 874 730 συστάντες
908 679 1259 734 ἀποκτείνουσιν,
1292 680 1350 730 ὡς
1381 677 1462 734 μὲν
1493 681 1611 723 ἔνιοί

243 761 396 804 φασιν,
429 749 477 791 ἐν
509 751 724 800 σπονδαῖς
755 749 829 792 καὶ
861 749 1089 806 τραπέζαις
1121 750 1490 806 (μαχαιροφορεῖν
1520 751 1604 806 γὰρ

244 821 348 870 ἔθος
381 820 585 876 ἅπασιν),
624 821 682 870 ὡς
714 819 753 862 δ’
793 822 816 864 ὁ
848 823 1012 864 πλείων
1043 819 1212 875 κατέχει
1245 823 1396 876 λόγος,
1428 822 1490 871 εἰς
1520 823 1603 875 θή-
1624 836 1657 861 10

244 906 328 944 ραν
360 894 701 947 προαγαγόντες.
753 892 869 947 <46>
900 892 1251 948 πρεσβεύσαντες
1277 887 1315 933 δ’
1347 893 1409 942 εἰς
1433 890 1602 948 Ῥώμην

240 959 429 1016 ᾐτοῦντο
463 962 646 1017 βασιλέα
679 970 767 1005 τῶν
800 963 1134 1018 ὁμηρευόντων,
1171 961 1244 1004 καὶ
1275 961 1486 1018 πέμπεται
1516 966 1602 1006 Βο-

242 1033 387 1087 νώνης
427 1033 688 1089 προκριθεὶς
727 1042 816 1076 τῶν
857 1033 1080 1089 ἀδελφῶν·
1132 1033 1275 1076 ἐδόκει
1316 1035 1398 1088 γὰρ
1439 1041 1601 1091 χωρεῖν

242 1103 323 1157 τὴν
355 1104 508 1159 τύχην,
539 1104 595 1158 ἣν
627 1105 744 1161 αὐτῷ
777 1106 859 1147 δύο
892 1104 1093 1160 μέγισται
1123 1112 1212 1147 τῶν
1243 1104 1329 1147 ὑπὸ
1362 1106 1440 1148 τὸν
1471 1106 1600 1160 ἥλιον

239 1173 472 1228 ἡγεμονίαι
497 1175 792 1231 προσέφερον,
819 1176 910 1217 ι’δία
936 1175 1009 1218 καὶ
1035 1175 1256 1232 ἀλλοτρία.
1307 1175 1423 1231 <47>
1447 1183 1598 1232 ταχεῖα
1618 1189 1652 1216 15

241 1243 281 1285 δ’
318 1244 545 1301 ἀνατροπὴ
584 1248 686 1296 τοὺς
723 1247 975 1302 βαρβάρους
1015 1247 1210 1301 ὕπεισιν,
1255 1247 1328 1288 ἅτε
1371 1245 1444 1288 καὶ
1488 1258 1596 1303 σφα-

241 1318 399 1368 λεροὺς
430 1318 562 1371 φύσει
596 1318 746 1371 ὄντας,
784 1319 893 1373 πρός
930 1333 974 1359 τε
1006 1319 1086 1372 τὴν
1118 1316 1468 1368 ἀναξιοπάθειαν
1501 1315 1597 1374 (ἀν-

238 1387 448 1445 δραπόδῳ
500 1388 582 1443 γὰρ
634 1387 849 1446 ἀλλοτρίῳ
899 1394 1079 1442 ποιῆσαι
1122 1389 1169 1430 τὸ
1214 1389 1596 1444 προσταττόμενον

237 1456 475 1513 ἀπηξίουν,
518 1459 598 1512 τὴν
643 1459 854 1514 ὁμηρείαν
900 1457 999 1500 ἀντὶ
1039 1460 1242 1509 δουλείας
1286 1458 1594 1516 ὀνομάζοντες)

235 1526 309 1569 καὶ
339 1534 415 1583 τῆς
448 1529 714 1584 ἐπικλήσεως
744 1530 825 1584 τὴν
858 1529 1056 1580 ἀδοξίαν·
1103 1530 1156 1572 οὐ
1194 1530 1277 1585 γὰρ
1311 1530 1365 1584 δὴ
1397 1529 1592 1585 πολέμου
1613 1543 1648 1569 20

237 1600 393 1657 δικαίῳ
433 1601 648 1642 δεδόσθαι
685 1602 761 1643 τὸν
799 1602 1120 1655 βασιλεύσοντα
1159 1601 1385 1656 Πάρθοις,
1429 1599 1523 1643 ἀλλ’
1568 1600 1592 1643 ὃ

234 1670 294 1726 τῷ
327 1670 460 1712 παντὶ
491 1678 661 1727 χεῖρον,
693 1672 870 1727 εἰρήνης
901 1672 1040 1728 ὕβρει.
1101 1671 1217 1726 <48>
1249 1677 1512 1727 παραχρῆμα
1545 1672 1585 1713 δ’

236 1739 424 1784 ἐκάλουν
456 1739 726 1798 Ἀρτάβανον
763 1743 943 1798 Μηδίας
980 1744 1294 1797 βασιλεύοντα,
1335 1741 1463 1796 γένος
1495 1741 1590 1799 Ἀρ-

235 1813 441 1854 σακιδῶν.
502 1814 703 1855 πείθεται
745 1811 783 1855 δ’
821 1811 1089 1869 Ἀρτάβανος
1128 1812 1201 1855 καὶ
1241 1813 1347 1868 μετὰ
1386 1819 1590 1869 στρατιᾶς

234 1884 413 1924 ἔπεισιν.
474 1883 727 1935 ὑπαντιάζει
773 1882 813 1926 δ’
861 1883 978 1941 αὐτῷ
1024 1885 1255 1939 Βονώνης,
1297 1882 1369 1926 καὶ
1413 1885 1461 1926 τὸ
1505 1881 1587 1938 μὲν
1608 1896 1641 1922 25

232 1960 409 2008 πρῶτον
442 1956 840 2010 συμφρονήσαντος
871 1955 988 2011 αὐτῷ
1018 1961 1097 1997 τοῦ
1122 1956 1324 2009 πλήθους
1349 1961 1438 1996 τῶν
1464 1955 1587 2010 Πάρ-

232 2028 332 2066 θων
363 2025 720 2079 παραταξάμενος
750 2031 866 2083 νικᾷ,
898 2024 971 2068 καὶ
1003 2026 1156 2080 φεύγει
1182 2026 1291 2081 πρὸς
1321 2026 1425 2075 τοὺς
1453 2025 1587 2080 ὅρους

232 2101 308 2149 τῆς
335 2096 513 2150 Μηδίας
538 2094 821 2151 Ἀρτάβανος·
863 2096 979 2151 <49>
1012 2095 1084 2138 καὶ
1109 2093 1201 2151 μετ’
1232 2097 1284 2139 οὐ
1311 2098 1423 2138 πολὺ
1452 2103 1586 2139 συνα-

231 2166 380 2220 γαγὼν
424 2168 593 2221 πολλὴν
638 2169 844 2223 στρατιὰν
890 2167 1131 2223 συμβάλλει
1174 2173 1234 2224 τῷ
1278 2168 1464 2224 Βονώνῃ
1512 2166 1586 2210 καὶ

231 2243 351 2293 νικᾷ,
396 2236 468 2279 καὶ
506 2239 717 2292 Βονώνης
759 2240 820 2288 εἰς
858 2239 1124 2281 Σελεύκειαν
1168 2238 1456 2293 ἀφιππάζεται
1500 2240 1585 2280 σὺν
1603 2250 1638 2276 30

232 2307 399 2361 ὀλίγοις
440 2315 530 2358 τοῖς
578 2307 679 2364 περὶ
722 2309 871 2352 αὑτόν.
939 2307 1204 2365 Ἀρτάβανος
1253 2306 1302 2350 δὲ
1345 2311 1488 2351 πολὺν
1533 2314 1584 2364 τῇ
