1732 2526
700 72 916 104 ΕΙΚοΣΤΗ
1399 72 1452 113 27
1460 72 1485 113 3

132 180 213 233 τὴν
245 177 384 234 ἀρχὴν
412 176 574 231 Ἰζάτην
606 175 697 232 μετ’
734 177 971 232 ἀσφαλείας
1001 187 1251 234 κατασχεῖν·
1289 178 1486 235 φθαρέν-

131 265 220 290 των
258 249 341 304 γὰρ
382 247 562 290 ἐκείνων
600 250 1013 302 καθαιρεθήσεσθαι
1052 250 1193 290 πάντα
1231 251 1308 292 τὸν
1340 252 1486 305 φόβον

130 321 208 361 τὸν
246 319 330 362 ὑπὸ
369 321 524 373 μίσους
561 324 641 360 τοῦ
679 316 778 372 παρ’
824 319 970 360 αὐτῶν
1009 318 1079 361 καὶ
1119 322 1296 374 φθόνου
1338 322 1486 374 γιγνό-

130 405 275 444 μενον.
339 389 453 443 <30>
490 390 599 443 πρὸς
636 387 765 431 ταῦθ’
810 389 835 443 ἡ
862 387 1015 443 Ἑλένη
1058 390 1186 444 χάριν
1224 388 1303 444 μὲν
1337 390 1485 440 αὐτοῖς

94 475 110 500 5
130 461 347 515 ὡμολόγει
372 466 447 514 τῆς
472 461 580 515 πρὸς
606 459 745 514 αὐτὴν
771 458 842 501 καὶ
868 461 946 502 τὸν
966 458 1132 514 Ἰζάτην
1159 460 1334 510 εὐνοίας
1354 462 1485 516 ἔχειν,

128 534 373 585 παρακαλεῖ
401 527 440 572 δ’
477 530 594 585 ὅμως
632 529 824 586 ἐπισχεῖν
863 531 943 584 τὴν
981 529 1081 585 περὶ
1113 536 1188 584 τῆς
1219 529 1484 586 ἀναιρέσεως

127 609 216 643 τῶν
248 600 454 657 ἀδελφῶν
487 601 683 654 γνώμην,
716 598 841 655 μέχρι
868 599 923 642 ἂν
944 598 1103 654 Ἰζάτης
1127 603 1484 656 παραγενόμενος

128 672 442 727 συνδοκιμάσῃ.
506 672 632 725 (31)
678 673 723 713 οἳ
765 669 804 712 δ’
852 669 943 712 ἐπεὶ
987 670 1161 712 ἀνελεῖν
1206 667 1232 726 ᾖ
1278 671 1484 725 ἐβουλεύ-

128 753 262 785 σαντο
296 742 376 784 οὐκ
410 744 608 796 ἔπεισαν,
641 741 880 796 φυλάττειν
913 741 1076 791 αὐτοὺς
1109 742 1314 796 δεσμίους
1345 740 1484 798 παρῄ-

75 828 108 853 ιο
127 829 239 855 νουν
271 812 397 869 μέχρι
428 818 503 867 τῆς
535 811 705 854 ἐκείνου
737 814 981 867 παρουσίας
1005 810 1115 867 ὑπὲρ
1143 811 1381 867 ἀσφαλείας
1406 818 1484 866 τῆς

127 882 312 926 ἑαυτῶν·
359 884 686 938 συνεβούλευον
719 879 761 924 δ’
800 882 907 938 αὐτῇ
947 883 1106 938 μεταξὺ
1144 885 1486 937 προστήσασθαί

125 970 224 996 τινα
255 960 329 1008 τῆς
360 954 494 1010 ἀρχῆς
527 953 775 1008 ἐπίτροπον,
810 950 842 1011 ᾧ
876 954 1063 1009 μάλιστα
1093 955 1304 996 πιστεύοι.
1368 955 1481 1007 <32>

125 1027 324 1067 πείθεται
362 1026 534 1075 τούτοις
573 1026 596 1079 ἡ
630 1023 805 1079 Ἑλένη,
849 1023 922 1066 καὶ
959 1027 1195 1079 καθίστησι
1228 1026 1312 1070 4τὸν
1351 1035 1481 1077 πρεσ-

124 1096 314 1150 βύτατον
346 1096 480 1137 παῖδα
510 1097 776 1150 Μονόβαζον
808 1095 1007 1149 βασιλέα,
1039 1099 1272 1150 περιθεῖσα
1303 1096 1352 1136 τὸ
1387 1095 1481 1136 διά-

72 1180 104 1206 15
127 1167 242 1221 δημα
274 1165 345 1208 καὶ
377 1167 517 1208 δοῦσα
548 1167 625 1209 τὸν
659 1171 913 1221 σημαντῆρα
946 1172 1024 1208 τοῦ
1053 1167 1217 1221 πατρὸς
1243 1165 1481 1207 δακτύλιον

123 1239 204 1291 τήν
242 1253 286 1279 τε
325 1238 560 1292 σαμψήραν
594 1235 921 1292 ὀνομαζομένην
953 1235 1055 1291 παρ’
1094 1237 1260 1288 αὐτοῖς,
1295 1237 1480 1278 διοικεῖν

124 1323 168 1349 τε
212 1308 292 1362 τὴν
336 1310 563 1362 βασιλείαν
607 1305 827 1363 παρῄνεσε
873 1307 998 1363 μέχρι
1043 1313 1118 1361 τῆς
1162 1313 1240 1348 τοῦ
1284 1306 1480 1361 ἀδελφοῦ

123 1381 377 1433 παρουσίας.
439 1379 553 1433 <33>
591 1375 665 1432 ἧκε
706 1376 744 1419 δ’
784 1375 912 1427 οὗτος
949 1377 1132 1433 ταχέως,
1170 1376 1361 1426 ἀκούσας
1398 1378 1479 1431 τὴν

123 1456 202 1491 τοῦ
233 1450 395 1504 πατρὸς
425 1451 648 1503 τελευτήν,
680 1447 751 1490 καὶ
780 1447 1027 1504 διαδέχεται
1053 1450 1131 1490 τὸν
1158 1447 1353 1503 ἀδελφὸν
1380 1449 1478 1489 Μο-

71 1534 105 1559 20
124 1522 313 1574 νόβαζον
344 1520 617 1562 ὑπεκστάντα
649 1526 724 1574 τῆς
755 1519 888 1575 ἀρχῆς
920 1520 1048 1576 αὐτῷ.

213 1592 328 1645 <34>
360 1589 462 1633 καθ’
495 1591 546 1632 ὃν
580 1588 627 1632 δὲ
658 1592 814 1645 καιρὸν
848 1590 870 1632 ὁ
897 1589 1057 1644 Ἰζάτης
1084 1589 1132 1631 ἐν
1157 1594 1215 1646 τῷ
1244 1592 1476 1631 Σπασίνου

122 1661 279 1716 χάρακι
307 1660 538 1716 διέτριβεν,
559 1657 773 1710 Ἰουδαῖός
792 1677 856 1710 τις
877 1663 1080 1716 ἔμπορος,
1101 1658 1303 1709 Ἀνανίας
1323 1661 1476 1714 ὄνομα,

121 1733 232 1785 πρὸς
262 1732 338 1781 τὰς
369 1739 579 1786 γυναῖκας
610 1732 760 1773 εἰσιὼν
792 1738 871 1774 τοῦ
897 1730 1111 1786 βασιλέως
1137 1730 1367 1772 ἐδίδασκεν
1399 1731 1475 1772 αὐ-

122 1802 198 1852 τὰς
238 1804 314 1845 τὸν
349 1804 460 1845 θεὸν
496 1805 642 1858 σεβεῖν
679 1803 736 1852 ὡς
765 1800 999 1851 Ἰουδαίοις
1029 1801 1215 1855 πάτριον
1243 1798 1317 1855 ἦν’
1360 1802 1498 1856 <35>·

70 1886 104 1911 25
123 1871 196 1914 καὶ
237 1874 290 1927 δὴ
334 1871 395 1915 δι’
440 1873 586 1915 αὐτῶν
626 1874 688 1922 εἰς
729 1880 894 1927 γνῶσιν
936 1872 1201 1927 ἀφικόμενος
1241 1879 1300 1928 τῷ
1338 1870 1474 1928 Ἰζάτῃ

122 1942 328 1986 κάκεῖνον
374 1944 534 1998 ὁμοίως
579 1942 887 1997 συνανέπεισε,
933 1941 1250 1998 μετακληθέντι
1292 1940 1338 1983 θ’
1387 1943 1473 1985 ὑπὸ

122 2015 399 2072 τοῦπατρὸς
437 2016 500 2064 εἰς
535 2015 616 2069 τὴν
643 2013 909 2069 Ἀδιαβηνὴν
949 2013 1190 2067 συνεξῆλθε
1229 2013 1337 2054 κατὰ
1368 2016 1473 2054 πολ-

123 2085 206 2139 λὴν
237 2085 490 2134 ὑπακούσας
522 2084 685 2139 δέησιν.
749 2086 1033 2139 συνεβεβήκει
1067 2082 1114 2126 δὲ
1146 2082 1217 2125 καὶ
1248 2084 1329 2137 τὴν
1354 2081 1472 2125 ‘Em'-

122 2171 227 2210 νην,
266 2156 428 2210 ὁμοίως
459 2154 534 2211 ὑφ’
574 2154 724 2210 ἑτέρου
761 2157 880 2205 τινὸς
906 2153 1471 2208 Ἰουδαίουδιδαχθεῖσαν,

67 2237 104 2264 30
123 2227 185 2276 εἰς
215 2227 319 2276 τοὺς
350 2225 532 2268 ἐκείνων
570 2228 939 2281 μετακεκομίσθαι
975 2227 1152 2280 νόμους.
1214 2224 1327 2277 <36>
1361 2224 1384 2265 ὁ
1423 2221 1472 2265 δὲ

116 2295 276 2351 Ἰζάτης
301 2297 359 2347 ὡς
383 2295 600 2352 παρέλαβε
626 2298 706 2351 τὴν
731 2298 975 2350 βασιλείαν,
1007 2295 1273 2350 ἀφικόμενος
1299 2295 1360 2343 εἰς
1389 2294 1472 2348 τὴν

195 2372 364 2398 ΙοεεΡΗυε.
401 2373 456 2399 IV.
1214 2366 1256 2397 18
