1732 2526
223 54 308 96 202
715 53 1076 88 APXAIOAOPIAE

222 161 280 215 μὴ
311 159 611 216 προάρξαντος
642 159 810 203 ἀδικεῖν
832 160 1050 211 Ἀνιλαῖος
1080 160 1274 216 ἄρξαιτο,
1306 159 1377 203 καὶ
1409 163 1600 219 παρόν--

222 247 296 281 τος
329 238 405 273 τοῦ
438 231 679 286 ἀξιώματος
710 232 949 286 ὑπεριδών,
983 231 1137 281 ἱππέας
1166 233 1428 286 συναγαγὼν
1454 235 1574 274 πλεί-

223 314 354 352 στους
379 303 510 352 ὅσους
537 301 739 355 ἐδύνατο,
765 301 837 343 καὶ
863 309 950 343 τῶν
976 304 1192 343 πλείστων
1218 303 1320 351 τοὺς
1340 301 1387 343 ἐν
1412 302 1573 360 ἡλικία,

220 378 366 427 παρῆν
399 373 457 422 ὡς
488 373 741 427 προσμίξων
773 379 864 422 τοῖς
894 371 993 427 περὶ
1026 374 1103 414 τὸν
1131 370 1365 415 Ἀνιλαῖον.
1422 372 1493 414 καὶ
1527 375 1574 415 ἔν

221 460 308 485 τινι
340 445 462 498 κώμῃ
501 451 589 485 τῶν
628 443 764 485 αὑτοῦ
801 443 1028 498 κατασχὼν
1067 443 1279 497 ἡσύχαζεν
1312 444 1369 492 ὡς
1400 449 1450 498 τῇ
1484 442 1574 485 ε’πι-

222 515 333 569 ούσῃ
365 515 639 569 μαχούμενος
673 514 744 555 διὰ
776 515 824 555 τὸ
857 510 971 554 εἶναι
1004 513 1247 568 σάββατον,
1285 513 1452 568 ἡμέραν
1484 522 1576 563 τοῖς

218 582 448 634 Ἰουδαίοις
486 584 533 626 ἐν
573 584 702 640 ἀργία
742 583 1022 638 διαγομένην.
1090 584 1234 637 <355>
1270 582 1490 633 Ἀνιλαῖος
1527 582 1575 625 δὲ

221 661 357 697 ταῦτα
396 657 651 709 πυθόμενος
691 652 791 710 παρ’
837 654 999 709 ἀνδρὸς
1039 655 1193 710 Σύρου
1235 654 1490 710 ἀλλοφύλου
1532 654 1574 705 ἐξ

223 724 370 781 ἑτέρας
406 727 573 780 κώμης,
610 726 662 766 τά
701 723 736 766 τ’
775 726 885 766 ἄλλα
923 725 1166 780 φράζοντος
1203 725 1393 780 ἀκριβῶς
1425 724 1495 766 καὶ
1527 727 1575 766 τὸ

221 799 385 851 χωρίον
425 798 536 837 ἔνθα
575 796 860 851 ,Μιθριδάτης
897 797 1054 850 ἤμελλε
1094 797 1357 850 δαίνυσθαι,
1402 797 1575 838 δειπνο-

222 867 516 921 ποιησάμενος
552 865 654 908 καθ’
697 867 817 921 ὥραν
856 868 1018 920 ἤλαυνε
1062 868 1218 916 νυκτὸς
1259 866 1449 920 ἀμαθέσι
1489 874 1577 908 τῶν

221 935 502 992 ποιουμένων
528 935 699 993 χρῄζων
726 945 818 987 τοῖς
844 940 1127 993 Παρθυαίοις
1153 936 1387 979 ἐπιπεσεῖν.
1432 937 1577 991 <356>

222 1007 295 1049 καὶ
338 1009 437 1063 περὶ
476 1009 681 1062 φυλακὴν
725 1008 933 1063 τετάρτην
980 1007 1198 1050 ἐπιπεσὼν
1245 1010 1347 1057 τοὺς
1390 1005 1469 1062 μὲν
1515 1009 1577 1049 ἔτι

222 1078 525 1132 κοιμωμένους
575 1078 767 1133 ἀναιρεῖ,
815 1080 919 1128 τοὺς
969 1077 1008 1119 δ’
1056 1079 1118 1128 εἰς
1166 1079 1315 1133 φυγὴν
1365 1077 1577 1133 τρέπεται.

222 1150 515 1204 Μιθριδάτην
548 1147 596 1190 δὲ
631 1152 790 1205 ζωγρίᾳ
817 1149 966 1203 λαβὼν
992 1146 1098 1203 ἦγεν
1125 1150 1182 1199 ὡς
1208 1149 1342 1191 αὑτὸν
1369 1145 1436 1190 ἐπ’
1469 1150 1578 1191 ὄνου

222 1222 394 1274 γυμνὸν
433 1219 728 1275 ἀναθέμενος,
769 1220 878 1274 ἥπερ
917 1219 1101 1274 ἀτιμιῶν
1139 1222 1319 1274 μεγίστη
1358 1221 1577 1274 νομίζεται

222 1291 340 1345 παρὰ
367 1293 660 1346 Παρθυαίοις.
716 1291 860 1345 <357>
892 1291 1150 1343 καταγαγὼν
1184 1288 1221 1332 δ’
1261 1291 1323 1339 εἰς
1354 1291 1434 1344 τὴν
1466 1290 1578 1344 ὕλην

224 1362 331 1415 μετὰ
357 1360 528 1403 τοιοῦδ’
561 1361 845 1416 ὑβρίσματος,
877 1363 1147 1403 κελευόντων
1173 1369 1261 1402 τῶν
1287 1363 1429 1416 φίλων
1457 1360 1579 1402 ἀναι-

225 1441 319 1487 ρεῖν
364 1434 441 1474 τὸν
480 1433 790 1487 Μιθριδάτην,
836 1431 1124 1473 ἀνεδίδασκεν
1169 1432 1329 1481 αὐτοὺς
1373 1432 1579 1473 σπεύδων

225 1503 356 1553 αὐτὸς
394 1503 589 1545 ἐναντία·
641 1505 698 1557 μὴ
738 1503 820 1555 γὰρ
860 1505 1003 1551 καλῶς
1040 1503 1154 1557 ἔχειν
1197 1501 1395 1557 ἀναιρεῖν
1437 1503 1579 1557 ἄνδρα

224 1574 382 1628 γένους
412 1573 448 1615 τ’
488 1575 594 1616 ὄντα
626 1580 705 1615 τοῦ
737 1575 914 1629 πρώτου
939 1573 1056 1627 παρὰ
1083 1575 1365 1626 Παρθυαίοις
1389 1572 1461 1614 καὶ
1489 1572 1579 1614 ε’πι-

225 1648 359 1701 γαμία
385 1651 435 1699 τῇ
461 1646 570 1699 πρὸς
595 1645 672 1686 τὸν
697 1643 880 1698 βασιλέα
907 1645 1115 1699 μειζόνως
1139 1645 1398 1698 τιμώμενον.
1432 1644 1578 1697 <358>

225 1722 310 1757 νῦν
351 1713 430 1769 μὲν
471 1716 554 1770 γὰρ
595 1714 754 1756 ἀνεκτὰ
795 1712 908 1756 εἶναι
949 1715 1001 1756 τὰ
1041 1713 1340 1769 πεπραγμένα·
1382 1713 1451 1756 καὶ
1495 1715 1578 1769 γὰρ

227 1787 266 1827 εἰ
307 1787 614 1841 περιύβρισται
652 1786 960 1840 Μιθριδάτης,
1005 1782 1098 1826 ἀλλ’
1147 1781 1229 1826 οὖν
1271 1787 1462 1841 σωτηρία
1505 1791 1580 1838 τῆς

225 1862 368 1911 ψυχῆς
412 1856 782 1911 εὐεργετούμενον
825 1856 1001 1911 χάριτος
1047 1858 1349 1910 μεμνήσεσθαι
1393 1863 1483 1905 τοῖς
1527 1856 1578 1896 τὰ

225 1927 373 1968 τοιάδε
405 1933 698 1982 παρασχοῦσι·
738 1928 883 1981 <359>
915 1929 1139 1976 παθόντος
1171 1926 1223 1968 δέ
1250 1942 1290 1968 τι
1322 1925 1579 1980 ἀνήκεστον,

229 1998 310 2039 οὐκ
342 1996 603 2052 ἀτρεμήσειν
635 1996 818 2051 βασιλέα
856 1999 913 2052 μὴ
953 1997 1006 2039 οὐ
1044 1997 1236 2051 μεγάλην
1268 1998 1444 2051 σφαγὴν
1471 1995 1580 2038 Ἰου-

229 2070 367 2110 δαίων
405 2075 493 2109 τῶν
533 2068 580 2109 ἐν
612 2070 850 2122 Βαβυλῶνι
887 2070 1206 2123 ποιησόμενον,
1247 2064 1308 2109 ὧν
1346 2068 1580 2122 φείδεσθαι

227 2142 371 2188 καλῶς
412 2140 527 2194 ἔχειν
570 2139 642 2179 διά
684 2155 728 2180 τε
770 2141 850 2193 τὴν
896 2137 1156 2193 συγγένειαν
1197 2137 1267 2180 καὶ
1311 2138 1384 2179 διὰ
1427 2140 1475 2180 τὸ
1521 2139 1579 2192 μὴ

229 2209 515 2264 ἀποστροφὴν
559 2207 672 2251 εἶναι
716 2209 771 2251 ἂν
816 2209 964 2258 αὐτοῖς
1001 2211 1265 2263 πταίσματός
1305 2223 1424 2257 τινος
1454 2223 1580 2262 γενο-

228 2279 391 2334 μένου,
441 2281 489 2321 τὸ
540 2279 632 2321 κατ’
689 2279 884 2329 ἐκείνους
934 2279 1072 2333 ἀκμῆς
1119 2279 1288 2333 πληθύι
1337 2279 1579 2334 χρώμενον.

1596 810 1630 834 10

1599 1161 1632 1186 15

1599 1515 1632 1540 20

1599 1867 1632 1892 25

1599 2220 1634 2245 30
