1732 2526
142 465 160 491 5

125 818 159 843 10

126 1173 160 1199 15

123 1529 157 1555 20

124 1880 157 1906 25

124 2234 158 2259 30

649 64 1056 98 OKTQKAIAEKATH
1444 68 1526 108 151

181 175 303 226 λωμα
335 171 443 213 αὐτὰ
475 178 719 223 ποιοῦνται,
747 169 812 225 ἐφ’
845 171 949 225 ὅπερ
976 171 1048 213 καὶ
1074 175 1122 215 τὸ
1149 182 1323 227 πρῶτον
1354 175 1379 228 ἡ
1409 179 1529 229 αἴτη-

180 252 249 291 σις
281 241 522 297 ἐπράττετο.
561 242 675 295 <83>
707 240 779 283 καὶ
812 243 834 284 ὁ
874 241 1073 297 Τιβέριος
1106 243 1416 299 (ἀποσημαίνει
1443 247 1527 301 γὰρ

179 314 288 368 πρὸς
320 312 456 355 αὐτὸν
486 314 614 367 φίλος
646 312 708 354 ὢν
735 315 1038 367 Σατουρνῖνος
1070 320 1143 368 τῆς
1165 318 1388 365 Φουλείἀς
1413 317 1526 371 ἀνὴρ

181 382 410 437 ἐπισκήψει
441 388 516 436 τῆς
546 381 773 436 γυναικός)
805 384 972 424 κελεύει
1004 389 1091 424 πᾶν
1118 385 1165 425 τὸ
1183 382 1428 427 Ἰουδαϊκὸν
1454 393 1530 441 τῆς

175 451 334 507 Ῥώμης
360 452 665 509 ζάπελαθῆναι.
726 452 841 506 (84)
886 453 931 494 oc
969 452 1012 494 δ’
1061 454 1218 496 ὕπατοι
1264 468 1530 512 τετρακισχι-

181 526 303 572 λίους
334 523 498 576 ἄνδρας
530 521 571 572 ἐξ
606 521 752 564 αὐτῶν
785 526 1211 578 στρατολογήσαντες
1244 527 1441 580 ἔπεμψαν
1467 528 1530 576 εἰς

179 594 345 648 Σαρδὼ
377 594 458 646 τὴν
489 598 643 646 νῆσον·
676 595 907 643 πλείστους
939 592 978 635 δ’
1023 594 1236 637 ἐκόλασαν
1278 597 1335 650 μὴ
1368 596 1527 639 θέλον-

179 680 254 714 τας
285 663 601 718 στρατεύεσθαι
634 664 706 705 διὰ
738 665 941 718 φυλακὴν
973 671 1061 706 τῶν
1093 668 1289 717 πατρίων
1320 669 1484 721 νόμων.

268 735 382 789 (85)
414 731 486 774 καὶ
518 736 563 775 οἳ
591 731 671 788 μὲν
704 734 757 787 δὴ
792 735 863 775 διὰ
895 737 1051 776 κακίαν
1088 736 1307 791 τεττάρων
1345 737 1524 791 ἀνδρῶν
1551 743 1580 784 4

178 806 423 860 ἠλαύνοντο
456 810 532 858 τῆς
557 807 738 857 πόλεως,
766 805 846 846 οὐκ
873 804 1120 859 ἀπήλλακτο
1149 804 1196 848 δὲ
1224 808 1426 861 θορύβου
1453 808 1524 850 καὶ

177 879 225 919 τὸ
260 874 505 930 Σαμαρέων
539 877 682 924 ἔθνος.
745 874 980 929 συστρέφει
1013 877 1095 931 γὰρ
1118 876 1295 926 αὐτοὺς
1332 877 1443 933 ἀνὴρ
1478 879 1526 920 ἐν

179 949 311 1004 ὀλίγῳ
345 948 393 988 τὸ
428 947 589 996 ψεῦδος
620 944 850 999 τιθέμενος
887 943 989 1001 κάφ’
1033 947 1171 1002 ἡδονῇ
1210 954 1284 1002 τῆς
1323 950 1527 1002 πληθύος

178 1019 396 1074 τεχνάζων
428 1018 480 1058 τὰ
511 1017 667 1069 πάντα,
693 1017 884 1058 κελεύων
911 1016 979 1058 ἐπὶ
1005 1020 1053 1060 τὸ
1075 1018 1254 1072 Γαριζὶν
1281 1019 1528 1076 ὄρος-αὐτῷ

180 1093 431 1142 συνελθεῖν,
465 1087 487 1129 ὃ
521 1087 764 1140 ἁγνότατον
790 1087 938 1137 αὐτοῖς
965 1088 1083 1142 ὀρῶν
1108 1090 1383 1144 ὑπείληπται,
1412 1092 1529 1144 ἰσχυ-

180 1162 318 1216 ρίζετό
351 1175 394 1202 τε
427 1156 799 1214 παραγενομένοις
837 1159 997 1208 δείξειν
1034 1160 1086 1201 τὰ
1120 1160 1214 1214 ἱερὰ
1253 1161 1385 1214 σκεύη
1423 1162 1528 1215 τῇδε

178 1229 572 1285 κατορωρυγμένα,
615 1226 833 1278 Μωυσέος
876 1227 973 1284 τῇδ’
1030 1230 1176 1272 αὐτῶν
1225 1230 1528 1285 ποιησαμένου

177 1302 430 1344 κατάθεσιν.
493 1301 607 1354 <86>
646 1302 691 1341 οἳ
727 1297 765 1339 δ’
810 1298 858 1340 ἐν
896 1300 1047 1349 ὅπλοις
1084 1299 1118 1342 τ’
1163 1297 1289 1354 ἦσαν,
1330 1304 1527 1345 πιθανὸν

177 1372 415 1427 ἡγούμενοι
459 1372 536 1413 τὸν
578 1372 727 1425 λόγον,
772 1369 844 1412 καὶ
888 1373 1151 1420 καθίσαντες
1189 1373 1238 1412 ἔν
1276 1388 1363 1414 τινι
1401 1374 1525 1429 κώμῃ

178 1443 432 1499 (Τιραθανᾶ
465 1441 652 1497 λέγεται)
686 1442 1025 1497 παρελάμβανον
1058 1443 1161 1491 τοὺς
1187 1441 1527 1497 ἐπισυλλεγομέ-

177 1530 283 1563 νους
327 1514 384 1563 ὡς
426 1513 599 1569 μεγάλῳ
643 1515 805 1567 πλήθει
849 1514 929 1567 τὴν
973 1512 1190 1566 ἀνάβασιν
1234 1514 1296 1562 εἰς
1332 1515 1380 1555 τὸ
1426 1515 1529 1567 ὄρος

178 1586 474 1639 ποιησόμενοι.
536 1584 664 1637 <87>
702 1583 868 1638 φθάνει
914 1581 962 1624 δὲ
1005 1586 1199 1633 Πιλᾶτος
1236 1584 1315 1637 τὴν
1360 1585 1527 1627 ἄνοδον

177 1656 322 1697 αὐτῶν
354 1657 795 1710 προκαταλαβόμενος
828 1652 993 1695 ἱππέων
1026 1669 1069 1695 τε
1102 1660 1250 1709 πομπῇ
1291 1652 1362 1695 καὶ
1405 1655 1527 1697 ὁπλι-

176 1733 279 1781 τῶν,
305 1729 349 1769 οἳ
368 1727 664 1780 συμβαλόντες
688 1732 779 1774 τοῖς
806 1724 853 1766 ἐν
879 1730 929 1779 τῇ
956 1725 1078 1780 κώμῃ
1111 1724 1527 1780 προσυνηθροισμέ-

176 1813 285 1850 νοις,
325 1796 602 1852 παρατάξεως
638 1793 890 1850 γενομένης,
928 1797 1030 1844 τοὺς
1068 1793 1148 1849 μὲν
1187 1797 1384 1837 ἔκτειναν
1423 1798 1527 1846 τοὺς

179 1866 217 1909 δ’
255 1868 316 1917 εἰς
347 1868 495 1922 φυγὴν
527 1864 774 1920 τρέπονται,
807 1867 966 1922 ζωγρίᾳ
997 1880 1041 1907 τε
1074 1868 1267 1915 πολλοὺς
1303 1863 1430 1920 ἦγον,
1464 1863 1528 1909 ὧν

177 1939 280 1987 τοὺς
309 1936 688 1993 κορυφαιοτάτους
719 1935 792 1978 καὶ
823 1938 926 1985 τοὺς
952 1935 1000 1978 ἐν
1041 1944 1133 1986 τοῖς
1163 1943 1359 1991 φυγοῦσι
1391 1938 1528 1979 δυνα-

177 2009 394 2058 τωτάτους
426 2010 587 2050 ἔκτεινε
621 2010 825 2057 Πιλᾶτος.

266 2080 381 2134 (88)
412 2078 703 2128 καταστάντος
743 2076 792 2119 δὲ
828 2076 1077 2133 τοῦδε”ζ’,τοῦ
1115 2079 1334 2133 θορύβου,
1374 2082 1525 2133 Σαμα-

178 2149 292 2205 ρέων
324 2149 350 2203 ἡ
381 2150 523 2204 βουλὴ
556 2149 673 2202 παρὰ
699 2146 929 2190 ’διτέλλιον
961 2148 1174 2191 ὑπατικὸν
1217 2153 1335 2190 ἴασιν
1367 2149 1524 2205 ἄνδρα,

179 2223 348 2274 Συρίας
384 2221 464 2274 τὴν
501 2219 742 2273 ἡγεμονίαν
787 2220 956 2273 ἔχοντα,
994 2218 1067 2260 καὶ
1106 2220 1304 2262 Πιλάτου
1342 2221 1525 2273 κατηγό-

176 2307 286 2347 ρουν
320 2290 389 2334 ἐπὶ
415 2297 465 2345 τῇ
494 2295 640 2345 σφαγῇ
667 2296 754 2330 τῶν
782 2289 1092 2332 ἀπολωλότων·
1126 2290 1179 2332 οὐ
1206 2291 1288 2345 γὰρ
1316 2287 1380 2331 ἐπ’
1419 2289 1528 2333 ἀπο-
