1732 2526
264 85 350 126 340
820 86 1049 120 ΙΩΣΗΠΟΤ

264 193 343 246 τὴν
378 193 485 247 ἐμὴν
516 193 674 248 χώραν.
730 195 776 234 οἳ
805 190 844 234 δ’
877 193 960 246 ἄρα
993 194 1289 248 διεσώθησαν·
1335 195 1611 250 συνεχώρησε

264 264 347 318 γὰρ
380 262 528 312 αὐτοῖς
560 262 582 304 ὁ
615 263 821 317 βασιλεὺς
846 260 1083 317 Ἀγρίππας
1113 264 1164 304 τὰ
1195 263 1486 318 ἡμαρτημένα.

355 333 511 386 <155>
555 330 627 374 καὶ
671 333 722 374 τὰ
766 330 846 386 μὲν
885 331 983 387 περὶ
1026 332 1221 382 ἐκείνους
1260 331 1376 376 τοῦτ’
1423 336 1520 389 ἔσχε
1563 336 1612 377 τὸ

264 402 406 456 τέλος,
447 402 493 445 οἱ
531 400 580 443 δὲ
619 403 700 456 τὴν
739 410 826 444 τῶν
871 402 1107 458 Τιβεριέων
1143 405 1273 444 πόλιν
1310 410 1614 454 κατοικοῦντες

265 474 485 529 γράφουσι
528 474 636 527 πρὸς
679 474 756 514 τὸν
800 472 1004 527 βασιλέα,
1053 477 1406 528 παρακαλοῦντες
1447 473 1614 528 πέμψαι

266 544 457 598 δύναμιν
498 544 578 597 τὴν
618 542 902 597 φυλάξουσαν
943 543 1088 585 αὐτῶν
1129 545 1208 597 τὴν
1248 545 1412 598 χώραν·
1461 543 1613 586 θέλειν

265 615 348 669 γὰρ
390 614 507 670 αὐτῷ
549 616 883 668 προστίθεσθαι.
945 614 1101 667 <156>
1142 613 1327 670 κάκείνῳ
1369 612 1450 668 μὲν
1489 613 1607 657 ταῦτ’

266 686 480 739 ἔγραφον,
518 683 788 738 ἀφικόμενον
827 682 878 724 δέ
912 699 964 737 με
1001 685 1110 739 πρὸς
1141 683 1300 733 αὐτοὺς
1336 685 1613 739 παρεκάλουν

264 755 317 796 τὰ
360 757 478 808 τείχη
523 753 855 803 κατασκευάζειν
896 753 1044 802 αὐτοῖς
1086 754 1144 802 ὡς
1184 754 1450 809 ὑπεσχήμην.
1511 755 1614 809 ἠκη-

266 826 425 866 κόεσαν
458 822 506 866 δὲ
538 825 613 872 τὰς
644 825 878 879 Ταριχαίας
902 824 985 877 ήδη
1012 826 1290 877 τετειχίσθαι.
1344 826 1613 874 κατανεύσας

267 891 349 936 οὖν
377 894 459 948 ἐγὼ
485 893 557 936 καὶ
583 894 722 936 πάντα
748 894 799 935 τὰ
825 895 933 947 πρὸς
958 894 1039 947 τὴν
1059 895 1317 948 οἰκοδομίαν
1342 906 1614 948 παρασκευα-

268 965 475 1019 σάμενος,
506 966 609 1014 τοὺς
641 963 945 1019 ἀρχιτέκτονας
977 963 1178 1006 ἐκέλευον
1210 964 1415 1019 ἐνεργεῖν.
1473 966 1615 1019 <157>

267 1036 371 1090 μετὰ
399 1032 446 1076 δὲ
473 1037 622 1090 τρίτην
647 1032 813 1089 ἡμέραν
840 1036 902 1082 εἰς
927 1036 1161 1088 Ταριχαιάς
1186 1033 1487 1089 ἀπερχομένου
1513 1051 1614 1090 μου,

267 1112 342 1159 τῆς
385 1105 640 1160 Τιβεριάδος
681 1104 924 1159 ἀπεχούσας
964 1105 1117 1146 στάδια
1155 1105 1408 1159 τριάκοντα,
1450 1105 1613 1160 συνέβη

267 1176 389 1224 τινὰς
413 1173 637 1229 Ῥωμαίων
671 1175 813 1223 ἱππεῖς
844 1174 897 1216 οὐ
928 1176 1163 1229 πόρρωθεν
1194 1180 1268 1228 τῆς
1298 1177 1465 1225 πόλεως
1496 1176 1614 1218 ὁδοι-

267 1252 515 1300 ποροῦντας
547 1245 759 1300 ὀφθῆναι,
792 1247 837 1286 οἳ
866 1244 999 1295 δόξαν
1031 1244 1249 1300 παρέσχον
1281 1247 1360 1299 τὴν
1391 1247 1508 1300 παρὰ
1536 1253 1614 1288 τοῦ

268 1315 480 1370 βασιλέως
513 1316 703 1369 δύναμιν
734 1315 866 1368 ήκειν.
924 1314 1070 1369 <158>
1101 1314 1268 1364 εὐθέως
1299 1321 1410 1368 γοῦν
1443 1317 1504 1365 εἰς
1534 1313 1614 1370 μὲν

267 1388 344 1429 τὸν
387 1384 568 1440 βασιλέα
612 1386 717 1439 μετὰ
760 1388 935 1427 πολλῶν
980 1384 1171 1426 ἐπαίνων
1214 1385 1403 1438 ἠφίεσαν
1451 1385 1614 1439 φωνάς,

268 1454 360 1498 κατ’
399 1456 506 1511 ἐμοῦ
545 1453 593 1497 δὲ
631 1457 926 1510 βλασφήμους.
989 1453 1061 1496 καὶ
1094 1454 1346 1509 ἐπιδραμών
1383 1471 1449 1505 τις
1479 1455 1615 1510 ἀπήγ-

267 1525 387 1580 γειλέ
427 1542 501 1581 μοι
545 1527 625 1580 τὴν
667 1525 871 1568 διάνοιαν
912 1525 1078 1579 αὐτῶν,
1123 1525 1181 1574 ὡς
1220 1524 1494 1580 ἀφίστασθαί
1529 1542 1613 1580 μου

269 1598 572 1650 διεγνώκασιν.
636 1596 780 1649 <159>
820 1595 902 1649 ἐγὼ
946 1594 985 1637 δ’
1023 1595 1212 1645 ἀκούσας
1249 1595 1498 1651 ἐταράχθην
1535 1594 1615 1650 μὲν

270 1669 458 1722 σφόδρα·
504 1669 606 1716 τοὺς
643 1667 725 1721 γὰρ
765 1667 941 1716 ὁπλίτας
973 1668 1126 1721 ἔτυχον
1166 1665 1212 1707 ἐκ
1243 1673 1330 1707 τῶν
1368 1668 1614 1722 Ταριχαιῶν

269 1736 338 1779 ἐπὶ
370 1738 445 1786 τὰς
477 1737 622 1778 αὐτῶν
655 1738 844 1790 οἰκήσεις
885 1735 1074 1791 ἀφεικὼς
1107 1736 1180 1777 διὰ
1211 1737 1259 1777 τὸ
1291 1737 1370 1790 τὴν
1404 1736 1614 1779 ἐπιοῦσαν

268 1806 435 1861 ἡμέραν
476 1807 695 1862 σάββατον
736 1807 964 1861 ὑπάρχειν·
1015 1806 1068 1847 οὐ
1115 1806 1198 1859 γὰρ
1243 1805 1489 1861 ἐβουλόμην
1528 1807 1613 1848 ὑπὸ

268 1883 347 1919 τοῦ
390 1884 701 1932 στρατιωτικοῦ
740 1877 940 1930 πλήθους
982 1875 1258 1931 ἐνοχλεῖσθαι
1300 1878 1402 1925 τοὺς
1428 1875 1486 1931 ,ἐν
1524 1885 1615 1927 ταῖς

276 1950 543 2002 Ταριχαίαις·
594 1948 738 2001 <160>
776 1947 925 1996 ὁσάκις
962 1952 1071 2000 γοῦν
1110 1945 1158 1988 ἐν
1195 1946 1347 1995 αὐταῖς
1378 1945 1613 2002 διέτριβον,

271 2016 375 2060 οὐδὲ
406 2024 480 2071 τῆς
509 2016 608 2072 περὶ
640 2019 688 2059 τὸ
722 2024 844 2071 σῶμα
881 2019 1078 2071 φυλακῆς
1115 2015 1355 2070 ἐποιούμην
1385 2018 1613 2071 πρόνοιαν,

270 2095 427 2142 πεῖραν
464 2088 580 2142 παρὰ
620 2095 707 2128 τῶν
749 2087 1042 2129 ἐνοικούντων
1082 2093 1157 2141 τῆς
1196 2089 1304 2141 πρός
1339 2102 1390 2140 με
1430 2089 1614 2137 πίστεως

272 2158 419 2212 λαβὼν
457 2158 673 2206 πολλάκις.
735 2158 879 2211 <161>
917 2159 1080 2211 μόνους
1118 2154 1157 2198 δ’
1195 2158 1306 2212 ἔχων
1343 2156 1442 2212 περὶ
1483 2157 1613 2212 ε’μαυ-

271 2230 348 2270 τὸν
388 2226 491 2269 ἑπτὰ
531 2235 619 2269 τῶν
660 2228 850 2270 ὁπλιτῶν
890 2226 961 2269 καὶ
999 2229 1101 2277 τοὺς
1138 2229 1314 2282 φίλους,
1354 2227 1550 2283 ἠπόρουν
1589 2227 1666 2269 ὃεο
1728 2236 1732 2258 ='

367 2312 386 2351 ἓ
415 2311 480 2342 155
507 2307 551 2343 cf.
578 2307 670 2343 Bell.
696 2308 773 2342 Iud.
801 2308 834 2341 II
861 2310 915 2352 21,
943 2312 974 2342 8.

1634 841 1666 865 10

1636 1191 1668 1216 15

1634 1542 1668 1567 20

1635 1892 1667 1918 25
