1732 2526
112 2150 153 2181 75

184 55 270 97 382
742 55 970 89 ΙΩΣΗΠΟΤ

185 163 443 217 ὑβρίζουσιν
476 163 618 218 ἄνδρα
650 161 722 204 καὶ
754 162 937 217 βασιλέα
965 163 1033 206 καὶ
1051 163 1278 219 Ῥωμαίοις
1303 166 1451 219 φίλον,
1476 171 1534 221 τῷ
1577 190 1582 195 ·

187 231 235 274 δὲ
279 236 452 288 βασιλεῖ
492 231 712 288 παρῄνεσε
763 233 931 288 πέμψαι
984 237 1207 276 Φίλιππον
1256 236 1318 284 εἰς
1354 232 1536 289 Ῥώμην,

184 303 403 358 ὑφέξοντα
424 305 559 358 λόγον
585 303 764 358 Νέρωνι
791 304 891 359 περὶ
917 313 1005 347 τῶν
1031 304 1362 359 πεπραγμένων.
1389 304 1534 359 <4Ο9>

187 377 404 424 Φίλιππος
448 371 497 415 δὲ
543 374 760 429 πεμφθεὶς
803 375 882 430 οὐχ
926 372 1030 428 ἧκεν
1085 376 1146 424 εἰς
1190 376 1294 425 ὄψιν
1340 374 1532 431 Νέρωνι·

184 445 442 498 καταλαβὼν
474 445 557 498 γὰρ
591 445 726 487 αὐτὸν
759 445 806 487 έν
847 452 939 495 τοῖς
976 445 1173 501 ἐσχάτοις
1210 447 1315 488 ὄντα
1354 446 1427 487 διὰ
1458 446 1533 495 τὰς

185 514 457 569 ἐμπεσούσας
488 516 676 570 ταραχὰς
713 514 784 557 καὶ
822 518 899 558 τὸν
939 515 1155 570 ἐμφύλιον
1192 518 1400 570 πόλεμον,
1430 516 1533 558 ὑπέ-

185 593 342 640 στρεψε
363 588 472 640 πρὸς
491 588 569 628 τὸν
589 586 780 640 βασιλέα.
814 586 958 640 <410>
983 585 1073 628 ἐπεὶ
1094 585 1453 636 δὲ’ὃεσπασιανὸς
1472 588 1534 636 εἰς

184 657 465 711 Πτολεμαΐδα
491 656 768 711 παρεγένετο,
791 658 836 699 οἱ
852 664 1017 711 πρῶτοι
1036 665 1125 699 τῶν
1144 663 1220 711 τῆς
1240 659 1409 712 Συρίας
1429 657 1532 698 δέκα

182 729 354 769 πόλεων
386 729 608 782 κατεβόων
634 725 831 769 Ἰούστου
863 733 943 769 τοῦ
981 727 1226 782 Τιβεριέως,
1253 728 1319 770 ὅτι
1344 729 1419 777 τὰς
1449 729 1532 769 κώ-

183 813 264 852 μας
295 798 442 839 αὐτῶν
474 797 746 853 ἐμπρήσειεν.
802 797 1056 851 παρέδωκεν
1087 795 1168 840 οὖν
1201 798 1334 840 αὐτὸν
1362 796 1531 840 7ὁέσπα-

184 870 334 917 σιανὸς
365 873 424 924 τῷ
457 870 631 922 βασιλεῖ
653 869 1046 923 κολασθησόμενον
1071 868 1156 910 ὑπὸ
1182 876 1270 910 τῶν
1301 874 1377 923 τῆς
1407 871 1531 923 βασι-

184 941 301 988 λειάς
337 939 575 980 ὑποτελῶν.
645 938 668 980 ὁ
707 940 912 992 βασιλεὺς
957 936 997 980 δ’
1047 939 1182 980 αὐτὸν
1227 939 1398 993 ἔδησεν,
1442 938 1532 980 ἐπι-

183 1010 462 1064 κρυψάμενος
481 1015 609 1051 τοῦτο
630 1008 951 1063 ’ὃεσπασιανόν,
971 1009 1028 1058 ὡς
1047 1008 1250 1063 ἀνωτέρω
1278 1010 1530 1064 δεδήλωται.

184 1081 327 1134 <411>
359 1083 644 1135 Σεπφωρῖται
678 1077 720 1120 δ’
762 1079 1089 1134 ὑπαντήσαντες
1126 1079 1198 1121 καὶ
1230 1079 1530 1133 ἀσπασάμενοι

179 1149 485 1192 ’ὃεσπασιανὸν
518 1151 794 1205 λαμβάνουσι
821 1151 1014 1204 δύναμιν
1044 1149 1116 1192 καὶ
1143 1152 1387 1206 στρατηγὸν
1410 1150 1528 1192 Πλά-

182 1222 324 1275 κιδον,
368 1221 608 1275 ἀναβάντες
652 1218 700 1262 δὲ
732 1221 837 1275 μετὰ
874 1221 1043 1263 τούτων
1070 1254 1078 1262 .
1106 1253 1114 1262 .
1143 1254 1150 1262 .
1184 1219 1401 1275 ἑπομένου
1444 1237 1530 1275 μου

183 1292 283 1347 ἄχρι
315 1298 390 1345 τῆς
421 1292 482 1341 εἰς
515 1293 755 1333 Γαλιλαίαν
782 1289 1093 1333 ’ὅεσπασιανοῦ
1125 1291 1322 1346 ἀφίξεως.
1384 1292 1528 1345 <412>

182 1360 281 1417 περὶ
324 1359 375 1416 ἧς
418 1365 516 1404 τίνα
560 1364 725 1418 τρόπον
770 1360 964 1415 ἐγένετο,
1004 1360 1077 1403 καὶ
1120 1369 1210 1411 πῶς
1249 1360 1350 1417 περὶ
1394 1362 1529 1416 Γάρις

182 1434 332 1487 κώμην
363 1433 443 1486 τὴν
475 1433 652 1487 πρώτην
683 1433 793 1487 πρὸς
825 1429 898 1486 ἐμὲ
925 1432 1067 1487 μάχην
1094 1431 1342 1486 ἐποιήσατο,
1373 1430 1445 1473 καὶ
1471 1432 1529 1482 ὡς

182 1503 355 1545 ἐκεῖθεν
388 1505 447 1553 εἰς
483 1504 535 1544 τὰ
569 1501 818 1545 Ἰωτάπατα-
842 1502 1110 1557 ἀνεχώρησα,
1151 1501 1223 1544 καὶ
1255 1503 1306 1544 τὰ
1337 1516 1528 1558 πεπραγ-

182 1573 291 1628 μένα
323 1589 397 1629 μοι
428 1574 536 1616 κατὰ
567 1575 647 1628 τὴν
678 1574 836 1627 ταύτης
866 1575 1141 1628 πολιορκίαν,
1171 1571 1243 1614 καὶ
1280 1572 1332 1614 ὃν
1362 1575 1527 1629 τρόπον

184 1647 266 1695 ζῶν
304 1643 491 1698 ληφθεὶς
530 1643 707 1698 ἐδέθην,
750 1642 821 1685 καὶ
865 1651 956 1693 πῶς
995 1643 1178 1698 ἐλύθην,
1214 1643 1355 1685 πάντα
1393 1659 1437 1685 τε
1475 1644 1527 1684 τὰ

181 1715 462 1770 πεπραγμένα
494 1731 569 1770 μοι
600 1716 706 1756 κατὰ
738 1716 816 1757 τὸν
843 1712 1087 1757 Ἰουδαϊκὸν
1118 1717 1311 1769 πόλεμον
1342 1713 1415 1756 καὶ
1446 1715 1527 1768 τὴν

175 1783 494 1841 Ἱεροσολύμων
535 1788 807 1840 πολιορκίαν,
845 1784 932 1839 μετ’
972 1785 1192 1840 ἀκριβείας
1224 1784 1272 1826 ἐν
1303 1792 1397 1835 ταῖς
1426 1783 1526 1840 περὶ

183 1862 260 1898 τοῦ
302 1853 546 1898 Ἰουδαϊκοῦ
589 1855 783 1911 πολέμου
827 1858 997 1910 βίβλοις
1047 1856 1305 1909 ἀπήγγελκα.
1369 1855 1525 1909 <413>

182 1927 424 1980 ἀναγκαῖον
463 1926 499 1968 δ’
545 1926 679 1980 ἐστίν,
717 1927 774 1976 ὡς
812 1923 948 1980 οἶμαι,
988 1925 1059 1967 καὶ
1098 1926 1179 1967 ὅσα
1220 1927 1277 1980 μὴ
1309 1926 1417 1967 κατὰ
1448 1927 1524 1967 τὸν

177 1995 421 2039 Ἰουδαϊκὸν
447 1999 640 2051 πόλεμον
673 1996 899 2052 ἀνέγραψα
930 2004 1018 2038 τῶν
1053 1996 1099 2038 ἐν
1132 2002 1190 2052 τῷ
1223 1998 1304 2054 βίῳ
1336 2012 1421 2050 μου
1452 2010 1525 2037 πε-

181 2067 445 2122 πραγμένων
476 2075 560 2109 νῦν
592 2067 970 2123 προσαναγράψαι.

269 2138 412 2192 <414>
443 2143 516 2191 τῆς
548 2139 629 2192 γὰρ
662 2146 750 2180 τῶν
779 2137 1048 2180 Ἰωταπάτων
1079 2138 1334 2192 πολιορκίας
1365 2136 1524 2191 λαβού-

1551 811 1585 836 10

1550 1162 1584 1188 15

1547 1516 1581 1541 20

1545 1866 1578 1893 25

183 2220 259 2262 σης
290 2207 427 2261 τέλος,
459 2210 694 2262 γενόμενος
725 2209 841 2263 παρὰ
868 2207 1094 2262 Ῥωμαίοις
1125 2208 1229 2262 μετὰ
1261 2207 1400 2261 πάσης
1434 2206 1522 2247 ε’πι-
1542 2218 1576 2243 30

182 2281 355 2333 μελείας
388 2278 706 2333 ἐφυλαττόμην,
738 2279 788 2319 τὰ
819 2279 958 2320 πολλὰ
992 2279 1064 2320 διὰ
1102 2284 1224 2332 τιμῆς
1256 2278 1439 2331 ἄγοντός
1470 2292 1521 2331 με
