<?xml version="1.0" encoding="UTF-8"?>
<!DOCTYPE html PUBLIC "-//W3C//DTD XHTML 1.0 Transitional//EN"
    "http://www.w3.org/TR/xhtml1/DTD/xhtml1-transitional.dtd">
<html xmlns="http://www.w3.org/1999/xhtml" xml:lang="en" lang="en">
 <head>
  <title>
</title>
<meta http-equiv="Content-Type" content="text/html;charset=utf-8" />
  <meta name='ocr-system' content='tesseract 3.04.00' />
  <meta name='ocr-capabilities' content='ocr_page ocr_carea ocr_par ocr_line ocrx_word'/>
</head>
<body>
  <div class='ocr_page' id='page_1' title='image "./flaviiiosephiope04joseuoft_0160.png"; bbox 0 0 1732 2526; ppageno 0'>
   <div class='ocr_carea' id='block_1_1' title="bbox 144 636 163 665">
    <p class='ocr_par' dir='ltr' id='par_1_1' title="bbox 144 636 163 665">
     <span class='ocr_line' id='line_1_1' title="bbox 144 636 163 665; textangle 90"><span class='ocrx_word' id='word_1_1' title='bbox 144 636 163 665; x_wconf 68' lang='grc' dir='ltr'><em>[ὓ</em></span> 
     </span>
    </p>
   </div>
   <div class='ocr_carea' id='block_1_2' title="bbox 139 2187 160 2218">
    <p class='ocr_par' dir='ltr' id='par_1_2' title="bbox 139 2187 160 2218">
     <span class='ocr_line' id='line_1_2' title="bbox 139 2187 160 2218; baseline 0 0"><span class='ocrx_word' id='word_1_2' title='bbox 139 2187 160 2218; x_wconf 89' lang='grc'><strong>3</strong></span> 
     </span>
    </p>
   </div>
   <div class='ocr_carea' id='block_1_3' title="bbox 196 92 1048 135">
    <p class='ocr_par' dir='ltr' id='par_1_3' title="bbox 196 92 1048 135">
     <span class='ocr_line' id='line_1_3' title="bbox 196 92 1048 135; baseline -0.001 -9"><span class='ocrx_word' id='word_1_3' title='bbox 196 94 277 135; x_wconf 77' lang='lat'><em>108</em></span> <span class='ocrx_word' id='word_1_4' title='bbox 683 92 1048 126; x_wconf 77' lang='grc' dir='ltr'><strong>ΑΡΧΑΙΟΛΟΓΙΑΣ</strong></span> 
     </span>
    </p>
   </div>
   <div class='ocr_carea' id='block_1_4' title="bbox 191 198 1542 256">
    <p class='ocr_par' dir='ltr' id='par_1_4' title="bbox 191 198 1542 256">
     <span class='ocr_line' id='line_1_4' title="bbox 191 198 1542 256; baseline 0 -13"><span class='ocrx_word' id='word_1_5' title='bbox 191 201 263 243; x_wconf 84' lang='grc' dir='ltr'><em>καὶ</em></span> <span class='ocrx_word' id='word_1_6' title='bbox 301 202 376 251; x_wconf 77' lang='grc' dir='ltr'><em>τὰς</em></span> <span class='ocrx_word' id='word_1_7' title='bbox 414 201 603 255; x_wconf 81' lang='grc' dir='ltr'><em>αἰτήσεις</em></span> <span class='ocrx_word' id='word_1_8' title='bbox 641 201 698 250; x_wconf 87' lang='grc' dir='ltr'><em>ὡς</em></span> <span class='ocrx_word' id='word_1_9' title='bbox 736 198 804 242; x_wconf 85' lang='grc' dir='ltr'><em>ἐπὶ</em></span> <span class='ocrx_word' id='word_1_10' title='bbox 843 199 953 255; x_wconf 91' lang='grc' dir='ltr'><em>μέγα</em></span> <span class='ocrx_word' id='word_1_11' title='bbox 985 206 1064 242; x_wconf 89' lang='grc' dir='ltr'><em>τοῦ</em></span> <span class='ocrx_word' id='word_1_12' title='bbox 1104 199 1298 255; x_wconf 76' lang='grc' dir='ltr'><em>ὑβρίζειν</em></span> <span class='ocrx_word' id='word_1_13' title='bbox 1329 203 1542 256; x_wconf 76' lang='grc' dir='ltr'><em>προΐοιεν,</em></span> 
     </span>
    </p>
   </div>
   <div class='ocr_carea' id='block_1_5' title="bbox 192 264 1572 327">
    <p class='ocr_par' dir='ltr' id='par_1_5' title="bbox 192 264 1572 327">
     <span class='ocr_line' id='line_1_5' title="bbox 192 264 1572 327; baseline 0 -13"><span class='ocrx_word' id='word_1_14' title='bbox 192 273 293 321; x_wconf 87' lang='grc' dir='ltr'><em>τούς</em></span> <span class='ocrx_word' id='word_1_15' title='bbox 329 287 374 313; x_wconf 89' lang='grc' dir='ltr'><em>τε</em></span> <span class='ocrx_word' id='word_1_16' title='bbox 406 273 586 327; x_wconf 85' lang='grc' dir='ltr'><em>καιροὺς</em></span> <span class='ocrx_word' id='word_1_17' title='bbox 625 270 705 313; x_wconf 85' lang='grc' dir='ltr'><em>οὐκ</em></span> <span class='ocrx_word' id='word_1_18' title='bbox 745 270 791 313; x_wconf 91' lang='grc' dir='ltr'><em>ἐν</em></span> <span class='ocrx_word' id='word_1_19' title='bbox 822 266 1006 312; x_wconf 78' lang='grc' dir='ltr'><em>τοιοῖσδ’</em></span> <span class='ocrx_word' id='word_1_20' title='bbox 1043 267 1179 324; x_wconf 83' lang='grc' dir='ltr'><em>εἶναι,</em></span> <span class='ocrx_word' id='word_1_21' title='bbox 1217 273 1386 325; x_wconf 84' lang='grc' dir='ltr'><em>μᾶλλον</em></span> <span class='ocrx_word' id='word_1_22' title='bbox 1420 269 1458 313; x_wconf 89' lang='grc' dir='ltr'><em>δ’</em></span> <span class='ocrx_word' id='word_1_23' title='bbox 1496 264 1572 314; x_wconf 48' lang='grc' dir='ltr'><em>ἐν’</em></span> 
     </span>
    </p>
   </div>
   <div class='ocr_carea' id='block_1_6' title="bbox 184 340 1548 2373">
    <p class='ocr_par' dir='ltr' id='par_1_6' title="bbox 191 340 1547 609">
     <span class='ocr_line' id='line_1_6' title="bbox 191 340 1546 399; baseline -0.001 -15"><span class='ocrx_word' id='word_1_24' title='bbox 191 349 249 399; x_wconf 77' lang='grc' dir='ltr'><em>τῷ</em></span> <span class='ocrx_word' id='word_1_25' title='bbox 283 343 505 397; x_wconf 79' lang='grc' dir='ltr'><em>ὁμονοεῖν,</em></span> <span class='ocrx_word' id='word_1_26' title='bbox 537 341 617 392; x_wconf 78' lang='grc' dir='ltr'><em>ἕως</em></span> <span class='ocrx_word' id='word_1_27' title='bbox 642 341 1022 396; x_wconf 87' lang='grc' dir='ltr'><em>καταστησάμενος</em></span> <span class='ocrx_word' id='word_1_28' title='bbox 1048 342 1129 396; x_wconf 82' lang='grc' dir='ltr'><em>τὴν</em></span> <span class='ocrx_word' id='word_1_29' title='bbox 1155 341 1295 397; x_wconf 81' lang='grc' dir='ltr'><em>ἀρχὴν</em></span> <span class='ocrx_word' id='word_1_30' title='bbox 1327 340 1546 383; x_wconf 83' lang='grc' dir='ltr'><em>ἐπινεύσει</em></span> 
     </span>
     <span class='ocr_line' id='line_1_7' title="bbox 191 412 1545 468; baseline -0.001 -13"><span class='ocrx_word' id='word_1_31' title='bbox 191 419 240 468; x_wconf 73' lang='grc' dir='ltr'><em>τῇ</em></span> <span class='ocrx_word' id='word_1_32' title='bbox 286 414 509 468; x_wconf 85' lang='grc' dir='ltr'><em>Καίσαρος</em></span> <span class='ocrx_word' id='word_1_33' title='bbox 554 412 757 466; x_wconf 77' lang='grc' dir='ltr'><em>ἀφίκοιτο</em></span> <span class='ocrx_word' id='word_1_34' title='bbox 809 412 867 461; x_wconf 90' lang='grc' dir='ltr'><em>ὡς</em></span> <span class='ocrx_word' id='word_1_35' title='bbox 911 412 1088 462; x_wconf 88' lang='grc' dir='ltr'><em>αὐτούς·</em></span> <span class='ocrx_word' id='word_1_36' title='bbox 1145 414 1240 454; x_wconf 89' lang='grc' dir='ltr'><em>τότε</em></span> <span class='ocrx_word' id='word_1_37' title='bbox 1292 412 1374 467; x_wconf 81' lang='grc' dir='ltr'><em>γὰρ</em></span> <span class='ocrx_word' id='word_1_38' title='bbox 1419 418 1545 467; x_wconf 77' lang='grc' dir='ltr'><em>κοινῇ</em></span> 
     </span>
     <span class='ocr_line' id='line_1_8' title="bbox 191 479 1547 538; baseline -0.001 -12"><span class='ocrx_word' id='word_1_39' title='bbox 191 484 452 537; x_wconf 76' lang='grc' dir='ltr'><em>βουλεύσειν</em></span> <span class='ocrx_word' id='word_1_40' title='bbox 488 481 589 538; x_wconf 81' lang='grc' dir='ltr'><em>περὶ</em></span> <span class='ocrx_word' id='word_1_41' title='bbox 627 479 688 524; x_wconf 80' lang='grc' dir='ltr'><em>ὧν</em></span> <span class='ocrx_word' id='word_1_42' title='bbox 727 482 892 533; x_wconf 77' lang='grc' dir='ltr'><em>ἀξιοῖεν</em></span> <span class='ocrx_word' id='word_1_43' title='bbox 931 484 1014 524; x_wconf 88' lang='grc' dir='ltr'><em>σὺν</em></span> <span class='ocrx_word' id='word_1_44' title='bbox 1047 482 1216 537; x_wconf 88' lang='grc' dir='ltr'><em>αὐτοῖς,</em></span> <span class='ocrx_word' id='word_1_45' title='bbox 1256 483 1354 535; x_wconf 76' lang='grc' dir='ltr'><em>ἄρτι</em></span> <span class='ocrx_word' id='word_1_46' title='bbox 1393 480 1433 524; x_wconf 81' lang='grc' dir='ltr'><em>δ’</em></span> <span class='ocrx_word' id='word_1_47' title='bbox 1471 482 1547 524; x_wconf 82' lang='grc' dir='ltr'><em>ἀν-</em></span> 
     </span>
     <span class='ocr_line' id='line_1_9' title="bbox 192 552 1016 609; baseline -0.002 -13"><span class='ocrx_word' id='word_1_48' title='bbox 192 554 324 609; x_wconf 83' lang='grc' dir='ltr'><em>έχειν,</em></span> <span class='ocrx_word' id='word_1_49' title='bbox 356 554 413 609; x_wconf 85' lang='grc' dir='ltr'><em>μὴ</em></span> <span class='ocrx_word' id='word_1_50' title='bbox 447 552 518 594; x_wconf 85' lang='grc' dir='ltr'><em>καὶ</em></span> <span class='ocrx_word' id='word_1_51' title='bbox 552 553 796 603; x_wconf 76' lang='grc' dir='ltr'><em>στασιάζειν</em></span> <span class='ocrx_word' id='word_1_52' title='bbox 830 553 1016 594; x_wconf 89' lang='grc' dir='ltr'><em>δοκοῖεν.</em></span> 
     </span>
    </p>

    <p class='ocr_par' dir='ltr' id='par_1_7' title="bbox 184 620 1548 2160">
     <span class='ocr_line' id='line_1_10' title="bbox 281 620 1548 678; baseline 0 -12"><span class='ocrx_word' id='word_1_53' title='bbox 281 624 426 678; x_wconf 77' lang='grc'>&lt;210&gt;</span> <span class='ocrx_word' id='word_1_54' title='bbox 459 622 531 665; x_wconf 84' lang='grc' dir='ltr'><em>καὶ</em></span> <span class='ocrx_word' id='word_1_55' title='bbox 563 623 585 664; x_wconf 89' lang='grc' dir='ltr'><em>ὃ</em></span> <span class='ocrx_word' id='word_1_56' title='bbox 619 620 699 677; x_wconf 76' lang='grc' dir='ltr'><em>μὲν</em></span> <span class='ocrx_word' id='word_1_57' title='bbox 738 621 868 665; x_wconf 84' lang='grc' dir='ltr'><em>ταῦθ’</em></span> <span class='ocrx_word' id='word_1_58' title='bbox 904 623 1102 665; x_wconf 85' lang='grc' dir='ltr'><em>ὑπειπὼν</em></span> <span class='ocrx_word' id='word_1_59' title='bbox 1139 622 1212 665; x_wconf 81' lang='grc' dir='ltr'><em>καὶ</em></span> <span class='ocrx_word' id='word_1_60' title='bbox 1252 623 1432 674; x_wconf 77' lang='grc' dir='ltr'><em>διδάξας</em></span> <span class='ocrx_word' id='word_1_61' title='bbox 1470 624 1548 666; x_wconf 91' lang='grc' dir='ltr'><em>τὸν</em></span> 
     </span>
     <span class='ocr_line' id='line_1_11' title="bbox 193 691 1548 749; baseline 0 -13"><span class='ocrx_word' id='word_1_62' title='bbox 193 695 436 749; x_wconf 86' lang='grc' dir='ltr'><em>στρατηγὸν</em></span> <span class='ocrx_word' id='word_1_63' title='bbox 463 692 669 748; x_wconf 79' lang='grc' dir='ltr'><em>ἐκπέμπει</em></span> <span class='ocrx_word' id='word_1_64' title='bbox 693 695 803 749; x_wconf 87' lang='grc' dir='ltr'><em>πρὸς</em></span> <span class='ocrx_word' id='word_1_65' title='bbox 828 693 1004 743; x_wconf 88' lang='grc' dir='ltr'><em>αὐτούς·</em></span> <span class='ocrx_word' id='word_1_66' title='bbox 1043 696 1089 736; x_wconf 82' lang='grc' dir='ltr'><em>οἳ</em></span> <span class='ocrx_word' id='word_1_67' title='bbox 1113 691 1161 735; x_wconf 74' lang='grc' dir='ltr'><em>δὲ</em></span> <span class='ocrx_word' id='word_1_68' title='bbox 1186 697 1376 749; x_wconf 82' lang='grc' dir='ltr'><em>βοῶντες</em></span> <span class='ocrx_word' id='word_1_69' title='bbox 1402 693 1548 748; x_wconf 87' lang='grc' dir='ltr'><em>λέγειν</em></span> 
     </span>
     <span class='ocr_line' id='line_1_12' title="bbox 191 762 1547 819; baseline 0.001 -13"><span class='ocrx_word' id='word_1_70' title='bbox 191 763 226 806; x_wconf 80' lang='grc' dir='ltr'><em>τ’</em></span> <span class='ocrx_word' id='word_1_71' title='bbox 264 765 344 807; x_wconf 86' lang='grc' dir='ltr'><em>οὐκ</em></span> <span class='ocrx_word' id='word_1_72' title='bbox 376 768 499 818; x_wconf 78' lang='grc' dir='ltr'><em>εἴων,</em></span> <span class='ocrx_word' id='word_1_73' title='bbox 542 762 613 805; x_wconf 82' lang='grc' dir='ltr'><em>καὶ</em></span> <span class='ocrx_word' id='word_1_74' title='bbox 645 765 708 813; x_wconf 80' lang='grc' dir='ltr'><em>εἰς</em></span> <span class='ocrx_word' id='word_1_75' title='bbox 739 765 953 806; x_wconf 89' lang='grc' dir='ltr'><em>κίνδυνον</em></span> <span class='ocrx_word' id='word_1_76' title='bbox 985 770 1064 806; x_wconf 89' lang='grc' dir='ltr'><em>τοῦ</em></span> <span class='ocrx_word' id='word_1_77' title='bbox 1097 763 1406 819; x_wconf 81' lang='grc' dir='ltr'><em>ἀπολουμένου</em></span> <span class='ocrx_word' id='word_1_78' title='bbox 1440 765 1547 807; x_wconf 85' lang='grc' dir='ltr'><em>ἐκεῖ·</em></span> 
     </span>
     <span class='ocr_line' id='line_1_13' title="bbox 190 833 1546 889; baseline 0 -12"><span class='ocrx_word' id='word_1_79' title='bbox 190 838 272 877; x_wconf 91' lang='grc' dir='ltr'><em>νόν</em></span> <span class='ocrx_word' id='word_1_80' title='bbox 321 851 365 877; x_wconf 90' lang='grc' dir='ltr'><em>τε</em></span> <span class='ocrx_word' id='word_1_81' title='bbox 417 836 691 876; x_wconf 83' lang='grc' dir='ltr'><em>καθίστασαν</em></span> <span class='ocrx_word' id='word_1_82' title='bbox 741 833 814 876; x_wconf 84' lang='grc' dir='ltr'><em>καὶ</em></span> <span class='ocrx_word' id='word_1_83' title='bbox 868 842 955 877; x_wconf 84' lang='grc' dir='ltr'><em>τῶν</em></span> <span class='ocrx_word' id='word_1_84' title='bbox 1008 835 1154 876; x_wconf 76' lang='grc' dir='ltr'><em>ἄλλων</em></span> <span class='ocrx_word' id='word_1_85' title='bbox 1209 835 1329 885; x_wconf 82' lang='grc' dir='ltr'><em>ὅστις</em></span> <span class='ocrx_word' id='word_1_86' title='bbox 1377 833 1420 889; x_wconf 80' lang='grc' dir='ltr'><em>γ’</em></span> <span class='ocrx_word' id='word_1_87' title='bbox 1476 834 1546 878; x_wconf 81' lang='grc' dir='ltr'><em>ἐπὶ</em></span> 
     </span>
     <span class='ocr_line' id='line_1_14' title="bbox 192 904 1547 962; baseline 0.001 -15"><span class='ocrx_word' id='word_1_88' title='bbox 192 910 489 962; x_wconf 78' lang='grc' dir='ltr'><em>σωφρονισμῷ</em></span> <span class='ocrx_word' id='word_1_89' title='bbox 533 904 605 946; x_wconf 83' lang='grc' dir='ltr'><em>καὶ</em></span> <span class='ocrx_word' id='word_1_90' title='bbox 649 904 874 960; x_wconf 75' lang='grc' dir='ltr'><em>ἀποτροπῇ</em></span> <span class='ocrx_word' id='word_1_91' title='bbox 919 912 1007 947; x_wconf 85' lang='grc' dir='ltr'><em>τῶν</em></span> <span class='ocrx_word' id='word_1_92' title='bbox 1051 907 1236 948; x_wconf 89' lang='grc' dir='ltr'><em>τοιῶνδε</em></span> <span class='ocrx_word' id='word_1_93' title='bbox 1281 906 1547 961; x_wconf 76' lang='grc' dir='ltr'><em>ὀριγνᾶσθαι</em></span> 
     </span>
     <span class='ocr_line' id='line_1_15' title="bbox 193 974 1546 1032; baseline 0 -14"><span class='ocrx_word' id='word_1_94' title='bbox 193 978 461 1031; x_wconf 74' lang='grc' dir='ltr'><em>[τολμήσειν]</em></span> <span class='ocrx_word' id='word_1_95' title='bbox 507 974 790 1031; x_wconf 77' lang='grc' dir='ltr'><em>φθέγξασθαι</em></span> <span class='ocrx_word' id='word_1_96' title='bbox 834 978 1026 1032; x_wconf 89' lang='grc' dir='ltr'><em>φανερὸς</em></span> <span class='ocrx_word' id='word_1_97' title='bbox 1072 974 1149 1031; x_wconf 83' lang='grc' dir='ltr'><em>ἧν,</em></span> <span class='ocrx_word' id='word_1_98' title='bbox 1195 977 1269 1018; x_wconf 81' lang='grc' dir='ltr'><em>διὰ</em></span> <span class='ocrx_word' id='word_1_99' title='bbox 1312 978 1361 1019; x_wconf 91' lang='grc' dir='ltr'><em>τὸ</em></span> <span class='ocrx_word' id='word_1_100' title='bbox 1405 977 1546 1019; x_wconf 85' lang='grc' dir='ltr'><em>πάντα</em></span> 
     </span>
     <span class='ocr_line' id='line_1_16' title="bbox 191 1045 1546 1104; baseline 0.001 -16"><span class='ocrx_word' id='word_1_101' title='bbox 191 1048 401 1101; x_wconf 85' lang='grc' dir='ltr'><em>βουλήσει</em></span> <span class='ocrx_word' id='word_1_102' title='bbox 439 1052 490 1102; x_wconf 78' lang='grc' dir='ltr'><em>τῇ</em></span> <span class='ocrx_word' id='word_1_103' title='bbox 530 1047 676 1088; x_wconf 84' lang='grc' dir='ltr'><em>αὑτῶν</em></span> <span class='ocrx_word' id='word_1_104' title='bbox 714 1049 883 1101; x_wconf 85' lang='grc' dir='ltr'><em>μᾶλλον</em></span> <span class='ocrx_word' id='word_1_105' title='bbox 915 1046 941 1102; x_wconf 78' lang='grc' dir='ltr'><em>ἢ</em></span> <span class='ocrx_word' id='word_1_106' title='bbox 974 1045 1152 1104; x_wconf 78' lang='grc' dir='ltr'><em>ἐξουσίᾳ</em></span> <span class='ocrx_word' id='word_1_107' title='bbox 1193 1054 1279 1089; x_wconf 83' lang='grc' dir='ltr'><em>τῶν</em></span> <span class='ocrx_word' id='word_1_108' title='bbox 1312 1046 1546 1102; x_wconf 88' lang='grc' dir='ltr'><em>ἐφεστηκό-</em></span> 
     </span>
     <span class='ocr_line' id='line_1_17' title="bbox 192 1117 1545 1172; baseline 0 -13"><span class='ocrx_word' id='word_1_109' title='bbox 192 1133 279 1159; x_wconf 87' lang='grc' dir='ltr'><em>των</em></span> <span class='ocrx_word' id='word_1_110' title='bbox 311 1124 572 1172; x_wconf 80' lang='grc' dir='ltr'><em>συγχωρεῖν,</em></span> <span class='ocrx_word' id='word_1_111' title='bbox 606 1117 752 1172; x_wconf 79' lang='grc'>&lt;211&gt;</span> <span class='ocrx_word' id='word_1_112' title='bbox 786 1117 936 1159; x_wconf 89' lang='grc' dir='ltr'><em>δεινὸν</em></span> <span class='ocrx_word' id='word_1_113' title='bbox 967 1117 1209 1172; x_wconf 78' lang='grc' dir='ltr'><em>ἡγούμενοι</em></span> <span class='ocrx_word' id='word_1_114' title='bbox 1241 1118 1282 1159; x_wconf 86' lang='grc' dir='ltr'><em>εί</em></span> <span class='ocrx_word' id='word_1_115' title='bbox 1313 1119 1470 1168; x_wconf 83' lang='grc' dir='ltr'><em>ζῶντός</em></span> <span class='ocrx_word' id='word_1_116' title='bbox 1500 1133 1545 1160; x_wconf 89' lang='grc' dir='ltr'><em>τε</em></span> 
     </span>
     <span class='ocr_line' id='line_1_18' title="bbox 184 1185 1544 1246; baseline 0.001 -17"><span class='ocrx_word' id='word_1_117' title='bbox 184 1185 392 1241; x_wconf 84' lang='grc' dir='ltr'><em>Ἡρώδου</em></span> <span class='ocrx_word' id='word_1_118' title='bbox 420 1192 675 1242; x_wconf 85' lang='grc' dir='ltr'><em>στερηθεῖεν</em></span> <span class='ocrx_word' id='word_1_119' title='bbox 702 1195 789 1229; x_wconf 84' lang='grc' dir='ltr'><em>τῶν</em></span> <span class='ocrx_word' id='word_1_120' title='bbox 822 1189 1058 1243; x_wconf 77' lang='grc' dir='ltr'><em>φιλτάτων,</em></span> <span class='ocrx_word' id='word_1_121' title='bbox 1091 1187 1163 1230; x_wconf 85' lang='grc' dir='ltr'><em>καὶ</em></span> <span class='ocrx_word' id='word_1_122' title='bbox 1196 1192 1396 1243; x_wconf 73' lang='grc' dir='ltr'><em>τελευτῆς</em></span> <span class='ocrx_word' id='word_1_123' title='bbox 1427 1188 1544 1246; x_wconf 79' lang='grc' dir='ltr'><em>αὐτῷ</em></span> 
     </span>
     <span class='ocr_line' id='line_1_19' title="bbox 192 1254 1545 1314; baseline 0.001 -15"><span class='ocrx_word' id='word_1_124' title='bbox 192 1256 430 1312; x_wconf 82' lang='grc' dir='ltr'><em>γενομένης</em></span> <span class='ocrx_word' id='word_1_125' title='bbox 467 1265 687 1313; x_wconf 85' lang='grc' dir='ltr'><em>τιμωριῶν</em></span> <span class='ocrx_word' id='word_1_126' title='bbox 724 1265 812 1299; x_wconf 85' lang='grc' dir='ltr'><em>τῶν</em></span> <span class='ocrx_word' id='word_1_127' title='bbox 852 1254 917 1299; x_wconf 81' lang='grc' dir='ltr'><em>ἐπ’</em></span> <span class='ocrx_word' id='word_1_128' title='bbox 960 1259 1129 1313; x_wconf 82' lang='grc' dir='ltr'><em>αὐτοῖς,</em></span> <span class='ocrx_word' id='word_1_129' title='bbox 1171 1258 1415 1314; x_wconf 78' lang='grc' dir='ltr'><em>ὠργηκότες</em></span> <span class='ocrx_word' id='word_1_130' title='bbox 1452 1266 1545 1309; x_wconf 84' lang='grc' dir='ltr'><em>ταῖς</em></span> 
     </span>
     <span class='ocr_line' id='line_1_20' title="bbox 191 1327 1545 1384; baseline 0.002 -15"><span class='ocrx_word' id='word_1_131' title='bbox 191 1329 398 1383; x_wconf 77' lang='grc' dir='ltr'><em>γνώμαις,</em></span> <span class='ocrx_word' id='word_1_132' title='bbox 430 1329 688 1383; x_wconf 81' lang='grc' dir='ltr'><em>κωλύοιντο,</em></span> <span class='ocrx_word' id='word_1_133' title='bbox 721 1327 792 1370; x_wconf 87' lang='grc' dir='ltr'><em>καὶ</em></span> <span class='ocrx_word' id='word_1_134' title='bbox 824 1331 1013 1383; x_wconf 90' lang='grc' dir='ltr'><em>νόμιμόν</em></span> <span class='ocrx_word' id='word_1_135' title='bbox 1044 1345 1089 1371; x_wconf 85' lang='grc' dir='ltr'><em>τε</em></span> <span class='ocrx_word' id='word_1_136' title='bbox 1116 1328 1188 1371; x_wconf 84' lang='grc' dir='ltr'><em>καὶ</em></span> <span class='ocrx_word' id='word_1_137' title='bbox 1215 1331 1387 1372; x_wconf 85' lang='grc' dir='ltr'><em>δίκαιον</em></span> <span class='ocrx_word' id='word_1_138' title='bbox 1413 1329 1545 1384; x_wconf 79' lang='grc' dir='ltr'><em>ἡγού-</em></span> 
     </span>
     <span class='ocr_line' id='line_1_21' title="bbox 190 1398 1544 1456; baseline 0.001 -15"><span class='ocrx_word' id='word_1_139' title='bbox 190 1414 315 1453; x_wconf 87' lang='grc' dir='ltr'><em>μενοι</em></span> <span class='ocrx_word' id='word_1_140' title='bbox 348 1398 371 1440; x_wconf 81' lang='grc' dir='ltr'><em>ὅ</em></span> <span class='ocrx_word' id='word_1_141' title='bbox 404 1414 445 1440; x_wconf 91' lang='grc' dir='ltr'><em>τι</em></span> <span class='ocrx_word' id='word_1_142' title='bbox 477 1400 685 1452; x_wconf 80' lang='grc' dir='ltr'><em>μελλήσοι</em></span> <span class='ocrx_word' id='word_1_143' title='bbox 727 1398 895 1453; x_wconf 84' lang='grc' dir='ltr'><em>ἡδονὴν</em></span> <span class='ocrx_word' id='word_1_144' title='bbox 935 1400 1082 1450; x_wconf 84' lang='grc' dir='ltr'><em>αὐτοῖς</em></span> <span class='ocrx_word' id='word_1_145' title='bbox 1120 1399 1294 1456; x_wconf 84' lang='grc' dir='ltr'><em>φέρειν,</em></span> <span class='ocrx_word' id='word_1_146' title='bbox 1330 1402 1544 1443; x_wconf 89' lang='grc' dir='ltr'><em>κίνδυνόν</em></span> 
     </span>
     <span class='ocr_line' id='line_1_22' title="bbox 190 1467 1543 1529; baseline 0.002 -18"><span class='ocrx_word' id='word_1_147' title='bbox 190 1485 233 1511; x_wconf 85' lang='grc' dir='ltr'><em>τε</em></span> <span class='ocrx_word' id='word_1_148' title='bbox 273 1471 350 1511; x_wconf 90' lang='grc' dir='ltr'><em>τὸν</em></span> <span class='ocrx_word' id='word_1_149' title='bbox 388 1467 458 1511; x_wconf 78' lang='grc' dir='ltr'><em>ἀπ’</em></span> <span class='ocrx_word' id='word_1_150' title='bbox 496 1470 632 1512; x_wconf 88' lang='grc' dir='ltr'><em>αὐτοῦ</em></span> <span class='ocrx_word' id='word_1_151' title='bbox 669 1469 936 1525; x_wconf 80' lang='grc' dir='ltr'><em>προϊδέσθαι</em></span> <span class='ocrx_word' id='word_1_152' title='bbox 973 1467 1012 1511; x_wconf 78' lang='grc' dir='ltr'><em>τ’</em></span> <span class='ocrx_word' id='word_1_153' title='bbox 1049 1470 1255 1526; x_wconf 81' lang='grc' dir='ltr'><em>ἀμαθεῖς,</em></span> <span class='ocrx_word' id='word_1_154' title='bbox 1298 1471 1370 1514; x_wconf 85' lang='grc' dir='ltr'><em>καὶ</em></span> <span class='ocrx_word' id='word_1_155' title='bbox 1409 1476 1454 1514; x_wconf 81' lang='grc' dir='ltr'><em>εἴ</em></span> <span class='ocrx_word' id='word_1_156' title='bbox 1484 1487 1543 1529; x_wconf 79' lang='grc' dir='ltr'><em>τῳ</em></span> 
     </span>
     <span class='ocr_line' id='line_1_23' title="bbox 192 1540 1543 1598; baseline 0.003 -17"><span class='ocrx_word' id='word_1_157' title='bbox 192 1540 509 1594; x_wconf 79' lang='grc' dir='ltr'><em>ὑποπτευθείη,</em></span> <span class='ocrx_word' id='word_1_158' title='bbox 557 1540 805 1596; x_wconf 82' lang='grc' dir='ltr'><em>ὑπερβολῆς</em></span> <span class='ocrx_word' id='word_1_159' title='bbox 845 1541 961 1598; x_wconf 77' lang='grc' dir='ltr'><em>αὐτῷ</em></span> <span class='ocrx_word' id='word_1_160' title='bbox 1007 1541 1246 1597; x_wconf 75' lang='grc' dir='ltr'><em>γενομένης</em></span> <span class='ocrx_word' id='word_1_161' title='bbox 1290 1549 1365 1597; x_wconf 85' lang='grc' dir='ltr'><em>τῆς</em></span> <span class='ocrx_word' id='word_1_162' title='bbox 1405 1557 1543 1597; x_wconf 81' lang='grc' dir='ltr'><em>παρα-</em></span> 
     </span>
     <span class='ocr_line' id='line_1_24' title="bbox 189 1610 1545 1669; baseline 0.002 -17"><span class='ocrx_word' id='word_1_163' title='bbox 189 1616 333 1665; x_wconf 77' lang='grc' dir='ltr'><em>χρῆμα</em></span> <span class='ocrx_word' id='word_1_164' title='bbox 376 1610 540 1665; x_wconf 79' lang='grc' dir='ltr'><em>ἡδονῆς</em></span> <span class='ocrx_word' id='word_1_165' title='bbox 585 1610 631 1652; x_wconf 88' lang='grc' dir='ltr'><em>ἐκ</em></span> <span class='ocrx_word' id='word_1_166' title='bbox 674 1618 753 1653; x_wconf 87' lang='grc' dir='ltr'><em>τοῦ</em></span> <span class='ocrx_word' id='word_1_167' title='bbox 794 1615 1128 1667; x_wconf 89' lang='grc' dir='ltr'><em>τιμωρήσασθαι</em></span> <span class='ocrx_word' id='word_1_168' title='bbox 1168 1615 1272 1663; x_wconf 88' lang='grc' dir='ltr'><em>τοὺς</em></span> <span class='ocrx_word' id='word_1_169' title='bbox 1312 1613 1545 1669; x_wconf 81' lang='grc' dir='ltr'><em>ἐχθίστους</em></span> 
     </span>
     <span class='ocr_line' id='line_1_25' title="bbox 191 1680 1544 1740; baseline 0.002 -17"><span class='ocrx_word' id='word_1_170' title='bbox 191 1682 433 1731; x_wconf 84' lang='grc' dir='ltr'><em>δοκοῦντας</em></span> <span class='ocrx_word' id='word_1_171' title='bbox 474 1682 634 1732; x_wconf 85' lang='grc' dir='ltr'><em>αὐτοῖς.</em></span> <span class='ocrx_word' id='word_1_172' title='bbox 697 1682 853 1737; x_wconf 76' lang='lat'>&lt;212&gt;</span> <span class='ocrx_word' id='word_1_173' title='bbox 894 1686 1071 1725; x_wconf 82' lang='grc' dir='ltr'><em>πολλῶν</em></span> <span class='ocrx_word' id='word_1_174' title='bbox 1114 1682 1153 1725; x_wconf 87' lang='grc' dir='ltr'><em>δ’</em></span> <span class='ocrx_word' id='word_1_175' title='bbox 1195 1682 1269 1726; x_wconf 82' lang='grc' dir='ltr'><em>ὑπ’</em></span> <span class='ocrx_word' id='word_1_176' title='bbox 1309 1680 1544 1740; x_wconf 82' lang='grc' dir='ltr'><em>Ἀρχελάου</em></span> 
     </span>
     <span class='ocr_line' id='line_1_26' title="bbox 189 1750 1539 1810; baseline 0.001 -17"><span class='ocrx_word' id='word_1_177' title='bbox 189 1751 480 1806; x_wconf 87' lang='grc' dir='ltr'><em>πεμπομένων</em></span> <span class='ocrx_word' id='word_1_178' title='bbox 513 1755 558 1795; x_wconf 81' lang='grc' dir='ltr'><em>οἳ</em></span> <span class='ocrx_word' id='word_1_179' title='bbox 587 1752 859 1803; x_wconf 82' lang='grc' dir='ltr'><em>διαλέξοιντο</em></span> <span class='ocrx_word' id='word_1_180' title='bbox 893 1754 1054 1808; x_wconf 86' lang='grc' dir='ltr'><em>αὐτοῖς,</em></span> <span class='ocrx_word' id='word_1_181' title='bbox 1087 1761 1175 1796; x_wconf 82' lang='grc' dir='ltr'><em>τῶν</em></span> <span class='ocrx_word' id='word_1_182' title='bbox 1206 1751 1245 1796; x_wconf 75' lang='grc' dir='ltr'><em>δ’</em></span> <span class='ocrx_word' id='word_1_183' title='bbox 1275 1754 1354 1810; x_wconf 87' lang='grc' dir='ltr'><em>οὐχ</em></span> <span class='ocrx_word' id='word_1_184' title='bbox 1382 1755 1441 1804; x_wconf 87' lang='grc' dir='ltr'><em>ὡς</em></span> <span class='ocrx_word' id='word_1_185' title='bbox 1465 1750 1539 1795; x_wconf 77' lang='grc' dir='ltr'><em>ὑπ’</em></span> 
     </span>
     <span class='ocr_line' id='line_1_27' title="bbox 190 1820 1544 1880; baseline 0.003 -16"><span class='ocrx_word' id='word_1_186' title='bbox 190 1822 361 1864; x_wconf 68' lang='grc' dir='ltr'><em>ἐκείνου</em></span> <span class='ocrx_word' id='word_1_187' title='bbox 394 1823 547 1878; x_wconf 86' lang='grc' dir='ltr'><em>γνώμῃ</em></span> <span class='ocrx_word' id='word_1_188' title='bbox 580 1820 629 1864; x_wconf 74' lang='grc' dir='ltr'><em>δὲ</em></span> <span class='ocrx_word' id='word_1_189' title='bbox 660 1829 710 1878; x_wconf 71' lang='grc' dir='ltr'><em>τῇ</em></span> <span class='ocrx_word' id='word_1_190' title='bbox 738 1824 884 1865; x_wconf 85' lang='grc' dir='ltr'><em>αὑτῶν</em></span> <span class='ocrx_word' id='word_1_191' title='bbox 914 1824 1098 1877; x_wconf 71' lang='grc' dir='ltr'><em>[δοκεῖν]</em></span> <span class='ocrx_word' id='word_1_192' title='bbox 1127 1826 1395 1880; x_wconf 86' lang='grc' dir='ltr'><em>παριόντων,</em></span> <span class='ocrx_word' id='word_1_193' title='bbox 1428 1825 1544 1875; x_wconf 82' lang='grc' dir='ltr'><em>ὅπως</em></span> 
     </span>
     <span class='ocr_line' id='line_1_28' title="bbox 189 1893 1542 1950; baseline 0.003 -16"><span class='ocrx_word' id='word_1_194' title='bbox 189 1895 251 1943; x_wconf 82' lang='grc' dir='ltr'><em>εἰς</em></span> <span class='ocrx_word' id='word_1_195' title='bbox 281 1895 329 1935; x_wconf 87' lang='grc' dir='ltr'><em>τὸ</em></span> <span class='ocrx_word' id='word_1_196' title='bbox 362 1893 610 1949; x_wconf 77' lang='grc' dir='ltr'><em>πραΰτερον</em></span> <span class='ocrx_word' id='word_1_197' title='bbox 636 1895 979 1948; x_wconf 80' lang='grc' dir='ltr'><em>καταστήσονται</em></span> <span class='ocrx_word' id='word_1_198' title='bbox 1005 1895 1179 1949; x_wconf 84' lang='grc' dir='ltr'><em>αὐτούς,</em></span> <span class='ocrx_word' id='word_1_199' title='bbox 1213 1896 1395 1946; x_wconf 87' lang='grc' dir='ltr'><em>οὐδενὸς</em></span> <span class='ocrx_word' id='word_1_200' title='bbox 1425 1896 1542 1950; x_wconf 84' lang='grc' dir='ltr'><em>ήνεί-</em></span> 
     </span>
     <span class='ocr_line' id='line_1_29' title="bbox 189 1961 1541 2022; baseline 0.002 -17"><span class='ocrx_word' id='word_1_201' title='bbox 189 1979 318 2018; x_wconf 92' lang='grc' dir='ltr'><em>χοντο</em></span> <span class='ocrx_word' id='word_1_202' title='bbox 352 1965 503 2005; x_wconf 77' lang='grc' dir='ltr'><em>εἰπεῖν.</em></span> <span class='ocrx_word' id='word_1_203' title='bbox 567 1963 802 2014; x_wconf 80' lang='grc' dir='ltr'><em>ἀνάστασίς</em></span> <span class='ocrx_word' id='word_1_204' title='bbox 833 1961 869 2006; x_wconf 83' lang='grc' dir='ltr'><em>τ’</em></span> <span class='ocrx_word' id='word_1_205' title='bbox 906 1962 961 2019; x_wconf 75' lang='grc' dir='ltr'><em>ἦν</em></span> <span class='ocrx_word' id='word_1_206' title='bbox 999 1968 1100 2007; x_wconf 87' lang='grc' dir='ltr'><em>λίαν</em></span> <span class='ocrx_word' id='word_1_207' title='bbox 1138 1966 1246 2022; x_wconf 78' lang='grc' dir='ltr'><em>ὀργῇ</em></span> <span class='ocrx_word' id='word_1_208' title='bbox 1288 1965 1541 2022; x_wconf 84' lang='grc' dir='ltr'><em>χρωμένων,</em></span> 
     </span>
     <span class='ocr_line' id='line_1_30' title="bbox 189 2032 1542 2092; baseline 0.003 -16"><span class='ocrx_word' id='word_1_209' title='bbox 189 2037 380 2090; x_wconf 76' lang='grc' dir='ltr'><em>φανεροί</em></span> <span class='ocrx_word' id='word_1_210' title='bbox 407 2033 443 2076; x_wconf 85' lang='grc' dir='ltr'><em>τ’</em></span> <span class='ocrx_word' id='word_1_211' title='bbox 476 2032 589 2089; x_wconf 77' lang='grc' dir='ltr'><em>ἦσαν</em></span> <span class='ocrx_word' id='word_1_212' title='bbox 622 2034 691 2077; x_wconf 86' lang='grc' dir='ltr'><em>ἐπὶ</em></span> <span class='ocrx_word' id='word_1_213' title='bbox 719 2034 828 2090; x_wconf 87' lang='grc' dir='ltr'><em>μέγα</em></span> <span class='ocrx_word' id='word_1_214' title='bbox 860 2036 1124 2091; x_wconf 82' lang='grc' dir='ltr'><em>αὐξήσοντες</em></span> <span class='ocrx_word' id='word_1_215' title='bbox 1150 2039 1230 2092; x_wconf 87' lang='grc' dir='ltr'><em>τὴν</em></span> <span class='ocrx_word' id='word_1_216' title='bbox 1256 2038 1410 2079; x_wconf 88' lang='grc' dir='ltr'><em>στάσιν</em></span> <span class='ocrx_word' id='word_1_217' title='bbox 1435 2040 1542 2092; x_wconf 92' lang='grc' dir='ltr'><em>πλή-</em></span> 
     </span>
     <span class='ocr_line' id='line_1_31' title="bbox 188 2104 867 2160; baseline 0.001 -13"><span class='ocrx_word' id='word_1_218' title='bbox 188 2109 302 2155; x_wconf 87' lang='grc' dir='ltr'><em>θους</em></span> <span class='ocrx_word' id='word_1_219' title='bbox 335 2104 676 2160; x_wconf 83' lang='grc' dir='ltr'><em>ἐπισυρρυέντος</em></span> <span class='ocrx_word' id='word_1_220' title='bbox 707 2106 867 2156; x_wconf 88' lang='grc' dir='ltr'><em>αὐτοῖς.</em></span> 
     </span>
    </p>

    <p class='ocr_par' dir='ltr' id='par_1_8' title="bbox 188 2174 1541 2306">
     <span class='ocr_line' id='line_1_32' title="bbox 278 2174 1541 2235; baseline 0.004 -19"><span class='ocrx_word' id='word_1_221' title='bbox 278 2176 422 2229; x_wconf 78' lang='grc'>&lt;213&gt;</span> <span class='ocrx_word' id='word_1_222' title='bbox 457 2174 668 2230; x_wconf 84' lang='grc' dir='ltr'><em>ἐνστάσης</em></span> <span class='ocrx_word' id='word_1_223' title='bbox 701 2175 749 2218; x_wconf 76' lang='grc' dir='ltr'><em>δὲ</em></span> <span class='ocrx_word' id='word_1_224' title='bbox 780 2179 888 2219; x_wconf 85' lang='grc' dir='ltr'><em>κατὰ</em></span> <span class='ocrx_word' id='word_1_225' title='bbox 918 2179 1048 2220; x_wconf 91' lang='grc' dir='ltr'><em>τόνδε</em></span> <span class='ocrx_word' id='word_1_226' title='bbox 1081 2180 1158 2220; x_wconf 90' lang='grc' dir='ltr'><em>τὸν</em></span> <span class='ocrx_word' id='word_1_227' title='bbox 1187 2180 1341 2233; x_wconf 87' lang='grc' dir='ltr'><em>καιρὸν</em></span> <span class='ocrx_word' id='word_1_228' title='bbox 1374 2177 1541 2235; x_wconf 80' lang='grc' dir='ltr'><em>ἑορτῆς,</em></span> 
     </span>
     <span class='ocr_line' id='line_1_33' title="bbox 188 2242 1540 2306; baseline 0.003 -18"><span class='ocrx_word' id='word_1_229' title='bbox 188 2246 235 2288; x_wconf 85' lang='grc' dir='ltr'><em>ἐν</em></span> <span class='ocrx_word' id='word_1_230' title='bbox 281 2242 307 2302; x_wconf 75' lang='grc' dir='ltr'><em>ᾗ</em></span> <span class='ocrx_word' id='word_1_231' title='bbox 348 2242 579 2296; x_wconf 85' lang='grc' dir='ltr'><em>Ἰουδαίοις</em></span> <span class='ocrx_word' id='word_1_232' title='bbox 622 2247 761 2301; x_wconf 78' lang='grc' dir='ltr'><em>ἄζυμα</em></span> <span class='ocrx_word' id='word_1_233' title='bbox 805 2250 1101 2303; x_wconf 82' lang='grc' dir='ltr'><em>προτίθεσθαι</em></span> <span class='ocrx_word' id='word_1_234' title='bbox 1147 2249 1331 2303; x_wconf 89' lang='grc' dir='ltr'><em>πάτριον</em></span> <span class='ocrx_word' id='word_1_235' title='bbox 1376 2249 1540 2306; x_wconf 80' lang='grc' dir='ltr'><em>(φάσκα</em></span> 
     </span>
    </p>

    <p class='ocr_par' dir='ltr' id='par_1_9' title="bbox 284 2326 872 2373">
     <span class='ocr_line' id='line_1_34' title="bbox 284 2326 872 2373; baseline 0.005 -13"><span class='ocrx_word' id='word_1_236' title='bbox 284 2331 303 2369; x_wconf 65' lang='grc' dir='ltr'>ξ</span> <span class='ocrx_word' id='word_1_237' title='bbox 330 2330 397 2360; x_wconf 72' lang='lat'><em>213</em></span> <span class='ocrx_word' id='word_1_238' title='bbox 425 2326 469 2362; x_wconf 85' lang='lat' dir='ltr'><em>cf.</em></span> <span class='ocrx_word' id='word_1_239' title='bbox 497 2327 589 2363; x_wconf 80' lang='lat' dir='ltr'>Bell.</span> <span class='ocrx_word' id='word_1_240' title='bbox 616 2327 695 2363; x_wconf 84' lang='lat' dir='ltr'><strong>Iud.</strong></span> <span class='ocrx_word' id='word_1_241' title='bbox 722 2328 755 2361; x_wconf 94' lang='grc' dir='ltr'>Π</span> <span class='ocrx_word' id='word_1_242' title='bbox 783 2332 813 2373; x_wconf 65' lang='lat'><em>1,</em></span> <span class='ocrx_word' id='word_1_243' title='bbox 841 2332 872 2364; x_wconf 83' lang='lat'><em>3.</em></span> 
     </span>
    </p>
   </div>
   <div class='ocr_carea' id='block_1_7' title="bbox 1568 850 1600 875">
    <p class='ocr_par' dir='ltr' id='par_1_10' title="bbox 1568 850 1600 875">
     <span class='ocr_line' id='line_1_35' title="bbox 1568 850 1600 875; baseline 0.031 -1"><span class='ocrx_word' id='word_1_244' title='bbox 1568 850 1600 875; x_wconf 94' lang='grc'><em>10</em></span> 
     </span>
    </p>
   </div>
   <div class='ocr_carea' id='block_1_8' title="bbox 1565 1202 1598 1228">
    <p class='ocr_par' dir='ltr' id='par_1_11' title="bbox 1565 1202 1598 1228">
     <span class='ocr_line' id='line_1_36' title="bbox 1565 1202 1598 1228; baseline 0 0"><span class='ocrx_word' id='word_1_245' title='bbox 1565 1202 1598 1228; x_wconf 86' lang='grc'><em>15</em></span> 
     </span>
    </p>
   </div>
   <div class='ocr_carea' id='block_1_9' title="bbox 1563 1557 1597 1582">
    <p class='ocr_par' dir='ltr' id='par_1_12' title="bbox 1563 1557 1597 1582">
     <span class='ocr_line' id='line_1_37' title="bbox 1563 1557 1597 1582; baseline 0.029 -1"><span class='ocrx_word' id='word_1_246' title='bbox 1563 1557 1597 1582; x_wconf 81' lang='lat'><em>20</em></span> 
     </span>
    </p>
   </div>
   <div class='ocr_carea' id='block_1_10' title="bbox 1562 1909 1596 1935">
    <p class='ocr_par' dir='ltr' id='par_1_13' title="bbox 1562 1909 1596 1935">
     <span class='ocr_line' id='line_1_38' title="bbox 1562 1909 1596 1935; baseline 0 0"><span class='ocrx_word' id='word_1_247' title='bbox 1562 1909 1596 1935; x_wconf 74' lang='lat'><em>25</em></span> 
     </span>
    </p>
   </div>
   <div class='ocr_carea' id='block_1_11' title="bbox 1560 2263 1594 2288">
    <p class='ocr_par' dir='ltr' id='par_1_14' title="bbox 1560 2263 1594 2288">
     <span class='ocr_line' id='line_1_39' title="bbox 1560 2263 1594 2288; baseline -0.029 0"><span class='ocrx_word' id='word_1_248' title='bbox 1560 2263 1594 2288; x_wconf 87' lang='lat'><em>30</em></span> 
     </span>
    </p>
   </div>
   <div class='ocr_carea' id='block_1_12' title="bbox 1658 0 1732 2526">
    <p class='ocr_par' dir='ltr' id='par_1_15' title="bbox 1658 0 1732 2526">
     <span class='ocr_line' id='line_1_40' title="bbox 1658 0 1732 2526; baseline 0 0"><span class='ocrx_word' id='word_1_249' title='bbox 1658 0 1732 2526; x_wconf 95' lang='lat' dir='ltr'><em> </em></span> 
     </span>
    </p>
   </div>
  </div>
 </body>
</html>
