1732 2526
564 72 972 104 EHTAKAIAEKATH
1388 71 1441 112 73

98 177 209 233 ἁνὴρ
241 177 313 220 καὶ
339 185 429 228 τοῖς
455 178 681 233 ἐγχωρίοις
714 179 763 220 τὰ
791 179 900 234 πρὸς
924 181 1026 228 τοὺς
1064 182 1340 235 Τραχωνίτας
1371 179 1443 221 καὶ

92 247 321 291 Ἰουδαίων
356 257 446 298 τοῖς
482 247 528 290 ἐκ
559 250 828 303 Βαβυλῶνος
865 247 1209 303 ἀφικνουμένοις
1247 251 1319 291 διὰ
1360 255 1443 292 θυ-

99 321 193 369 σιάς
236 317 305 360 ἐπὶ
341 318 680 374 Ἱεροσολύμων,
729 325 807 361 τοῦ
857 320 915 374 μὴ
961 322 1179 374 λῃστείαις
1228 321 1312 363 ὑπὸ
1357 329 1444 363 τῶν

105 393 394 445 Τραχωνιτῶν
426 394 787 444 κακουργεῖσθαι·
817 393 977 432 πολλοί
1003 388 1050 431 θ’
1087 391 1144 440 ὡς
1177 391 1311 433 αὐτὸν
1344 392 1444 446 ἀφί-

63 477 78 500 s
99 477 228 503 κοντο
260 458 331 502 καὶ
364 459 686 515 ἁπανταχόθεν,
722 454 787 509 οἷς
817 461 868 501 τὰ
895 457 1123 502 Ἰουδαίων
1155 462 1445 517 θεραπεύεται

49 832 80 855 10

52 1184 84 1208 15

54 1890 88 1915 25

97 532 268 586 πάτρια.
331 530 456 584 <27>
495 529 568 572 καὶ
606 529 777 584 ἐγένετο
816 531 840 585 ἡ
878 532 998 586 χώρα
1040 533 1214 586 σφόδρα
1254 533 1446 574 πολυάν-

100 607 280 657 θρωπος
316 601 442 658 ἀδείᾳ
479 607 557 643 τοῦ
595 599 666 643 ἐπὶ
702 608 835 643 πᾶσιν
876 601 1066 651 ἀτελοῦς.
1130 602 1152 644 ὃ
1184 602 1447 657 παρέμεινεν

100 673 248 722 αὐτοῖς
271 671 478 727 “Ηρώδου
506 674 680 723 ζῶντος·
725 675 943 722 Φίλιππος
970 671 1018 714 δὲ
1045 674 1250 729 δεύτερος
1276 673 1446 716 ἐκείνου

99 743 367 798 παραλαβὼν
404 744 484 798 τὴν
522 742 662 799 ἀρχὴν
704 744 830 798 ὀλίγα
870 759 914 785 τε
956 743 1028 785 καὶ
1070 743 1134 786 ἐπ’
1178 744 1331 798 ὀλίγον
1372 744 1448 785 αὐ-

101 816 203 864 τοὺς
234 813 459 870 ἐπράξατο.
515 815 629 868 <28>
659 810 894 869 Ἀγρίππας
925 813 1072 869 μέντοι
1100 813 1139 868 γ’
1171 814 1193 856 6
1219 813 1352 869 μέγας
1376 813 1448 856 καὶ

102 885 124 927 6
168 892 270 935 παῖς
313 884 448 927 αὐτοῦ
489 884 560 926 καὶ
602 885 835 940 ὁμώνυμος
874 884 945 927 καὶ
989 886 1105 927 πάνυ
1150 885 1448 941 ἐξετρύχωσαν

102 956 275 1008 αὐτούς,
308 956 360 998 οὐ
393 955 543 1010 μέντοι
574 957 626 997 τὰ
658 962 734 1010 τῆς
760 955 1017 1011 ἐλευθερίας
1044 964 1185 998 κινεῖν
1211 956 1449 1011 ἠθέλησαν.

101 1025 201 1082 παρ’
239 1022 300 1068 ὧν
326 1025 528 1081 Ῥωμαῖοι
560 1026 789 1081 δεξάμενοι
820 1028 900 1081 τὴν
932 1026 1071 1082 ἀρχὴν
1103 1033 1181 1069 τοῦ
1219 1025 1299 1081 μὲν
1331 1027 1450 1069 ε’λευ-

102 1096 242 1151 θέρου
281 1096 355 1139 καὶ
396 1096 520 1139 αὐτοὶ
557 1104 742 1152 τηροῦσι
778 1099 859 1152 τὴν
897 1097 1098 1151 ἀξίωσιν,
1142 1097 1365 1151 ἐπιβολαῖς
1404 1095 1452 1139 δὲ

104 1176 192 1211 τῶν
223 1170 375 1224 φόρων
407 1170 470 1217 εἰς
499 1169 548 1210 τὸ
580 1168 760 1222 πάμπαν
794 1167 972 1210 ἐπίεσαν
1006 1168 1177 1217 αὐτούς.

127 1251 129 1253 “
191 1239 306 1294 <29>
336 1238 409 1281 καὶ
440 1239 543 1281 τάδε
576 1236 656 1293 μὲν
688 1234 715 1295 ἧ
747 1240 898 1293 καιρὸς
935 1239 1236 1294 ἀκριβώσομαι
1272 1240 1452 1293 προϊόν-

103 1327 176 1361 τος
215 1316 294 1353 τοῦ
334 1312 488 1364 λόγου·
544 1313 723 1366 τελευτᾷ
764 1307 810 1351 δὲ
851 1310 1046 1366 Ζάμαρις
1088 1309 1110 1351 6
1151 1310 1486 1363 Βαβυλώνιος,.

105 1381 152 1431 ὃς
190 1381 258 1423 ἐπὶ
296 1384 443 1436 κτήσει
480 1382 610 1436 τῆσδε
652 1387 727 1435 τῆς
758 1382 899 1436 χώρας
924 1379 1102 1437 “Ηρώδῃ
1135 1387 1452 1435 προσποιεῖται,

107 1453 233 1506 ζήσας
265 1449 354 1507 μετ’
392 1452 547 1508 ἀρετῆς
576 1450 650 1494 καὶ
679 1453 840 1501 παῖδας
870 1452 1012 1493 λιπὼν
1050 1450 1268 1505 ἀγαθούς,
1305 1449 1453 1492 Ἰάκει-

53 1538 67 1562 2
106 1539 190 1578 μον
234 1521 334 1578 μέν,
386 1522 433 1572 ὃς
483 1522 665 1579 ἀνδρεία
708 1525 944 1577 γενόμενος
995 1521 1209 1576 ἐπιφανὴς
1254 1522 1453 1563 ἱππεύειν

107 1596 398 1649 συνεκρότησε
442 1596 544 1643 τοὺς
586 1591 667 1648 ὑφ’
717 1594 834 1651 αὑτῷ
877 1596 1214 1648 Βαβυλωνιόυς,
1266 1591 1338 1634 καὶ
1383 1595 1452 1647 ἴλη

106 1666 244 1707 τῶνδε
276 1672 364 1707 τῶν
396 1664 574 1719 ἀνδρῶν
607 1664 870 1721 ἐδορυφόρει
907 1665 1067 1707 τούσδε
1103 1666 1206 1713 τοὺς
1237 1662 1453 1718 βασιλέας.

108 1736 223 1789 <30>
259 1734 331 1777 καὶ
362 1734 573 1790 Ἰάκειμος
610 1734 658 1777 ἐν
695 1737 826 1791 γήραι
863 1739 1077 1777 τελευτῶν
1117 1737 1340 1776 Φίλιππον
1377 1734 1455 1775 τὸν

107 1807 208 1849 υἱὸν
240 1805 439 1848 κατέλιπε
473 1807 614 1861 ἄνδρα
645 1813 791 1862 χεῖρας
823 1806 1017 1861 ἀγαθόν,
1054 1805 1125 1848 καὶ
1156 1801 1292 1848 τᾶλλα
1325 1804 1454 1860 ἀρετῇ

107 1882 301 1933 χρῆσθαι
333 1875 434 1931 παρ’
472 1876 680 1919 ὁντινοῦν
706 1875 951 1930 ἀξιόλογον.
1009 1876 1123 1930 <31>
1149 1876 1300 1929 διόπερ
1328 1876 1455 1928 φιλία

107 1963 153 1990 τε
197 1948 326 2002 πιστὴ
371 1945 443 1988 καὶ
487 1946 638 1988 εὔνοια
683 1944 882 2000 ἀσφαλὴς
919 1945 1035 2002 αὐτῷ
1073 1947 1182 2001 πρὸς
1214 1943 1455 2001 Ἀγρίππαν

109 2021 304 2073 γίγνεται
346 2019 424 2060 τὸν
467 2014 664 2070 βασιλέα·
716 2017 922 2071 στρατιὰν
967 2014 1006 2057 δ’
1054 2016 1222 2071 ὁπόσην
1266 2015 1288 2057 6
1333 2019 1455 2070 βασι-

111 2091 210 2139 λεὺς
243 2091 437 2144 ἔτρεφεν,
470 2084 598 2136 οὗτος
623 2085 768 2128 ἀσκῶν
795 2085 992 2141 διετέλει,
1024 2085 1095 2128 καὶ
1125 2087 1208 2142 ὅπῃ
1236 2085 1456 2138 ἐξοδεύειν

112 2160 309 2213 δεήσειεν
339 2158 595 2213 ἡγούμενος.

58 2243 92 2269 30
199 2230 314 2284 <32>
347 2228 552 2283 “Ηρώδου
591 2226 633 2269 δ’
668 2227 715 2269 ἐν
747 2222 813 2278 οἷς
844 2225 967 2270 εἶπον
1006 2229 1152 2282 ὄντος,
1191 2227 1368 2283 ἀφεώρα
1406 2228 1457 2268 τὰ
1483 2239 1506 2269 4

111 2300 252 2342 πάντα
288 2299 518 2355 πράγματα
556 2299 618 2349 εἰς
645 2297 950 2353 Ἀντίπατρον,
993 2299 1095 2354 κάφ’
1133 2293 1197 2348 οἷς
1234 2299 1457 2352 ἐθελήσειε
