1732 2526
241 89 326 132 132
729 89 1094 123 APXAIOAOPIAZ

238 208 380 251 τησιν,
412 195 581 250 ἐξήταζε
613 194 713 251 περὶ
740 194 1081 251 Ἀριστοβούλου
1113 197 1158 237 τί
1185 194 1253 237 καὶ
1283 196 1459 249 γεγόνοι
1486 205 1593 248 συνῆ

238 265 528 316 εκκλαπέντος
568 266 707 323 αὐτῷ,
738 265 810 309 καὶ
850 264 906 308 δι’
951 267 1006 321 ἣν
1038 268 1182 308 αἰτίαν
1215 266 1268 308 οὐ
1293 266 1590 319 παραγεγόνοι

237 338 612 392 μεταποιούμενος
642 343 718 391 τῆς
750 336 870 388 ἀξίας
901 334 952 391 ἧς
990 343 1182 392 προσῆκε
1220 336 1456 392 τυγχάνειν
1487 336 1591 384 τοὺς

237 408 353 450 οὕτω
398 410 645 462 γεγονότας.
707 408 851 463 <335>
895 406 1095 462 φαμένου
1141 405 1180 448 δ’
1228 405 1298 448 ἐπὶ
1336 407 1476 460 νήσου
1516 411 1591 460 τῆς

236 479 454 534 Κυπρίων
485 481 829 533 καταλελεῖφθαι
861 478 1087 520 κινδύνων
1113 478 1330 533 ὑφοράσει
1362 484 1451 518 τῶν
1482 476 1591 518 κατὰ
1628 488 1644 514 5

237 549 481 603 θάλατταν,
512 550 553 590 εἰ
580 548 681 604 περὶ
713 549 849 590 αὐτὸν
882 550 1065 603 συσταίη
1093 563 1133 589 τι
1161 549 1325 601 δεινόν,
1352 548 1410 602 μὴ
1438 560 1591 588 παντε-

238 617 310 669 λὲς
342 618 564 674 ἐξαλιφείη
597 621 645 661 τὸ
676 619 949 675 Μαριάμμης
980 616 1122 672 γένος,
1155 617 1265 659 ἀλλὰ
1296 618 1462 673 περιὼν
1480 614 1592 672 Ἀρι-

237 692 480 744 στόβουλος
499 689 624 744 μένοι
644 692 747 739 τοὺς
767 689 1198 744 ἐπιβεβουλευκότας,
1218 689 1362 742 <336>
1387 712 1437 718 -
1455 694 1593 730 ταῦτα

239 758 621 816 διισχυριζομένου
671 759 744 802 καὶ
792 766 1063 809 συνεστῶτος
1104 759 1220 815 αὐτῷ
1273 765 1352 802 τοῦ
1402 773 1594 814 μηχανο-

238 837 372 873 ποιοῦ
402 837 477 885 τῆς
508 830 718 886 πράξεως,
750 833 924 885 Καῖσαρ
957 830 1066 872 κατὰ
1097 831 1235 884 μόνας
1272 829 1510 884 ἀπολαβὼν
1542 831 1591 871 τὸ
1613 843 1646 868 10

240 902 468 957 μειράκιον
501 901 635 943 ρἀλλά
668 913 738 944 σοι
771 900 956 956 μισθός’
982 897 1075 942 εἷπε
1103 900 1404 955 “προκείσεται
1429 906 1509 942 τοῦ
1535 901 1593 955 μὴ

239 970 312 1013 καὶ
342 973 452 1027 πρὸς
494 969 567 1026 ἐμὲ
606 971 747 1027 ἀπάτῃ
788 969 1066 1027 χρησομένου
1105 972 1153 1013 τὸ
1195 971 1252 1025 μὴ
1286 970 1595 1026 ἀπολούμενον

240 1048 314 1097 τῆς
348 1045 576 1098 σωτηρίας.
626 1042 741 1097 φάθι
769 1043 823 1095 δή
850 1058 923 1096 μοι
950 1041 1086 1084 αὐτόν
1111 1039 1158 1083 θ’
1190 1041 1237 1091 ὃς
1263 1042 1325 1083 ὢν
1350 1041 1596 1097 τυγχάνεις,

240 1111 313 1155 καὶ
341 1114 388 1163 ὅς
415 1125 461 1155 σε
488 1113 637 1155 τοιάδε
663 1108 737 1168 ᾖξε
764 1116 976 1167 τολμῆσαι
1004 1114 1305 1155 διανοεῖσθαι·
1338 1114 1486 1166 μεῖζον
1512 1113 1596 1167 γὰρ

241 1185 290 1226 τὸ
335 1183 632 1238 ἐπιβούλευμα
676 1185 827 1233 κακίας
870 1180 921 1237 ἧς
966 1183 1267 1239 ἐγκεχείρηκας
1304 1185 1479 1238 χρόνων
1520 1183 1597 1233 οὓς
1617 1196 1649 1223 15

241 1255 437 1309 γεγονὼς
468 1254 726 1309 τυγχάνειςῖ
788 1254 934 1308 <337>
965 1251 1038 1296 καὶ
1072 1254 1125 1308 δή
1161 1252 1233 1309 (οὐ
1259 1253 1343 1308 γὰρ
1369 1250 1425 1307 ἧν
1454 1254 1596 1304 ἄλλως

241 1323 468 1381 πράττειν)
508 1325 662 1380 φράζει
699 1326 808 1380 πρὸς
845 1326 922 1366 τὸν
960 1326 1163 1380 Καίσαρα
1203 1325 1252 1366 τὸ
1286 1323 1595 1379 ἐπιβούλευμα,

243 1395 296 1436 ὅν
328 1411 372 1437 τε
403 1397 570 1451 τρόπον
602 1393 674 1437 καὶ
706 1393 783 1450 ὑφ’
822 1392 874 1437 οὗ
913 1395 1120 1450 τυγχάνει
1158 1396 1461 1449 συγκείμενον.
1523 1393 1596 1437 καὶ

244 1465 267 1507 ὁ
299 1467 473 1521 Καῖσαρ
506 1467 583 1508 τὸν
615 1464 696 1520 μὲν
736 1464 1133 1520 Ψευδαλέξανδρον
1167 1463 1240 1520 (οὐ
1270 1465 1353 1520 γὰρ
1381 1464 1595 1516 ἐψεύσατο

244 1537 485 1591 ὁμολογίαν
516 1537 596 1590 τὴν
627 1538 736 1590 πρὸς
767 1535 923 1592 αὐτόν)
957 1537 1224 1591 δραστήριον
1257 1536 1374 1591 ὁρῶν
1410 1536 1596 1592 αὐτουρ-
1616 1549 1650 1574 20

243 1612 376 1661 γῆσαι
406 1613 466 1663 τῷ
499 1607 681 1661 σώματι,
713 1605 902 1662 ἐρέττειν
936 1605 983 1647 ἐν
1015 1612 1108 1656 τοῖς
1138 1606 1319 1656 ναύταις
1352 1605 1596 1662 καταλέγει,

243 1678 322 1719 τὸν
355 1675 393 1718 δ’
431 1676 729 1719 ἀναπείσαντα
760 1679 930 1719 κτείνει.
980 1677 1127 1732 <338>
1158 1678 1367 1732 καταδίκη
1402 1675 1440 1718 δ’
1472 1679 1597 1733 ἤρκει

243 1750 439 1801 Μηλίοις
471 1749 610 1791 ὁπόσα
643 1747 941 1790 ἐτετελέκεσαν
973 1749 1035 1798 εἰς
1072 1749 1149 1790 τὸν
1197 1747 1596 1804 Ψευδαλέξανδρον

246 1818 320 1859 διὰ
351 1824 481 1872 κενῆς
506 1817 793 1860 ἀναλωκέναι.

334 1887 479 1943 <339>
512 1888 584 1930 καὶ
615 1890 666 1931 τὰ
698 1887 778 1943 μὲν
809 1888 908 1945 περὶ
939 1891 1018 1932 τὸν
1063 1887 1460 1946 Ψευδαλέξανδρον
1497 1893 1595 1932 τολ-
1616 1901 1648 1928 25

177 1959 394 2014 13μηρῶς
431 1958 701 2002 συντεθέντα
733 1960 871 2010 οὕτως
908 1959 1072 2010 ἀκλεῶς
1100 1957 1228 2016 εἶχεν.
1285 1958 1516 2016 Ἀρχέλαος
1548 1959 1596 2003 δὲ

246 2031 327 2084 τὴν
361 2029 604 2085 ἐθναρχίαν
635 2032 904 2087 παραλαβὼν
938 2029 1029 2073 ἐπεὶ
1061 2032 1123 2082 εἰς
1145 2029 1366 2073 Ἰουδαίαν
1399 2031 1596 2086 ἀφικνεῖ-

247 2116 333 2154 ται,
359 2098 593 2156 Ἰωάζαρον
630 2102 708 2143 τὸν
745 2104 929 2156 Βοηθοῦ
966 2101 1238 2157 ἀφελόμενος
1273 2102 1354 2156 τὴν
1386 2100 1597 2157 ἀρχιερω-

249 2171 405 2225 σύνην,
443 2170 661 2213 ἐπικαλῶν
701 2171 817 2229 αὐτῷ
851 2173 909 2223 ὡς
946 2172 1153 2215 συστάντι
1189 2179 1279 2222 τοῖς
1322 2173 1596 2228 στασιώταις,

244 2239 502 2294 Ἐλεάζαρον
533 2243 611 2284 τὸν
643 2241 815 2285 ἐκείνου
849 2242 1180 2285 ἐπικαθίσταται
1212 2242 1419 2298 ἀδελφόν.
1451 2243 1596 2299 <34Ο>
1615 2254 1650 2281 30

345 2325 364 2363 ἓ
391 2324 457 2356 335
485 2322 530 2357 cf.
556 2322 649 2357 Bell.
675 2323 753 2359 Iud.
781 2323 815 2357 11
842 2327 872 2368 7,
900 2327 931 2358 2.
