1732 2526
23 822 55 847 10

21 1175 54 1199 15

21 1528 54 1553 20

21 1881 54 1906 25

534 68 971 101 ENNEAKAIAEKATH
1341 67 1427 108 249

79 177 381 228 συγκλητικῶν
412 172 469 228 ἣν
500 175 613 216 πολὺ
645 172 798 227 πλέον,
836 175 1068 231 διαμαρτίᾳ
1100 173 1180 229 μὲν
1211 181 1289 217 τοῦ
1320 176 1429 217 κατὰ

77 246 159 299 τὴν
201 245 458 300 ἐλευθερίαν
499 244 766 300 αὐχήματος,
809 247 935 302 φόβῳ
978 243 1025 286 δὲ
1067 253 1146 288 τοῦ
1188 247 1428 288 Κλαυδίου.

77 316 221 369 <251>
254 316 306 358 οὐ
338 317 424 370 μὴν
457 313 554 357 ἀλλ’
585 312 698 369 ἦσαν
730 316 777 357 οἱ
805 314 1026 369 ἐφιέμενοι
1052 314 1207 369 γένους
1232 312 1271 358 τ’
1302 316 1428 367 ἀξιώ-

77 402 178 440 ματι
223 385 294 427 καὶ
333 387 565 440 οἰκειότητι
607 385 763 440 γάμου.
823 385 894 427 καὶ
939 386 1022 440 γὰρ
1060 388 1262 428 Βινίκιον
1300 389 1429 441 Μᾶρ-

77 472 175 507 κον,
221 455 292 498 καὶ
330 463 380 511 τῇ
418 453 520 498 καθ’
563 456 698 498 αὑτὸν
736 459 1011 510 γενναιότητι
1048 456 1280 510 ἀξιόλογον
1323 459 1428 499 ὄντα

76 526 148 569 καὶ
192 527 388 582 ἀδελφὴν
432 530 473 569 Γ
469 529 569 569 αΐου
619 529 893 581 γεγαμηκότα
932 525 1143 581 Ἰουλίαν,
1192 529 1429 582 πρόθυμον

77 599 182 640 ὄντα
219 598 544 655 ἀντιποιεῖσθαι
583 605 670 639 τῶν
706 598 973 652 πραγμάτων
1011 606 1211 653 κατεῖχον
1244 599 1290 640 oc
1319 598 1429 639 ὕπα-

75 683 143 710 τοι
174 671 398 723 πρόφασιν
431 668 478 710 ἐκ
502 668 764 723 προφάσεως
789 668 1080 721 ἀναρτῶντες·
1119 670 1264 722 (252)
1290 667 1429 710 ’δαλέ-

76 741 175 793 ριόν
200 754 244 780 τε
268 737 512 781 Ἀσιατικὸν
539 741 831 789 Βινουκιανὸς
856 733 918 789 εἷς
943 747 1031 781 τῶν
1058 742 1099 781 Γ
1095 741 1195 782 αΐου
1223 738 1428 794 σφαγέων

75 808 219 865 ἀνεῖχε
257 810 472 852 τοιούτων
511 811 734 851 διανοιῶν.
797 809 991 864 ἐγεγόνει
1030 809 1069 852 δ’
1107 810 1162 852 ἂν
1204 812 1343 865 φόνος
1375 811 1428 852 οὔ

75 896 193 930 τινος
225 880 415 922 ἐλάττων
448 879 828 936 συγχωρηθέντων
860 889 948 922 τῶν
980 880 1321 935 ἐπιθυμούντων
1352 887 1430 934 τῆς

74 950 310 1005 ἡγεμονίας
343 948 442 992 ὥστ’
481 950 796 1001 ἀντιτάξασθαι
824 952 1045 1009 Κλαυδίῳ.
1106 952 1250 1005 (253)
1285 952 1430 1001 ἄλλως

74 1037 118 1063 τε
151 1020 223 1063 καὶ
255 1022 302 1063 οἱ
328 1021 571 1076 μονομάχοι
605 1021 795 1075 (πλῆθος
827 1021 869 1063 δ’
907 1019 963 1076 ἦν
996 1023 1140 1064 αὐτῶν
1173 1021 1426 1076 ἀξιόλογον)

73 1091 146 1134 καὶ
176 1099 264 1134 τῶν
298 1099 575 1147 στρατιωτῶν
608 1093 655 1134 οἱ
681 1096 1119 1147 νυκτοφυλακοῦντες
1149 1092 1218 1134 ἐπὶ
1244 1099 1319 1146 τῆς
1350 1094 1428 1134 πό-

75 1166 195 1217 λεως,
229 1161 370 1218 ἐρέται
395 1161 441 1204 θ’
475 1163 643 1216 ὁπόσοι,
678 1162 917 1218 συνέρρεον
947 1164 1009 1212 εἰς
1033 1164 1082 1205 τὸ
1110 1164 1427 1218 στρατόπεδον·

74 1233 183 1275 ὥστε
214 1240 304 1275 τῶν
330 1235 570 1288 μετιόντων
595 1233 676 1287 τὴν
709 1233 846 1288 ἀρχὴν
880 1236 926 1275 οἳ
954 1231 1035 1288 μὲν
1066 1235 1218 1288 φειδοῖ
1245 1239 1320 1287 τῆς
1350 1235 1428 1275 πό-

74 1307 194 1357 λεως,
228 1306 272 1346 οἳ
303 1302 350 1346 δὲ
382 1303 454 1346 καὶ
486 1306 613 1361 φόβῳ
645 1309 704 1362 τῷ
737 1301 848 1359 ὑπὲρ
881 1304 1027 1346 αὑτῶν
1059 1303 1319 1358 ἀπέστησαν.

162 1375 316 1427 <254>
367 1375 453 1417 ὑπὸ
505 1372 553 1417 δὲ
603 1376 684 1429 τὴν
733 1375 910 1429 πρώτην
961 1374 1099 1430 ἀρχὴν
1151 1373 1312 1430 ἡμέρας
1354 1374 1427 1417 καὶ

76 1444 263 1500 Χαιρέας
294 1444 366 1486 καὶ
399 1445 444 1487 οὗ
473 1447 556 1487 σὺν
589 1445 706 1502 αὐτῷ
743 1447 1042 1500 παρελθόντες
1083 1444 1130 1486 ἐν
1163 1444 1423 1501 ἐπιχειρήσει

74 1517 218 1569 λόγων
256 1513 370 1569 ἦσαν
407 1516 516 1569 πρὸς
552 1517 655 1564 τοὺς
692 1516 966 1570 στρατιώτας.
1028 1523 1117 1557 τῶν
1156 1513 1203 1557 δὲ
1242 1518 1289 1558 τὸ
1321 1519 1428 1570 πλῆ-

73 1590 156 1635 θος
187 1586 245 1635 ὡς
278 1586 359 1642 ὁρᾷ
391 1586 610 1635 παύοντας
637 1585 795 1635 αὐτοὺς
821 1593 914 1636 ταῖς
940 1585 1060 1641 χερσὶ
1086 1585 1157 1627 καὶ
1183 1593 1261 1628 τοῦ
1287 1588 1431 1628 εἰπεῖν

75 1656 196 1706 οἴους
232 1654 270 1697 τ’
315 1657 551 1711 ἄρχεσθαι,
593 1655 898 1711 ἀνεθορύβησε
937 1657 994 1710 μὴ
1028 1655 1198 1711 ἐφιέναι
1232 1655 1331 1698 ὥστ’
1368 1659 1429 1698 εί-

73 1734 172 1768 πεῖν
214 1727 287 1768 διὰ
328 1731 376 1769 τὸ
419 1727 653 1781 ὡρμῆσθαι
692 1727 857 1776 πάντας
898 1726 967 1769 ἐπὶ
1008 1728 1056 1768 τὸ
1089 1731 1428 1782 μοναρχεῖσθαι·

73 1798 151 1839 τὸν
196 1795 234 1838 δ’
278 1797 555 1852 ἡγησόμενον
598 1797 784 1840 ἐκάλουν
829 1799 886 1847 ὡς
930 1798 1011 1840 οὐκ
1055 1797 1310 1853 ἀνεξόμενοι
1352 1805 1427 1853 τῆς

73 1870 236 1923 τριβῆς.
301 1869 444 1922 <255>
477 1874 527 1923 τῇ
561 1870 787 1925 συγκλήτῳ
824 1867 862 1910 δ’
903 1867 1063 1923 ἀπορία
1095 1869 1246 1924 ἄρχειν
1277 1885 1322 1910 τε
1355 1869 1427 1911 καὶ

74 1938 127 1980 ὃν
159 1938 366 1994 ἀρχθεῖεν
398 1938 454 1980 ἂν
491 1940 677 1993 τρόπον,
718 1939 819 1981 οὔτε
859 1937 1109 1994 δεχομένων
1147 1939 1307 1989 αὐτοὺς
1339 1948 1428 1981 τῶν

75 2017 372 2065 στρατιωτῶν,
413 2007 485 2051 καὶ
522 2017 611 2051 τῶν
643 2011 686 2050 Γ
682 2011 783 2051 αῖόυ
822 2008 1027 2064 σφαγέων
1060 2018 1305 2065 συγχωρεῖν
1337 2018 1428 2060 τοῖς

48 2086 49 2089 ’
75 2081 358 2135 στρατιώταις
390 2080 470 2122 οὐκ
504 2079 728 2135 ἐφιέντων.
778 2080 923 2134 <256>
950 2079 997 2121 ἐν
1024 2081 1239 2130 τοιούτοις
1265 2078 1313 2122 δὲ
1338 2089 1427 2123 τῶν

73 2151 339 2207 πραγμάτων
372 2153 534 2205 ὄντων,
574 2149 759 2206 Χαιρέας
790 2151 870 2205 τὴν
903 2150 1039 2205 ὀργὴν
1073 2151 1153 2193 οὐκ
1187 2150 1428 2205 ἀνασχόμε-

21 2234 56 2259 30
77 2237 152 2271 νος
182 2223 290 2276 πρὸς
321 2223 401 2276 τὴν
434 2225 606 2275 αἴτησιν
638 2228 716 2264 τοῦ
743 2221 1079 2276 αὐτοκράτορος,
1113 2222 1272 2263 δώσειν
1300 2221 1429 2275 ἐπηγ·

76 2292 252 2346 γε’λλετο
285 2294 545 2348 στρατηγόν,
579 2296 623 2334 εἴ
649 2308 711 2342 τις
739 2292 854 2349 αὐτῷ
882 2298 1064 2346 σημεῖον
1089 2290 1189 2347 παρ’
1222 2292 1428 2347 Εὐτύχου
