1732 2526
664 80 876 112 ΕῙΚΟΣΤΗ
1356 79 1441 120 299

94 185 327 240 συνέβαινε
360 187 439 240 τὴν
466 184 687 228 Ἰουδαίαν
726 187 810 227 ὑπὸ
850 193 938 227 τῶν
976 190 1147 240 λῃστῶν
1179 192 1441 239 κακοῦσθαι,

93 264 181 299 τῶν
213 264 372 311 κωμῶν
404 256 584 298 ἁπασῶν
616 255 986 311 ἐμπιμπραμένων
1026 272 1068 298 τε
1107 255 1178 299 καὶ
1211 258 1442 311 διαρπαζο-

93 327 252 381 μένων.
309 328 452 381 <186>
485 325 557 368 καὶ
590 327 636 368 οἶ
664 327 853 381 σικάριοι
887 324 933 368 δὲ
971 328 1234 381 καλούμενοι
1267 326 1442 384 (λῃσταὶ

92 396 132 439 δ’
164 396 276 440 εἰσὶν
304 395 444 452 οὗτοι)
477 399 571 440 τότε
598 398 784 452 μάλιστα
811 397 1054 451 ἐπλήθυον,
1086 399 1302 452 χρώμενοι
1330 398 1442 452 ξιφι-

55 483 70 509 5
92 469 204 518 δίοις
234 471 553 523 παραπλησίοις
590 466 670 523 μὲν
708 470 756 511 τὸ
789 467 976 523 μέγεθος
1012 476 1103 517 τοῖς
1135 476 1221 510 τῶν
1256 471 1442 523 Περσῶν

91 539 338 592 ἀκινάκαις,
381 538 499 594 (οὐκ)
539 537 795 593 ἐπικαμπέσι
838 537 885 580 δὲ
923 537 995 580 καὶ
1034 539 1202 593 ὁμοίοις
1233 547 1325 588 ταῖς
1356 540 1441 581 ὑπὸ

85 607 307 664 Ῥωμαίων
341 612 482 659 σίκαις
513 608 817 664 καλουμέναις,
859 607 932 664 ἀφ’
971 606 1033 651 ὧν
1065 609 1136 651 καὶ
1169 610 1247 663 τὴν
1280 621 1442 664 προση-

90 683 246 734 γορίαν
291 681 337 721 οἱ
377 681 660 735 λῃστεύοντες
704 683 864 735 ἔλαβον
911 683 1101 729 πολλοὺς
1144 680 1440 735 ἀναιροῦντες.

90 751 235 805 (187)
267 752 614 808 ἀναμιγνύμενοι
646 754 729 808 γὰρ
762 752 808 796 ἐν
841 761 935 804 ταῖς
967 752 1158 807 ἑορταῖς,
1189 754 1339 802 καθὼς
1370 752 1441 795 καὶ

37 839 68 864 10
88 824 136 865 τὸ
169 825 385 878 πρότερον
417 828 615 878 εἴπομεν,
654 832 712 880 τῷ
746 826 908 879 πλήθει
946 832 1034 866 τῶν
1066 826 1348 879 πανταχόθεν
1381 826 1441 874 εἰς

87 895 168 948 τὴν
208 897 339 936 πόλιν
382 894 450 936 ἐπὶ
490 897 570 949 τὴν
608 894 836 949 εὐσέβειαν
876 898 1176 950 συρρεόντων,
1222 895 1298 944 οὓς
1337 898 1441 949 βου-

89 969 269 1019 ληθεῖεν
313 966 476 1022 ῥαδίως
517 965 803 1020 ἀπέσφαττον.
873 967 1082 1015 πολλάκις
1127 964 1174 1007 δὲ
1218 965 1290 1007 καὶ
1334 963 1434 1020 μεθ’

88 1036 237 1079 ὅπλων
270 1035 338 1078 ἐπὶ
364 1038 440 1086 τὰς
471 1038 616 1090 κώμας
647 1045 734 1078 τῶν
768 1036 942 1092 ἐχθρῶν
969 1036 1286 1092 ἀφικνούμενοι
1320 1037 1440 1091 διήρ-

87 1110 224 1158 παζον
268 1107 340 1149 καὶ
385 1108 725 1162 ἐνεπίμπρασαν.
789 1109 931 1159 <1ἓ58>
976 1107 1131 1161 πέμπει
1178 1105 1224 1148 δὲ
1269 1110 1441 1161 Φῆστος

35 1193 68 1219 15
89 1179 280 1233 δύναμιν
319 1179 500 1232 ἱππικήν
538 1193 582 1219 τε
621 1177 693 1219 καὶ
731 1179 863 1232 πεζὴν
902 1177 971 1219 ε’πὶ
1004 1180 1106 1227 τοὺς
1137 1177 1441 1231 ἀπατηθέντας

43 1254 46 1255 ’
86 1249 172 1291 ὑπό
209 1265 329 1298 τινος
366 1248 609 1304 ἀνθρώπου
648 1250 823 1303 γόητος,
866 1252 1086 1302 σωτηρίαν
1125 1249 1273 1302 αὐτοζς
1312 1248 1440 1301 ἐπαγ-

87 1319 356 1374 γελλομένου
387 1319 459 1361 καὶ
491 1323 664 1361 παῦλαν
696 1327 857 1373 κακῶν,
891 1321 930 1360 εί
960 1322 1226 1373 βουληθεῖεν
1256 1318 1440 1361 ἕπεσθαι

87 1389 213 1445 μέχρι
253 1397 328 1445 τῆς
370 1390 550 1444 ἐρημίας
590 1390 719 1446 αὐτῷ.
762 1389 854 1431 -καὶ
896 1389 1032 1431 αὐτόν
1072 1388 1107 1430 τ’
1151 1389 1321 1430 ἐκεῖνον
1362 1391 1441 1431 τὸν

89 1460 369 1516 ἀπατήσαντα
409 1459 480 1503 καὶ
521 1462 623 1510 τοὺς
664 1460 1053 1514 ἀκολουθήσαντας
1094 1459 1358 1514 διέφθειραν
1400 1460 1446 1501 οἱ

34 1547 66 1572 20
87 1532 375 1587 πεμφθέντες.

178 1604 335 1658 <189>
384 1604 491 1645 κατὰ
543 1601 590 1645 δὲ
640 1604 718 1644 τὸν
762 1602 918 1657 καιρὸν
961 1607 1120 1643 τοῦτον
1166 1602 1187 1642 ὃ
1232 1602 1440 1655 βασιλεὺς

85 1672 321 1727 Ἀγρίππας
358 1672 671 1730 ᾠκοδομήσατο
714 1671 891 1727 μεγέθει
933 1672 1150 1726 διάφορον
1193 1675 1351 1725 οἴκημα
1392 1670 1440 1712 ἐν

86 1751 146 1801 τῷ
178 1747 386 1801 βασιλείῳ
418 1751 477 1801 τῷ
510 1744 556 1786 ἐν
577 1744 915 1799 Ἱεροσολύμοις,
946 1745 1135 1796 πλησίον
1160 1748 1240 1783 τοῦ
1267 1742 1440 1792 ξυστοῦ.

87 1815 231 1868 <190>
263 1816 312 1856 τὸ
346 1812 394 1856 δὲ
426 1817 651 1869 βασίλειον
684 1814 878 1868 ἐγεγόνει
920 1814 1053 1855 πάλαι
1085 1813 1170 1854 ὑπὸ
1201 1820 1290 1854 τῶν
1317 1809 1440 1854 Ἀσα-

35 1899 68 1925 25
89 1888 287 1940 μωναίου
318 1886 510 1938 παίδων,
551 1883 616 1940 ἐφ’
654 1885 829 1938 ὑψηλοῦ
862 1883 910 1925 δὲ
942 1886 1078 1925 τόπου
1115 1886 1319 1938 κείμενον
1349 1890 1441 1932 τοῖς

1469 1614 1509 1645 11

87 1957 370 1998 κατοπτεύειν
415 1954 487 1997 ἀπ’
537 1956 673 1997 αὐτοῦ
717 1955 1005 2009 βουλομένοις
1053 1956 1133 2008 τὴν
1176 1957 1307 1996 πόλιν
1352 1954 1441 1996 ἐπι·
1477 1962 1479 1965 “

87 2027 379 2081 τερπεστάτην
411 2034 587 2080 παρεῖχε
625 2027 706 2080 τὴν
743 2025 875 2079 θεάν,
914 2022 964 2079 ἧς
1001 2023 1284 2079 ἐφιέμενος’ὁ
1318 2027 1440 2079 βασι-

88 2099 190 2148 λεὺς
229 2098 401 2140 ἐκεῖθεν
440 2097 617 2152 ἀφεώρα
654 2098 961 2150 κατακείμενος
998 2097 1049 2137 τὰ
1087 2097 1195 2137 κατὰ
1236 2097 1284 2137 τὸ
1319 2096 1440 2149 ἱερὸν

88 2171 363 2223 πραττόμενα
395 2169 547 2209 πάντα.
610 2168 765 2221 <191>
803 2173 932 2209 τοῦτο
971 2164 1019 2208 δὲ
1051 2167 1320 2221 θεασάμενοι
1353 2174 1440 2208 τῶν

34 2239 444 2295 3οἽεροσολυμιτῶν
478 2240 523 2281 οἱ
550 2239 816 2294 προύχοντες
848 2239 1004 2287 δεινῶς
1036 2237 1339 2292 ἐχαλέπαινον·
1387 2236 1439 2278 οὐ

187 2324 206 2363 ς
234 2325 300 2356 185
328 2320 372 2355 cf.
402 2320 491 2354 Bell.
520 2319 596 2354 Iud.
623 2319 658 2353 Π
685 2322 739 2363 14,
769 2322 798 2353 1.
