1732 2526
71 825 105 851 10

72 1178 104 1204 15

72 1532 106 1557 20

74 1883 108 1909 25

627 70 967 102 ΕΚΚΑῘΔΕΚΑΤΗ
1446 68 1467 107 7

126 183 308 231 τιμῶσιν
340 178 463 230 ἄγειν
500 175 572 218 καὶ
610 177 772 230 διαζῆν.
835 177 949 229 <37>
986 182 1114 218 τοῦτο
1152 174 1232 231 μὲν
1271 173 1353 219 οὖν
1391 176 1471 218 οὐκ

128 246 181 289 ἂν
214 245 338 289 αὐτοὶ
369 251 532 289 παθεῖν
564 245 763 301 ἑλόμενοι
790 247 1012 300 βιάζονται
1046 248 1157 301 δρᾶν
1189 245 1278 288 κατ’
1311 247 1471 299 ἄλλων,

128 318 270 372 ὥσπερ
315 317 394 372 οὐχ
434 317 594 382 ὁμρίως
631 316 892 372 ἀσεβοῦντες
933 321 1018 359 εἴτε
1061 324 1148 359 τῶν
1192 319 1366 360 οἰκείων
1410 317 1472 366 εἰς

126 391 259 438 θεοὺς
297 388 432 430 ὁσίων
473 387 677 442 ἀμελοῖεν
722 392 804 430 εἴτε
849 388 902 429 τὰ
946 388 1083 430 οἰκεῖά
1126 400 1242 430 τισιν
1286 388 1473 437 ἀνοσίως

126 459 394 500 καταλύοιεν.
445 460 558 512 <38>
591 461 639 501 τὸ
674 457 714 500 δ’
743 458 892 514 ἕτερον
924 460 1007 513 ἤδη
1035 460 1333 513 σκοπήσωμεν.
1381 460 1472 500 ἔστι

125 545 190 578 τις
221 530 358 583 δῆμος
388 529 414 584 ἢ
447 531 572 580 πόλις
603 530 629 584 ἢ
662 530 814 572 κοινὸν
847 532 979 579 ἔθνος
1010 529 1283 584 ἀνθρώπων,
1322 523 1388 578 οἷς
1419 529 1472 570 οὐ

125 598 330 654 μέγιστον
367 599 542 654 ἀγαθὸν
578 600 774 655 πέφυκεν
811 600 837 654 ἡ
875 604 1117 655 προστασία
1158 606 1234 654 τῆς
1264 598 1474 654 ὑμετέρας

125 669 259 725 ἀρχῆς
301 668 372 712 καὶ
416 671 464 712 τὸ
503 669 742 725 Ῥωμαϊκὸν
792 671 970 725 κράτος;
1021 669 1170 712 ἐθέλοι
1221 667 1260 711 δ’
1310 671 1365 711 ἄν
1409 685 1474 719 τις

125 739 421 795 ἀκύρουςτὰς
452 740 662 783 ἐντεῦθεν
694 738 807 783 εἶναι
839 741 1034 796 χάριτας;
1069 739 1215 790 οὐδεὶς
1241 738 1345 782 οὐδὲ
1377 756 1474 794 μαι-

123 813 325 866 νόμενος·
378 812 492 866 <39>
519 809 624 854 οὐδὲ
651 812 732 867 γὰρ
759 810 873 853 εἰσὶν
900 813 946 854 οἱ
967 813 1025 866 μὴ
1052 810 1303 867 μετέχοντες
1328 811 1475 853 αὐτῶν

125 883 216 939 ἰδίᾳ
247 880 319 924 καὶ
350 889 489 937 κοινῆ.
550 881 622 924 καὶ
655 884 742 937 μὴν
775 883 820 924 οἳ
848 899 946 924 τινα
986 878 1047 924 ὧν
1086 882 1209 937 ὑμεῖς
1240 882 1361 924 ἔδοτε
1394 897 1474 923 πα-

124 953 430 1007 ραιρούμενοι,
467 952 648 1008 βέβαιον
687 951 783 995 οὐδ’
821 953 969 1002 αὑτοῖς
1008 950 1141 995 οὐδὲν
1173 949 1234 995 ὧν
1268 950 1323 994 δι’
1362 952 1475 1006 ὑμᾶς

124 1024 302 1078 ἔχουσιν
342 1023 667 1066 ὑπολείπονται.
731 1025 846 1078 <40>
887 1027 1027 1066 καίτοι
1068 1025 1144 1074 τὰς
1184 1021 1264 1078 μὲν
1306 1024 1475 1065 τούτων

124 1093 302 1149 χάριτας
333 1091 438 1135 οὐδὲ
469 1101 678 1149 μετρῆσαι
712 1096 904 1136 δυνατόν
937 1094 1074 1136 ἐστιν·
1121 1096 1163 1136 εί
1192 1095 1274 1149 γὰρ
1308 1093 1476 1147 ἐκλογί-

125 1175 276 1207 σαιντο
307 1165 388 1218 τὴν
419 1164 553 1206 πάλαι
585 1167 813 1219 βασιλείαν
845 1163 917 1206 καὶ
948 1166 1029 1219 τὴν
1061 1171 1146 1206 νῦν
1178 1164 1338 1219 ἀρχήν,
1370 1167 1476 1206 πολ-

124 1239 215 1277 λῶν
257 1236 398 1277 ὄντων
443 1236 523 1277 ὅσα
567 1237 676 1290 πρὸς
718 1235 1008 1289 εὐδαιμονίαν
1051 1235 1200 1284 αὐτοῖς
1244 1233 1476 1288 ἐπέδωκεν,

125 1308 187 1348 ε”τι
218 1306 326 1347 κατὰ
357 1306 534 1348 πάντων
565 1305 693 1359 ἀρκεῖ
720 1307 768 1348 τὸ
808 1305 959 1361 μηκέτι
999 1307 1188 1355 δούλους
1225 1304 1320 1347 ἀλλ’
1358 1305 1476 1347 ἐλευ-

124 1376 288 1432 θέρους
319 1379 572 1432 φαίνεσθαι.
636 1378 752 1431 <41>
783 1378 834 1418 τὰ
868 1376 906 1418 δ’
943 1375 1130 1432 ἡμέτερα
1166 1375 1239 1418 καὶ
1271 1380 1478 1432 λαμπρῶς

124 1449 406 1501 πραττόντων
444 1447 525 1490 οὐκ
562 1449 681 1489 ἔστιν
721 1447 956 1502 ἐπίφθονα.
1021 1446 1076 1489 δι’
1121 1447 1234 1502 ὑμᾶς
1278 1448 1360 1502 γὰρ
1405 1446 1476 1489 καὶ

126 1519 232 1573 μετὰ
263 1519 441 1560 πάντων
473 1519 764 1574 εὐτυχοῦμεν,
803 1517 875 1560 καὶ
913 1519 1071 1560 τούτου
1110 1520 1250 1572 μόνου
1283 1517 1478 1573 μετέχειν

126 1589 388 1644 ἠξιώσαμεν,
416 1589 648 1639 ἀκωλύτως
672 1590 753 1643 τὴν
778 1590 963 1645 πάτριον
989 1588 1216 1643 εὐσέβειαν
1238 1590 1479 1643 διαφυλάτ-

126 1675 232 1714 τειν,
266 1660 287 1702 ὃ
315 1660 398 1701 κᾶν
425 1656 527 1701 καθ’
559 1661 664 1702 αὑτὸ
693 1659 861 1710 δόξειεν
889 1661 968 1702 οὐκ
994 1660 1243 1714 ἐπίφθονον
1272 1658 1343 1701 καὶ
1369 1661 1479 1714 πρὸς

126 1739 215 1772 τῶν
241 1731 592 1786 συγχωρούντων
619 1728 750 1772 εἶναι·
792 1732 906 1785 <42>
932 1732 980 1773 τὸ
1007 1732 1089 1786 γὰρ
1116 1735 1245 1773 θεῖον
1272 1731 1313 1772 εἰ
1336 1732 1478 1785 χαίρει

126 1802 395 1856 τιμώμενον,
436 1803 577 1856 χαίρει
618 1808 709 1851 τοῖς
751 1801 1030 1856 ἐπιτρέπουσι
1068 1807 1210 1856 τιμᾶν.
1273 1800 1391 1842 ἐθῶν
1433 1816 1478 1842 τε

127 1880 215 1914 τῶν
247 1870 468 1926 ἡμετέρων
509 1871 812 1927 ἀπάνθρωπον
850 1869 930 1926 μὲν
969 1871 1102 1915 οὐδέν
1135 1871 1275 1925 ἐστιν,
1319 1871 1478 1925 εὐσεβῆ

129 1940 178 1984 δὲ
202 1943 343 1985 πάντα
369 1941 440 1984 καὶ
467 1949 518 1998 τῇ
546 1944 744 1999 σωζούσῃ
772 1943 1031 1998 δικαιοσύνῃ
1053 1941 1479 1996 συγκαθωσιωμένα’

128 2013 244 2067 <43>
289 2011 362 2054 καὶ
403 2011 493 2055 οὔτ’
533 2012 906 2068 ἀποκρυπτόμεθα
946 2014 997 2054 τὰ
1037 2012 1374 2067 παραγγέλματα
1415 2006 1481 2062 οἷς

128 2085 338 2139 χρώμεθα
368 2085 477 2137 πρὸς
508 2085 586 2125 τὸν
618 2086 718 2138 βίον
749 2084 1032 2138 ὑπομνήμασι
1058 2089 1132 2137 τῆς
1158 2083 1381 2137 εὐσεβείας
1407 2081 1480 2124 καὶ

128 2162 216 2196 τῶν
250 2153 547 2206 ἀνθρωπίνων
581 2153 950 2208 ἐπιτηδευμάτων,
981 2156 1061 2208 τήν
1093 2152 1138 2195 θ’
1172 2152 1366 2208 ἑβδόμην
1391 2161 1480 2195 τῶν

77 2237 111 2262 30
131 2224 306 2280 ἡμερῶν
337 2223 514 2279 ἀνίεμεν
553 2231 603 2280 τῇ
642 2227 832 2279 μαθήσει
870 2232 956 2266 τῶν
995 2224 1217 2279 ἡμετέρων
1255 2224 1375 2266 ἐθῶν
1407 2222 1479 2265 καὶ

129 2298 296 2351 νόμων,
326 2294 509 2350 μελέτην
536 2295 680 2350 ὥσπερ
707 2296 843 2338 ἄλλου
869 2297 988 2345 τινὸς
1013 2294 1084 2337 καὶ
1111 2296 1279 2337 τούτων
1306 2294 1482 2345 ἀξιοῦν-
