1732 2526
201 40 261 81 40
697 42 1062 76 ΑΡΧΑΙΟΑΟΓΙΑΣ

204 147 511 203 ἀπολλύμενοι.
574 149 720 204 <238>
757 148 880 199 τέλος
917 147 964 191 θ’
1002 150 1048 192 οἶ
1079 148 1179 205 περὶ
1211 149 1368 204 αὐτόν,
1411 149 1459 192 ἐν
1496 156 1555 207 τῷ

205 217 344 273 μηδὲν
384 221 499 274 ἔχειν
535 219 717 275 βέβαιον
755 222 817 271 εἰς
849 220 1003 262 ἐλπίδα
1045 223 1279 276 σωτηρίας,
1325 219 1388 262 ἐπ’
1426 220 1586 274 ἀλλή-,

206 293 310 339 λους
342 289 604 346 ἐτράπησαν,
636 294 886 346 νομίζοντες
910 289 991 346 μὲν
1022 293 1063 333 εἰ
1093 292 1270 346 φθάσας
1302 290 1448 347 ἕτερος
1479 292 1557 334 τὸν

206 360 356 415 ἕτερον
389 362 640 416 διαβάλλοι,
681 361 799 405 τοῦτ’
835 362 951 419 αὐτῷ
991 364 1100 417 πρὸς
1137 364 1357 417 σωτηρίαν
1389 361 1557 417 φέρειν,

205 431 445 486 ἐπίφθονοι
486 429 526 474 δ’
571 438 616 475 εῖ
649 448 753 475 ποτε
798 434 973 489 τύχοιεν
1016 430 1078 475 ὧν
1118 433 1271 488 ἠξίουν
1312 435 1558 488 γενόμενοι,

205 501 277 544 καὶ
309 505 357 545 τὸ
391 504 570 554 δικαίως
602 503 725 546 αὐτοὶ
759 509 922 546 παθεῖν
955 500 1028 559 ἐφ’
1063 499 1128 555 οἷς
1160 504 1377 559 ἀλλήλους
1407 505 1558 558 ἠδίκη-

207 584 290 615 σαν
321 575 737 629 προσλαμβάνοντες
768 577 919 630 μόνον.
981 576 1129 631 <239>
1160 576 1245 630 ἤδη
1279 572 1361 617 οὖν
1397 576 1559 624 οἰκείας

206 643 321 695 τινὲς
353 647 515 701 ἔχθρας
547 645 762 701 ἐπεξῇσαν
799 652 859 703 τῷ
897 647 1084 704 τοιούτῳ
1123 648 1290 704 τρόπῳ,
1327 645 1401 688 καὶ
1431 662 1560 688 κατα-

206 716 490 771 φωραθέντες
516 716 563 758 ἐν
589 724 680 766 τοῖς
702 717 871 772 ὁμοίοις
896 716 1116 772 ἐγένοντο,
1142 719 1218 760 τὸν
1238 719 1393 773 καιρὸν
1413 718 1559 772 ὥσπερ

208 789 400 842 ὄργανον
440 786 514 829 καὶ
550 788 694 842 πάγην
734 787 804 830 ἐπὶ
843 790 946 838 τοὺς
987 787 1178 842 ἐχθροὺς
1216 795 1444 842 νοοῦντες,
1487 786 1560 830 καὶ

208 860 575 913 συναλισκόμενοι
608 865 658 914 τῇ
687 861 816 916 πείρα
841 858 943 901 καθ’
976 859 1031 914 ἣν
1058 858 1222 914 ἑτέροις
1254 859 1560 914 ἐπεβούλευον.

205 929 351 983 <24Ο>
383 929 409 983 ἥ
441 944 487 970 τε
518 929 601 985 γάρ
635 930 844 983 μετάνοια
875 936 933 987 τῷ
967 932 1142 983 βασιλεῖ
1169 932 1277 985 ταχὺ
1316 932 1388 973 διὰ
1421 932 1469 973 τὸ
1502 932 1559 986 μὴ

206 1007 446 1054 προφανῶς
477 999 808 1055 ἁμαρτάνοντας
833 1000 1032 1056 ἀναιρεῖν
1060 1000 1326 1055 ἐπεγίγνετο,
1358 1000 1429 1043 καὶ
1459 1003 1560 1044 ταύ-

207 1086 282 1125 της
313 1072 361 1113 τὸ
394 1072 585 1126 χαλεπὸν
618 1072 699 1114 οὐκ
731 1073 793 1121 είς
823 1074 872 1114 τὸ
905 1072 1160 1114 παύσασθαι
1193 1073 1245 1114 τὰ
1277 1073 1407 1127 ὅμοια
1449 1073 1561 1126 δρᾶν

208 1140 301 1182 ἀλλ’
328 1142 390 1191 εἰς
415 1143 463 1184 τὸ
490 1145 825 1197 τιμωρήσασθαι
848 1151 939 1193 τοῖς
966 1148 1078 1193 ἴσοις
1096 1145 1200 1193 τοὺς
1226 1142 1562 1198 ἐνδειξαμένους

209 1211 475 1267 ἀπηρτίζετο.

298 1284 455 1338 <241>
501 1285 679 1338 τοιαύτη
724 1281 804 1338 μὲν
847 1281 903 1339 ἦν
946 1291 1035 1327 τῶν
1083 1284 1183 1341 περὶ
1226 1286 1307 1340 τὴν
1351 1285 1491 1340 αὐλὴν
1535 1285 1561 1340 ἡ

207 1356 388 1410 ταραχή·
440 1357 620 1405 πολλοῖς
662 1352 709 1396 δὲ
750 1362 838 1396 τῶν
879 1357 1022 1410 φίλων
1059 1357 1143 1411 ἤδη
1185 1355 1257 1397 καὶ
1294 1354 1410 1399 τοῦτ’
1455 1356 1561 1398 αὐτὸ

207 1434 416 1480 προεῖπεν
454 1426 512 1475 ὡς
549 1424 640 1467 οὔτ’
679 1424 996 1480 ἐμφανίζεσθαι
1035 1426 1127 1468 δέοι
1166 1427 1283 1482 αὐτῷ
1324 1428 1371 1469 τὸ
1405 1428 1563 1469 λοιπὸν

1582 808 1614 832 10

1582 1161 1615 1188 15

209 1493 301 1538 οὔτ’
347 1498 408 1546 εἰς
448 1497 496 1537 τὸ
535 1498 762 1551 βασίλειον
799 1496 994 1538 εἰσιέναι.
1057 1498 1222 1551 ταύτην
1255 1495 1302 1539 δὲ
1334 1498 1415 1552 τὴν
1453 1513 1560 1552 παρ-
1580 1517 1616 1542 20

209 1570 417 1621 αγγελίαν
455 1567 661 1621 ἐποιεῖτο,
704 1566 807 1609 καθ’
845 1564 906 1609 ὧν
947 1568 973 1622 ἡ
1011 1570 1231 1624 παρρησία
1273 1566 1504 1618 ἐλάττονος
1535 1568 1562 1624 ἢ

207 1640 411 1688 πλειόνος
444 1637 656 1694 ἐντροπῆς
687 1641 949 1695 μετειλήφει.
999 1639 1146 1693 <242>
1178 1637 1250 1680 καὶ
1278 1640 1361 1694 γὰρ
1383 1637 1563 1693 Ἀνδρό-

210 1726 349 1765 μαχον
392 1708 465 1751 καὶ
506 1709 750 1764 Γέμελλον,
794 1711 960 1762 ἄνδρας
1004 1711 1182 1752 ἄνωθεν
1226 1712 1385 1764 φίλους
1428 1710 1563 1767 αὐτῷ,

208 1780 280 1823 καὶ
311 1781 452 1823 πολλὰ
485 1778 565 1835 μὲν
596 1779 695 1837 περὶ
720 1782 803 1830 ,τὰς
833 1781 1062 1835 βασιλικὰς
1092 1783 1239 1836 χρείας
1277 1783 1324 1823 ἔν
1355 1797 1401 1823 τε
1432 1793 1563 1836 πρεσ-

210 1854 347 1906 βείαις
389 1853 460 1893 καὶ
505 1853 796 1906 συμβουλίαις
836 1852 1080 1906 ὀνήσαντας
1124 1851 1261 1894 αὐτοῦ
1301 1853 1378 1894 τὸν
1423 1849 1562 1907 οἷκον,

210 1923 620 1977 συμπαιδεύσαντας
664 1920 712 1964 δὲ
752 1921 825 1964 καὶ
865 1925 968 1972 τοὺς
1007 1923 1152 1977 υἱούς,
1196 1925 1338 1965 καίτοι
1378 1921 1418 1977 γ’
1464 1924 1562 1979 ἄρτι

209 1999 384 2048 πρῶτον
415 1995 659 2048 παρρησίας
690 1995 828 2036 τόπον
860 1993 1109 2048 ἐσχηκότας,
1140 1995 1418 2049 παρῃτήσατο
1449 1996 1564 2049 τότε,

208 2065 287 2107 τὸν
320 2061 400 2118 μὲν
432 2064 498 2105 ὅτι
525 2066 778 2119 Δημήτριος
804 2064 827 2107 ὁ
853 2070 954 2114 παῖς
980 2064 1117 2106 αὐτοῦ
1144 2066 1343 2119 συνήθης
1370 2061 1426 2119 ἦν
1448 2064 1563 2107 Ἀλε-

211 2134 399 2193 ξάνδρςο,
421 2133 642 2189 Γέμελλον
664 2133 704 2177 δ’
727 2136 892 2178 εὔνουν
912 2134 1197 2190 ἐπιστάμενος
1218 2134 1387 2192 ἐκείνῳ·
1415 2135 1562 2190 <243>

1583 1869 1618 1895 25

210 2205 281 2248 καὶ
315 2207 397 2261 γὰρ
436 2205 484 2248 ἐν
516 2213 608 2255 ταῖς
640 2214 823 2261 τροφαῖς
860 2205 934 2248 καὶ
971 2212 1021 2261 τῇ
1054 2208 1230 2263 παιδεία
1260 2208 1562 2262 παρεγεγόνει,
1582 2223 1616 2248 30

209 2276 281 2319 καὶ
308 2278 388 2332 τὴν
415 2277 463 2319 ἐν
489 2283 538 2332 τῇ
559 2275 698 2333 Ῥώμῃ
727 2276 1032 2332 συνδιέτριβεν
1061 2276 1322 2332 ἀποδημίαν.
1371 2280 1563 2334 παρῃτή-
