1732 2526
620 91 1028 126 οΚΤΩΚΑῐΔΕΚΛΤΗ
1414 91 1497 132 173

149 198 228 254 μὲν
261 195 370 256 ᾗπερ
409 199 696 254 ἀποσημαίνει
736 209 805 240 σοι
844 205 922 240 τοῦ
963 202 1074 240 θεοῦ
1106 200 1154 240 τὸ
1189 198 1498 249 ἐξαποστεῖλαν

148 269 322 313 τουτονὶ
355 272 432 313 τὸν
465 272 608 325 ὄρνιν·
661 269 909 323 προγνώσει
946 265 981 309 τ’
1021 268 1166 309 αὐτῶν
1205 270 1387 311 σύνεσιν
1419 270 1498 323 τὴν

148 339 510 395 παραγενομένην
542 339 799 393 ἀποστερεῖν
832 336 874 380 σ’
911 339 1066 380 ἄδικον
1099 338 1347 393 ἡγησάμην,
1382 340 1498 389 ὅπως

147 410 429 465 ἐπιστάμενος
460 410 633 464 ἀγαθοῦ
666 409 901 464 μέλλοντος
926 410 974 450 τὸ
1002 412 1261 451 λυσιτελοῦν
1289 409 1336 451 ἐν
1363 409 1495 467 ὀλίγῳ

112 495 127 520 5
147 482 227 535 τὴν
260 482 489 535 ἀχθηδόνα
521 487 598 523 τοῦ
630 482 849 535 παρόντος
886 481 1046 521 τίθοιο.
1109 481 1284 534 μνήμην
1323 477 1371 520 δὲ
1403 494 1497 521 ποι-

147 557 309 606 εῖσθαι,
341 555 402 600 εἰς
433 551 581 606 χεῖράς
613 562 682 592 σοι
714 548 1075 606 παραγενομένου
1108 555 1187 591 τοῦ
1219 549 1497 603 εὐδαίμονος,

147 621 218 664 καὶ
259 628 337 664 τοῦ
378 619 478 664 καθ’
524 621 636 676 ἡμᾶς
678 618 1026 676 διαφευξομένου
1068 622 1147 674 τὴν
1189 621 1428 675 δυστυχίαν
1469 615 1496 675 ᾗ

147 693 198 734 τὰ
229 687 321 734 νῦν
346 692 591 748 σύνεσμεν.’
644 692 787 746 <202>
819 690 888 733 καὶ
923 692 945 734 ὁ
976 689 1055 746 μὲν
1083 692 1309 745 Γερμανὸς
1339 690 1496 732 τοσάδε

147 764 369 818 προειπὼν
408 765 470 813 εἰς
506 760 684 806 τοσόνδ’
729 759 847 817 ὦφλε
886 761 1051 816 γέλωτα
1089 768 1148 817 τῷ
1176 758 1390 817 Ἀγρίππᾳ
1422 758 1491 815 ἐφ’

95 849 127 874 10
149 833 255 876 ὅσον
301 833 348 875 ἐν
392 841 482 883 τοῖς
521 833 709 889 ὕστερον
749 833 971 888 κατεφάνη
1012 833 1322 887 τεθαυμάσθαι
1361 830 1495 881 ἄξιος·

148 904 174 958 ἡ
220 902 258 946 δ’
304 903 513 946 Ἀντωνία
557 907 753 959 χαλεπῶς
796 903 993 959 φέρουσα
1042 910 1121 946 τοῦ
1161 901 1372 958 Ἀγρίππα
1416 902 1497 956 τὴν

148 975 407 1030 δυστυχίαν,
452 976 499 1016 τὸ
542 972 620 1027 μὲν
670 976 854 1031 Τιβερίῳ
895 973 994 1029 περὶ
1036 974 1172 1016 αὐτοῦ
1215 971 1497 1025 διαλέγεσθαι

147 1044 468 1099 ἐργωδέστερον
507 1043 620 1098 ἑώρα
657 1042 728 1085 καὶ
761 1045 902 1093 ἄλλως
940 1042 1004 1086 ἐπ’
1042 1043 1278 1099 ἀπράκτοις
1315 1044 1497 1097 γενησό-

148 1130 299 1169 μενον,
330 1115 476 1169 <203>
508 1114 731 1169 εὑρίσκετο
765 1110 804 1155 δ’
841 1114 958 1170 αὐτῷ
990 1115 1106 1168 παρὰ
1138 1119 1216 1155 τοῦ
1248 1113 1498 1168 Μάκρωνος

32 1202 37 1205 ·
94 1198 126 1223 15
148 1192 424 1239 στρατιωτῶν
456 1200 500 1227 τε
527 1187 716 1240 μετρίων
742 1184 935 1239 ἀνδρῶν,
967 1186 1012 1226 οἳ
1034 1183 1393 1239 παραφυλάξειαν
1420 1183 1497 1224 αὐ-

146 1256 225 1297 τὸν
257 1255 304 1297 ἐν
336 1258 585 1310 φροντίσιν,
616 1254 689 1297 καὶ
721 1253 1040 1311 ἑκατοντάρχου
1073 1252 1424 1309 ἐφεστηξομένου
1455 1250 1493 1295 τ’

148 1325 330 1376 ἐκείνοις
364 1325 436 1368 καὶ
471 1325 687 1368 συνδέτου
723 1324 950 1380 ἐσομένου,
985 1326 1149 1380 λουτρά
1184 1341 1227 1367 τε
1264 1321 1366 1366 καθ’
1396 1323 1497 1379 ἡμέ-

147 1412 230 1449 ραν
269 1402 595 1453 συγχωρεῖσθαι
635 1395 707 1439 καὶ
746 1395 1058 1451 ἀπελευθέρων
1095 1394 1168 1438 καὶ
1208 1398 1352 1451 φίλων
1384 1398 1497 1438 εἰσό-

149 1467 254 1517 δους
284 1468 364 1521 τήν
396 1466 432 1509 τ’
463 1469 601 1522 ἄλλην
634 1467 863 1523 ῥᾳστώνην
895 1467 921 1521 ἣ
950 1472 1009 1523 τῷ
1042 1467 1207 1521 σώματι
1233 1465 1391 1520 γένοιτ’
1430 1468 1496 1508 ἄν.

95 1551 130 1576 20
150 1537 293 1592 <204>
325 1538 505 1593 εἰσῇσάν
537 1535 583 1579 θ’
621 1538 679 1587 ὡς
711 1538 846 1580 αὐτὸν
884 1539 1012 1592 φίλος
1050 1553 1093 1578 τε
1126 1540 1263 1587 Σίλας
1300 1535 1371 1578 καὶ
1408 1544 1497 1578 τῶν

149 1607 460 1663 ἀπελευθέρων
492 1609 710 1662 Μαρσύας
740 1606 812 1649 καὶ
844 1608 1074 1662 Στοιχεύς,
1112 1608 1277 1662 τροφὰς
1308 1609 1497 1662 εἰσκομί-

152 1679 296 1728 ζοντες
332 1673 400 1728 αἷς
438 1680 600 1734 ἔχαιρε,
644 1677 715 1720 καὶ
754 1676 810 1719 δι’
855 1678 1098 1732 ἐπιμελείας
1134 1678 1274 1732 πάσης
1312 1679 1497 1732 ἔχοντες,

151 1748 297 1803 ἱμάτιά
328 1764 373 1790 τε
405 1751 653 1803 κομίζοντες
685 1747 753 1790 ἐπὶ
785 1751 1074 1803 προσποιήσει
1105 1748 1322 1803 πράσεως,
1368 1749 1496 1791 ὁπότε

147 1819 227 1869 νὺξ
254 1817 426 1872 γένοιτο
452 1819 824 1874 ὑπεστρώννυσαν
850 1819 966 1875 αὐτῷ
995 1818 1235 1874 συμπράξει
1261 1826 1349 1861 τῶν
1370 1831 1497 1874 στρα-

95 1903 129 1929 25
148 1897 336 1944 τιωτῶν,
381 1890 630 1945 Μάκρωνος
670 1892 989 1945 προειρηκότος.
1052 1888 1123 1931 καὶ
1167 1896 1302 1932 ταῦτα
1343 1889 1497 1946 ἐπράτ-

147 1975 242 2002 τετο
276 1959 346 2002 ἐπὶ
378 1966 516 2015 μῆνας
547 1959 603 2011 ἕξ.

237 2031 381 2086 <205>
419 2030 491 2073 καὶ
529 2032 579 2072 τὰ
617 2029 696 2085 μὲν
733 2027 825 2072 κατ’
857 2029 1097 2087 Ἀγρίππαν
1139 2030 1186 2073 ἐν
1217 2031 1390 2081 τούτοις
1423 2028 1495 2086 ἦν·

154 2100 352 2157 Τιβέριος
385 2100 422 2144 δ’
462 2101 720 2143 ἐπανελθὼν
758 2103 820 2151 εἰς
856 2102 931 2150 τὰς
962 2101 1166 2155 Καπρέας
1206 2100 1496 2156 ἐμαλακίζετο,

148 2172 200 2213 τὰ
240 2169 319 2226 μὲν
360 2180 508 2228 πρῶτα
549 2174 750 2227 μετρίως,
795 2171 1030 2226 ἐπιδούσης
1068 2170 1107 2213 δ’
1143 2173 1204 2221 εἰς
1241 2174 1289 2214 τὸ
1329 2175 1495 2226 μᾶλλον

96 2254 129 2280 30
148 2248 223 2296 τῆς
271 2245 407 2285 νόσου
457 2243 651 2297 πονηρὰς
701 2244 811 2297 ἔχων
860 2241 959 2297 περὶ
1009 2242 1125 2299 αὑτῷ
1177 2243 1251 2292 τὰς
1303 2241 1495 2295 ἐλπίδας,

149 2313 345 2367 Εὔοδον,
389 2313 436 2363 ὃς
480 2311 534 2367 ἦν
579 2313 694 2370 αὐτῷ
739 2314 993 2368 τιμιώτατος
1035 2320 1123 2354 τῶν
1168 2311 1493 2366 ἀπελευθέρων,
