1732 2526
71 836 103 861 10

68 1188 101 1214 15

67 1541 101 1567 20

65 1894 99 1920 25

64 2247 98 2273 30

595 78 1003 112 οΚΤῼΚΑΙΔΕωΤΗ
1389 77 1471 119 137

127 189 238 228 λεῐσι
265 183 313 228 δὲ
338 192 417 228 τοῦ
443 186 599 240 ταύτης
623 187 851 239 περιόντος
876 185 1065 239 ἀγαθοῦ,
1097 187 1226 240 τιμὴν
1253 185 1324 227 καὶ
1350 185 1474 236 κλέος

125 258 388 310 ποιήσεσθαι
420 262 498 299 τοῦ
523 258 866 311 μεγαλόφρονος,
898 254 970 297 καὶ
999 257 1046 297 τὸ
1072 261 1200 298 θεῖον
1227 257 1306 298 οὐκ
1332 258 1474 307 ἄλλως

126 327 151 381 ἣ
184 326 253 369 ἐπὶ
286 326 524 382 συμπράξει
555 334 644 368 τῶν
681 327 993 381 βουλευμάτων
1035 328 1096 376 εἰς
1132 328 1180 368 τὸ
1219 333 1472 383 κατορθοῦν

126 401 544 454 συμπροθυμεῖσθαι
577 400 758 452 μᾶλλον,
791 397 845 438 ἂν
872 397 1073 451 μεγάλων
1099 396 1276 452 ἐρασταὶ
1302 405 1351 453 τῇ
1380 400 1472 440 δια-

126 471 226 526 νοίᾳ
257 468 572 523 καθιστάμενοι
609 469 666 522 μὴ
707 467 968 522 ἐξαφίωνται
1009 469 1150 510 πόνου
1182 475 1261 511 τοῦ
1294 467 1357 510 ἐπ’
1397 470 1473 511 αὐ-

124 546 226 589 τοῖς.
288 540 372 593 <6>
413 537 485 580 καὶ
525 538 663 593 ἡδονῇ
705 539 788 592 γὰρ
830 539 910 593 τὴν
948 537 1160 595 ἀκρόασιν
1198 535 1260 581 ὧν
1301 538 1472 593 λέγοιεν

124 609 327 666 ἐδέχοντο
365 610 412 652 οἱ
444 611 697 664 ἄνθρωποι,
737 610 1012 664 προύκοπτεν
1054 608 1123 651 ἐπὶ
1164 608 1272 664 μέγα
1316 611 1338 664 ἡ
1381 610 1471 652 ε’πι-

123 682 232 735 βολὴ
276 687 354 723 τοῦ
398 683 682 736 τολμήματος.
752 682 888 722 κακὸν
934 678 974 722 δ’
1025 680 1107 722 οὐκ
1151 682 1270 722 ἔστιν
1315 679 1368 723 οὗ
1413 683 1470 736 μὴ

122 752 288 806 φύντος
321 751 367 794 ἐκ
398 753 537 793 τῶνδε
575 759 663 793 τῶν
702 750 879 807 ἀνδρῶν
917 750 988 793 καὶ
1029 751 1268 807 περαιτέρω
1302 758 1380 794 τοῦ
1414 754 1472 794 εἰ-

121 829 237 877 πεῖν,
268 822 525 876 ἀνεπλήσθη
551 823 599 864 τὸ
627 824 776 872 ἔθνος·
814 822 899 876 <7>
929 821 1133 876 πολέμων
1160 821 1194 863 τ’
1226 822 1472 876 ἐπαγωγαῖς

122 893 203 949 οὐχ
236 894 343 935 οἵων
374 891 412 935 τ’
449 893 530 935 οὐκ
562 894 786 935 ἄπαυστον
825 894 905 947 τὴν
942 895 1044 947 βίαν
1084 894 1218 948 ἔχειν,
1257 892 1328 934 καὶ
1368 893 1471 935 ἀπο-

123 966 350 1019 στερήσεσι
394 966 560 1018 φίλων,
604 966 649 1005 οἳ
688 962 760 1005 καὶ
806 963 1152 1019 ἐπελαφρύνοιεν
1195 965 1272 1006 τὸν
1315 966 1472 1019 πόνον,

122 1037 369 1089 λῃστηρίων
402 1032 450 1076 δὲ
482 1034 685 1089 μεγάλων
724 1033 947 1076 ἐπιθέσεσι
985 1033 1057 1076 καὶ
1096 1035 1365 1089 διαφθοραῖς
1397 1035 1472 1076 ἀν-

122 1106 243 1161 δρῶν
286 1112 372 1146 τῶν
416 1106 621 1159 πρώτων,
666 1104 771 1160 δόξῃ
815 1102 895 1159 μὲν
938 1111 1018 1146 τοῦ
1063 1104 1343 1160 ὀρθουμένου
1384 1114 1472 1148 τῶν

121 1183 299 1230 κοινῶν,
331 1177 444 1233 ἔργῳ
477 1173 519 1217 δ’
559 1177 734 1217 οἰκείων
764 1176 936 1230 κερδῶν
969 1174 1152 1217 ἐλπίσιν.
1213 1176 1297 1230 <8>
1334 1176 1374 1226 ἐξ
1409 1173 1471 1218 ὧν

121 1247 292 1296 στάσεις
323 1244 359 1287 τ’
397 1248 587 1302 ἔφυσαν,
625 1245 696 1288 καὶ
728 1248 866 1301 φόνος
895 1248 1130 1299 πολιτικός,
1165 1246 1187 1288 ὃ
1221 1244 1301 1301 μὲν
1335 1246 1472 1301 ἐμφυ-

120 1320 232 1367 λιόις
264 1325 472 1372 σφαγαῖς,
510 1320 646 1374 μανία
682 1325 771 1359 τῶν
804 1317 1057 1371 ἀνθρώπων
1089 1321 1151 1367 εἰς
1182 1313 1218 1358 τ’
1255 1316 1473 1371 ἀλλήλους

120 1386 192 1430 καὶ
224 1388 385 1437 αὑτοὺς
415 1387 655 1444 χρωμένων
687 1387 901 1444 ἐπιθυμίᾳ
932 1395 1012 1430 τοῦ
1038 1389 1095 1442 μὴ
1124 1390 1352 1430 λείπεσθαι
1383 1396 1471 1430 τῶν

121 1458 576 1514 ἀντικαθεστηκότων,
615 1458 637 1500 ὃ
677 1456 724 1500 δὲ
762 1466 850 1500 τῶν
886 1461 1128 1513 πολεμίων,
1170 1461 1294 1513 λιμός
1331 1458 1368 1500 τ’
1410 1461 1472 1509 είς

120 1530 311 1583 ὑστάτην
350 1529 633 1584 ἀνακείμενος
670 1528 1004 1584 ἀναισχυντίαν,
1045 1528 1118 1571 καὶ
1155 1531 1327 1571 πόλεων
1361 1529 1471 1572 ἁλώ-

121 1612 211 1650 σεις
242 1599 314 1642 καὶ
345 1602 634 1655 κατασκαφαί,
666 1598 791 1655 μέχρι
825 1601 878 1654 δὴ
911 1598 982 1642 καὶ
1014 1601 1063 1642 τὸ
1097 1600 1218 1654 ἱερὸν
1249 1607 1327 1642 τοῦ
1359 1605 1471 1643 θεοῦ

120 1671 320 1726 ἐνείματο
352 1670 459 1727 πυρὶ
484 1679 572 1713 τῶν
597 1673 819 1725 πολεμίων
847 1671 922 1725 ἥδε
949 1671 974 1725 ἡ
1002 1671 1162 1720 στάσις.
1219 1671 1304 1725 <9>
1332 1672 1472 1721 οὕτως

119 1743 204 1797 ἄρα
247 1743 272 1796 ἡ
317 1750 405 1784 τῶν
449 1744 645 1797 πατρίων
689 1744 860 1796 κίνησις
902 1740 974 1783 καὶ
1019 1742 1236 1796 μεταβολὴ
1281 1742 1472 1796 μεγάλας

119 1814 205 1868 ἔχει
239 1813 376 1868 ῥοπὰς
407 1820 486 1855 τοῦ
518 1812 824 1868 ἀπολουμένου
862 1819 953 1862 τοῖς
985 1815 1305 1866 συνελθοῦσιν,
1346 1816 1390 1854 εἴ
1422 1828 1469 1866 γε

118 1881 191 1924 καὶ
220 1882 387 1934 Ἰούδας
411 1883 484 1926 καὶ
511 1884 771 1934 Σάδδουκος
795 1884 1004 1939 τετάρτην
1029 1885 1296 1939 φιλοσοφίαν
1330 1881 1471 1924 ἐπείσ-

118 1969 252 1996 ακτον
289 1955 394 2010 ἡμῖν
432 1954 697 2009 ἐγείραντες,
742 1953 814 1996 καὶ
850 1955 1009 2008 ταύτης
1047 1953 1242 2010 ἐραστῶν
1283 1954 1470 2008 εὐπορη-

117 2023 293 2079 θέντες,
345 2027 455 2081 πρός
497 2041 542 2067 τε
585 2026 634 2067 τὸ
678 2026 820 2080 παρὸν
862 2026 1076 2080 θορύβων
1119 2025 1200 2079 τὴν
1243 2027 1470 2067 πολιτείαν

118 2093 363 2150 ἐνέπλησαν
400 2094 472 2136 καὶ
510 2102 598 2137 τῶν
636 2091 769 2145 αὖθις
804 2102 951 2137 κακῶν
990 2097 1318 2150 κατειληφότων
1351 2096 1471 2151 ῥίζας

118 2164 416 2220 ἐφυτεύσαντο
442 2172 500 2223 τῷ
523 2165 742 2220 ἀσυνήθει
761 2168 975 2222 πρότερον
995 2168 1261 2221 φιλοσοφίας
1279 2168 1469 2209 τοιᾶσδε.

117 2235 233 2291 <1Ο>
263 2235 362 2292 περὶ
394 2233 444 2291 ἧς
476 2236 604 2290 ὀλίγα
635 2237 852 2292 βούλομαι
885 2238 1098 2291 διελθεῖν,
1130 2238 1271 2287 ἄλλως
1302 2233 1340 2278 τ’
1379 2235 1470 2278 ἐπεὶ

214 2321 233 2360 g
260 2321 279 2351 9
307 2317 352 2353 cf.
378 2317 471 2353 Bell.
497 2317 576 2351 1ud.
603 2317 636 2352 Π
663 2320 693 2362 8,
722 2321 752 2353 2.
