1732 2526
588 80 927 113 ΕΚΚΑΙΔΕΚΑΤΗ
1371 79 1421 120 ssl

85 189 296 241 τηγοριάν
328 188 407 229 οὐκ
440 187 665 240 ὀδυνηρὰν
704 187 761 236 ὡς
797 187 907 241 πρὸς
939 186 1134 240 ἀνάγκην
1173 183 1235 228 ὧν
1267 188 1429 242 ἠτύχει,

84 261 289 299 πλεῖστον
322 256 362 299 δ’
398 257 654 299 ἀπεοικυῖαν
681 253 706 311 ἧ
733 259 874 311 πατὴρ
904 256 972 298 ἐπὶ
1003 256 1156 299 παισὶν
1183 257 1274 313 (ἂν)
1303 262 1428 300 εἶ’ποι.

84 328 227 382 <363>
246 330 388 382 βίαιος
419 329 501 381 γὰρ
527 325 582 381 ἦν
608 326 679 369 καὶ
711 327 810 382 περὶ
842 329 920 382 τὴν
948 327 1157 378 ἐπίδειξιν
1190 334 1264 381 τῆς
1291 330 1430 378 αἰτίας

90 398 358 454 ἐτετάρακτο,
384 397 454 439 καὶ
487 397 667 452 μέγιστα
697 402 849 452 θυμοῦ
886 397 958 439 καὶ
996 397 1251 452 ἀγριότητος
1293 398 1429 440 ἐνεδί-

50 483 67 508 5
89 470 171 511 δου
203 476 371 523 σημεῖα,
404 469 506 518 τούς
537 467 573 510 τ’
611 467 814 523 ἐλέγχους
845 468 925 510 οὐκ
965 468 1146 517 ἐκείνοις
1187 467 1430 522 ἐπιτρέπων

85 543 372 594 καταμαθεῖν,
399 538 508 580 ἀλλὰ
541 541 812 593 συνηγορίαν
853 539 1001 588 αὐτοῖς
1037 538 1264 590 προτιθεὶς
1300 538 1429 593 πατρὶ

87 611 194 652 κατὰ
231 609 402 651 παίδων
440 609 681 664 ἀσχήμονα,
718 608 790 650 καὶ
827 610 878 650 τὰ
923 608 1146 664 γραφέντα
1185 607 1242 650 δι’
1285 609 1430 650 αὐτῶν

87 680 268 722 ἐκείνων
312 679 675 734 ἀναγιγνώσκων,
723 679 770 721 ἐν
815 674 881 729 οἷς
925 679 1135 734 ἐπιβουλὴ
1180 678 1259 734 μὲν
1298 681 1324 734 ἤ
1351 696 1432 730 ,τις

87 750 259 793 ἐπίνοια
286 752 543 804 δυσσεβείας
569 751 649 792 οὐκ
676 749 930 804 ἐγέγραπτο,
957 753 1096 805 μόνον
1117 748 1155 792 δ’
1188 750 1246 800 ὡς
1271 758 1431 804 φυγεῖν

35 837 68 861 10
89 821 391 876 βουλεύοιντο,
423 819 495 861 καὶ
528 821 745 875 λοιδορίαι
777 818 892 870 τινες
923 822 984 870 εἰς
1010 820 1144 863 αὐτὸν
1177 821 1326 874 ὀνείδη
1359 835 1431 862 πε-

88 891 312 947 ριέχουσαι
351 892 423 933 διὰ
462 892 540 945 τὴν
581 891 807 933 δύσνοιαν.
869 892 1012 946 <364>
1051 889 1117 946 ἐφ’
1162 886 1230 941 αἷς
1268 891 1432 940 ἐκεῖνος

89 963 146 1012 ὡς
179 961 363 1016 ἐγένετο,
397 964 564 1016 μᾶλλόν
596 960 631 1003 τ’
669 961 819 1016 ἐξεβόα
850 961 921 1003 καὶ
958 963 1007 1003 τὸ
1045 963 1198 1017 περιὸν
1240 963 1301 1011 εἰς
1333 962 1431 1015 ὁμο·

89 1035 244 1087 λογίαν
275 1039 351 1087 τῆς
383 1033 616 1087 ἐπιβουλῆς
648 1029 704 1074 δι’
742 1032 920 1074 ἐκείνων
952 1032 1156 1087 ηὔξανεν,
1192 1032 1433 1086 ἐπομνύμε-

89 1121 166 1154 νος
197 1104 255 1154 ὡς
285 1104 416 1157 ἥδιον
448 1103 502 1145 ἂν
536 1102 730 1158 στέροιτο
757 1109 835 1145 τοῦ
864 1105 938 1157 ζῆν
964 1103 990 1157 ἢ
1016 1104 1228 1145 τοιούτων
1255 1103 1432 1145 ἀκούειν

36 1187 69 1212 15
89 1177 245 1229 λόγων.
309 1174 452 1227 (365)
483 1175 532 1216 τὸ
565 1172 613 1215 δὲ
644 1177 894 1216 τελευταῖον
921 1174 1055 1215 εἰπὼν
1082 1174 1149 1215 ὅτι
1174 1172 1246 1215 καὶ
1271 1180 1323 1229 τῇ
1349 1174 1432 1228 φύ-

29 1244 33 1247 ’
90 1257 155 1287 σει
186 1244 259 1287 καὶ
295 1250 348 1300 τῇ
381 1246 604 1299 Καίσαρος
642 1245 763 1286 δόσει
800 1246 880 1299 τὴν
922 1244 1126 1295 ἐξουσίαν
1165 1244 1296 1293 αὐτὸς
1328 1245 1434 1299 ἔχοι,

89 1314 336 1372 προσέθηκε
374 1314 447 1357 καὶ
484 1316 668 1370 πάτριον
707 1315 823 1372 αὑτῷ
864 1317 1017 1370 νόμον,
1055 1314 1102 1364 ὃς
1140 1313 1354 1368 ἐκέλευεν,
1395 1319 1433 1356 εἰ

88 1403 167 1430 του
199 1387 572 1440 κατηγορήσαντες
604 1386 650 1428 οἶ
678 1393 822 1439 γονεῖς
854 1385 1048 1427 ἐπιθεῑεν
1080 1391 1130 1440 τῆ
1163 1389 1328 1441 κεφαλῇ
1359 1386 1435 1435 τὰς

91 1463 256 1512 χεῖρας,
298 1456 537 1510 ἐπάναγκες
577 1453 691 1498 εἶναι
732 1464 822 1506 τοῖς
853 1463 1110 1511 περιεστῶσι
1152 1456 1330 1510 βάλλειν
1362 1455 1434 1497 καὶ

40 1540 74 1565 20
94 1534 251 1570 τοῦτον
284 1527 556 1569 ἀποκτείνειν
587 1527 665 1568 τὸν
697 1529 872 1581 τρόπον.
935 1527 1078 1580 (366)
1118 1527 1223 1581 ὅπερ
1265 1526 1435 1580 ἕτοιμος

93 1599 155 1640 ὢν
182 1598 312 1647 αὐτὸς
343 1597 391 1639 ἐν
422 1603 472 1652 τῇ
505 1598 680 1652 πατρίδι
711 1595 784 1638 καὶ
815 1603 865 1652 τῇ
898 1599 1098 1654 βασιλεία
1128 1605 1287 1651 ποιεῖν,
1320 1597 1436 1650 ὅμως

92 1668 322 1724 ἀναμεῖναι
354 1669 434 1722 τὴν
466 1667 646 1710 ἐκείνων
678 1670 836 1722 κρίσιν.
896 1668 1020 1721 ἥκειν
1046 1667 1195 1722 μέντοι
1232 1668 1436 1716 δικαστὰς

93 1737 173 1793 μὲν
206 1739 285 1794 οὐχ
318 1739 456 1788 οὕτως
487 1737 556 1780 ἐπὶ
588 1745 797 1793 φανεροῖς
829 1733 894 1787 οἷς
927 1738 973 1780 ἐκ
1010 1745 1098 1780 τῶν
1135 1739 1306 1780 παίδων
1346 1738 1435 1779 ὀλί-

92 1826 175 1863 γου
222 1810 384 1863 πάθοι,
434 1813 784 1863 συνοργισθῆναι
830 1806 877 1850 δὲ
927 1810 1081 1863 καιρὸν
1131 1810 1328 1864 ἔχοντας,
1379 1808 1436 1857 ὡς

41 1891 74 1917 ‘25
95 1879 246 1923 οὐδενὶ
277 1879 348 1922 καὶ
380 1887 467 1921 τῶν
504 1882 653 1935 πόρρω
693 1882 941 1934 γεγονότων
983 1879 1193 1934 ἀμελῆσαι
1233 1880 1436 1933 τοιαύτης

94 1950 326 2006 ἐπιβουλῆς
358 1950 493 2000 ἄξιον.

182 2021 327 2075 (367)
359 2027 494 2063 ταῦτα
525 2027 603 2063 τοῦ
635 2019 847 2075 βασιλέως
878 2022 1091 2074 εἰπόντος,
1122 2019 1195 2062 καὶ
1220 2028 1308 2062 τῶν
1339 2036 1436 2062 νεα·
1464 2032 1471 2041 ‘

94 2093 257 2134 νίσκων
290 2089 386 2134 οὐδ’
424 2091 504 2141 ἕως
535 2097 609 2145 τῆς
640 2091 876 2145 ἀπολογίας
901 2090 1208 2146 παρηγμένων,
1239 2102 1436 2146 συμφρο-

94 2163 304 2216 νήσαντες
336 2162 382 2204 οί
408 2162 514 2203 κατὰ
545 2163 594 2203 τὸ
622 2161 857 2218 συνέδριον
882 2163 939 2212 ὡς
965 2161 1194 2211 ἐπιεικείας
1218 2160 1290 2203 καὶ
1317 2163 1437 2203 διαλ-

43 2244 77 2270 30
98 2235 244 2287 λαγῶν
281 2240 430 2287 χεῖρον
474 2234 630 2288 ἔχοιεν,
673 2233 753 2286 τὴν
793 2232 997 2283 ἐξουσίαν
1035 2232 1266 2287 ἐβεβαίουν
1307 2232 1436 2288 αὐτῷ.

191 2316 210 2355 ἓ
236 2316 302 2348 367
330 2313 374 2348 cf.
402 2313 493 2348 Bell.
521 2313 597 2348 Iud.
625 2314 641 2348 I
667 2318 721 2357 ΞΠ,
749 2317 780 2349 3.
