1732 2526
690 62 1031 94 EKKAIAEKATH
1476 60 1531 101 47

187 166 268 223 μὲν
301 167 545 222 ἐγίγνοντο,
576 168 715 210 πάντα
748 167 788 210 δ’
825 167 1058 223 ἐτάραττον
1092 167 1158 210 ἐπ’
1193 169 1426 210 ἀναστάσει
1458 174 1534 222 τῆς

179 236 386 293 Ἡρώδου
424 240 646 292 βασιλειάς
684 241 821 293 χωρία
859 237 931 280 καὶ
972 240 1117 292 κώμας
1153 243 1430 291 πορθοῦντες
1461 237 1533 280 καὶ

185 311 289 358 τοὺς
332 307 693 363 λαμβανομένους
741 316 830 350 τῶν
880 309 1130 362 ἀνθρώπων
1182 308 1532 362 ἐπισφάττοντες,

186 379 244 428 ὡς
288 376 401 420 εἶναι
445 378 619 436 πολέμῳ
663 380 743 433 τὴν
787 378 963 420 ἀδικίαν
1009 378 1224 421 ἐοικυῖαν·
1271 378 1532 432 ἐγεγόνεσαν

149 466 165 491 5
186 450 268 504 γὰρ
304 451 385 504 ἤδη
417 448 516 502 περὶ
549 452 727 504 χιλίους.
767 449 911 504 <279>
939 447 1006 504 ἐφ’
1039 444 1104 499 οἷς
1130 448 1532 504 ἀχθόμενοςἹΙρώ-

186 520 264 574 δης
296 520 398 569 τούς
428 535 473 561 τε
505 521 664 575 λῃστὰς
696 518 847 574 ἐξῄτει,
880 519 953 561 καὶ
983 519 1109 575 χρέος
1141 519 1163 561 ὃ
1198 520 1270 561 διὰ
1304 523 1531 561 Συλλαίου

185 591 387 640 δανείσας
414 591 565 645 ἔτυχεν
580 589 755 646 Ὀβόδα,
781 591 972 632 τάλαντα
1002 589 1227 645 ἑξήκοντα,
1252 591 1532 646 παρηκούσης

184 660 300 717 αὐτῷ
326 667 408 714 ντῆς
445 664 718 715 προθεσμίας
755 660 996 715 ἀπολαβεῖν
1033 661 1171 714 ἠξίου.
1235 661 1380 714 <280>
1414 664 1531 703 Συλ-

183 734 305 780 λαῖος
349 729 396 772 δὲ
447 732 524 773 τὸν
575 729 655 785 μὲν
703 730 890 786 Ὀβόδαν
940 732 1256 786 παρωσάμενος
1305 732 1435 781 αὐτὸς
1486 730 1526 774 δ’

130 820 162 843 10
183 802 353 843 ἅπαντα
386 802 582 855 διοικῶν,
619 803 721 851 τούς
758 818 802 843 τε
842 803 999 858 λῃστὰς
1037 802 1215 857 ἔξαρνος
1242 800 1295 856 ἧν
1328 804 1385 857 μὴ
1423 805 1531 844 κατὰ

182 873 262 926 τὴν
289 871 497 927 Ἀραβίαν
536 869 664 925 εἶναι,
702 871 773 914 καὶ
811 871 912 927 περὶ
950 880 1039 914 τῶν
1076 873 1310 927 χρημάτων
1347 873 1531 927 ἀνεβάλ-

182 946 301 996 λετο,
333 942 433 997 περὶ
467 940 529 985 ὧν
561 943 634 985 ἐπί
662 959 705 985 τε
728 946 1039 998 Σατουρνίνου
1070 943 1143 986 καὶ
1163 942 1416 997 ’ἕίολομνιόυ
1441 951 1530 985 τῶν

182 1020 257 1068 τῆς
277 1017 445 1069 Συρίας
466 1013 814 1056 ἐπιστατούντων
838 1014 1064 1068 ἐγίγνοντο
1086 1017 1222 1068 λόγοι.
1250 1014 1394 1068 <281>
1409 1014 1532 1063 τέλος

153 1081 230 1125 ’δὲ
263 1083 476 1126 συνέθετο
510 1082 567 1126 δι’
614 1084 794 1126 ἐκείνων
834 1084 956 1134 ε’ντὸς
998 1086 1173 1141 ἡμερῶν
1211 1085 1447 1140 τριάκοντα
1479 1085 1530 1126 τά

128 1170 160 1196 15
181 1170 225 1196 τε
268 1156 464 1209 χρήματα
508 1157 586 1197 τὸν
617 1153 824 1209 “Ηρώδην
869 1155 1110 1210 ἀπολαβεῖν
1147 1155 1219 1198 καὶ
1258 1158 1360 1205 τοὺς
1399 1155 1530 1209 ἀλλή-

180 1227 271 1266 λων
304 1224 351 1266 έν
390 1223 571 1281 ἑκατέρα
608 1232 658 1280 τῇ
697 1228 908 1282 βασιλεία.
970 1224 1042 1267 καὶ
1080 1227 1197 1282 παρὰ
1237 1224 1317 1280 μὲν
1351 1225 1530 1282 (Ηρώδῃ

179 1302 268 1337 τῶν
288 1293 487 1350 Ἀράβων
521 1295 667 1345 οὐδεὶς
697 1295 860 1351 εὑρέθη
893 1298 941 1338 τὸ
975 1297 1168 1339 σύνολον
1201 1295 1293 1339 οὔτ’
1332 1294 1398 1339 ἐπ’
1435 1297 1530 1339 ἀδι-

180 1369 276 1416 κίας
307 1366 408 1408 οὔτε
439 1363 532 1408 κατ’
568 1368 703 1408 ἄλλον
736 1370 917 1420 τρόπον,
949 1368 995 1409 οἱ
1018 1364 1060 1409 δ’
1080 1366 1266 1423 ’Ἄραβες
1291 1366 1529 1422 ἠλέγχοντο

180 1439 282 1486 τοὺς
314 1438 473 1492 λῃστὰς
503 1435 608 1492 παρ’
643 1438 792 1487 αὑτοῖς
824 1439 950 1493 ἔχειν.

127 1524 161 1549 20
270 1508 414 1562 (982)
448 1508 713 1563 διελθούσης
751 1506 799 1550 δὲ
831 1515 905 1562 τῆς
936 1511 1209 1563 προθεσμίας
1246 1510 1269 1552 ὁ
1309 1512 1530 1559 Συλλαῖος
1555 1521 1574 1552 2

181 1576 314 1620 οὐδὲν
352 1585 440 1620 τῶν
480 1580 663 1620 δικαίων
700 1580 946 1633 πεποιηκὼς
983 1581 1044 1628 εἰς
1079 1578 1248 1634 Ῥώμην
1289 1579 1528 1635 ἀνέρχεται.

181 1649 311 1703 ῥύσια
345 1646 393 1690 δὲ
425 1656 512 1690 τῶν
543 1649 776 1704 χρημάτων
802 1649 874 1691 καὶ
900 1657 988 1691 τῶν
1013 1648 1114 1704 παρ’
1148 1650 1330 1700 ἐκείνοις
1356 1654 1528 1707 λῃστῶν

173 1718 376 1775 “Ηρώδης
415 1719 616 1774 ἐποιεῖτο,
655 1720 800 1775 (283)
838 1719 910 1762 καὶ
947 1728 1034 1762 τῶν
1075 1720 1175 1776 περὶ
1219 1723 1295 1763 τὸν
1334 1724 1529 1777 Σατουρ-

180 1798 308 1832 νῖνον
365 1789 436 1831 καὶ
481 1787 735 1845 ’ἐίολόμνιον
787 1790 1108 1846 ἐπιτρεπόντων
1159 1791 1528 1847 ἀγνωμονοῦντας

128 1875 162 1901 25
183 1859 413 1915 ἐπεξιέναι,
446 1862 653 1915 στρατιάν
685 1859 721 1903 τ’
759 1863 871 1917 ἔχων
903 1863 1154 1917 προήγαγεν
1191 1864 1254 1912 εἰς
1290 1863 1370 1916 τὴν
1403 1861 1527 1918 Ἀρα-

178 1934 297 1987 βίαν,
339 1929 485 1987 τρισὶν
529 1930 711 1986 ἡμέραις
752 1930 856 1973 ἑπτὰ
901 1934 1126 1986 σταθμοὺς
1170 1933 1392 1982 διανύσας.
1454 1932 1527 1974 καὶ

178 2004 414 2057 γενόμενος
446 2000 515 2043 ἐπὶ
546 2007 625 2043 τοῦ
657 2005 878 2057 φρουρίου
909 2009 989 2045 τοῦ
1021 2005 1124 2052 τοὺς
1161 2004 1319 2059 λῃστὰς
1350 2005 1527 2058 ἔχοντος

179 2073 298 2129 αι”ρεῖ
331 2070 411 2127 μὲν
449 2072 493 2123 ἐξ
533 2072 698 2128 ἐφόδου
735 2074 900 2123 πάντας
937 2074 1111 2127 αὐτούς,
1148 2074 1438 2116 κατασκάπτει
1477 2072 1526 2116 δὲ

178 2145 227 2186 τὸ
259 2146 436 2199 χωρίον,
462 2142 636 2186 Ῥάϊπτα
667 2145 958 2198 καλούμενον·
991 2151 1080 2186 τῶν
1113 2142 1149 2186 δ’
1189 2145 1336 2186 ἄλλων
1368 2143 1517 2186 οὐδέν’

125 2227 160 2253 3ο
181 2214 408 2269 ἐλύπησεν.
441 2214 582 2267 <284>
603 2214 973 2269 ἐκβοηθησάντων
994 2213 1042 2256 δὲ
1061 2222 1149 2257 τῶν
1170 2214 1365 2270 Ἀράβων
1392 2216 1524 2269 ἡγουμ

180 2284 315 2340 μένου
335 2284 544 2340 Νακέβου
576 2285 689 2340 μάχη
722 2288 903 2339 γίνεται,
935 2284 1036 2327 καθ’
1073 2286 1128 2340 ἣν
1161 2287 1303 2340 ὀλίγοι
1330 2284 1409 2340 μὲν
1435 2293 1523 2327 τῶν
