1732 2526
246 71 330 112 164
739 70 1103 103 ΑΡΧΑΙοΛοΓΙΑΣ

242 189 346 220 στον
386 179 642 232 ὡμολόγητο
682 176 811 233 αὐτῷ.
874 176 1018 230 <154>
1060 175 1131 217 καὶ
1170 175 1192 217 ὃ
1232 172 1311 230 μὲν
1349 174 1490 216 πάντα
1530 173 1617 216 ἐπὶ.

245 256 296 304 τῇ
329 251 518 305 βοηθείᾳ
550 255 637 290 τῶν
670 251 983 302 Δαμασκηνῶν
1021 247 1194 302 ὥρμητο
1227 246 1454 300 πράττειν,
1487 242 1601 300 Ἀρι-

247 322 487 374 στόβουλος
531 317 584 360 δέ
620 317 691 374 (οὐ
734 319 816 373 γὰρ
860 317 1106 360 ἐλάνθανεν
1148 317 1283 359 αὐτὸν
1322 316 1348 370 ἡ
1391 316 1602 371 ὁμολογία

247 398 336 432 τῶν
374 387 628 446 χρημάτων)
666 389 950 444 καταγορεύει
987 388 1097 443 πρὸς
1133 388 1211 429 τὸν
1251 386 1468 429 Φλάκκον,
1531 385 1602 428 καὶ

247 459 596 516 βασανιζομένου
635 466 714 502 τοῦ
752 459 1004 515 πράγματος
1042 456 1134 500 ἐπεὶ
1175 458 1345 513 φανερὰ
1386 454 1462 512 ἧν,
1503 456 1603 508 ἐξω-

247 536 326 574 θεῖ
359 533 437 574 τὸν
465 529 706 586 Ἀγρίππαν
745 532 894 584 φιλίας
930 536 1005 584 τῆς
1042 529 1150 585 πρὸς
1188 529 1334 571 αὑτόν.
1397 527 1543 583 <155>
1581 528 1603 570 ὃ

249 601 288 644 δ’
326 603 387 652 εἰς
418 602 611 656 ὑστάτην
644 600 832 655 ἀπορίαν
871 599 1192 656 περιεωσμένος
1229 600 1292 649 εἰς
1323 600 1606 654 Πτολεμαΐδα

248 679 414 727 παρῆν,
459 670 530 714 καὶ
561 669 684 713 ’κατὰ
727 673 776 713 τὸ
821 672 990 725 ἄπορον
1032 677 1106 725 τῆς
1147 670 1396 726 ἀλλαχόθεν
1438 671 1606 725 διαίτης

248 745 430 798 γνώμην
470 742 657 785 ἐποιεῖτο
699 741 768 784 ἐπὶ
809 748 885 796 τῆς
920 740 1104 791 Ἰταλίας
1144 745 1283 784 πλεῖν.
1351 742 1607 797 εἰργόμενος

251 812 299 856 δὲ
349 814 584 870 χρημάτων
636 812 796 869 ἀπορία
846 812 972 867 ἠξίου
1016 813 1264 867 Μαρσύαν,
1322 811 1413 854 ὄντ’
1470 812 1606 854 αὐτοῦ

250 885 573 939 ἀπελεύθερον,
623 884 838 939 ποριστὴν
892 881 1101 937 γενέσθαι
1145 890 1234 924 τῶν
1279 881 1348 924 ἐπὶ
1391 883 1609 932 τοιούτοις

253 957 484 1009 δαπανῶν,
530 955 850 1009 δανεισάμενον
894 955 1011 1009 παρὰ
1055 960 1201 995 τινῶν.
1265 953 1423 1007 <156>
1467 952 1540 995 καὶ
1585 954 1607 995 ὁ

1628 827 1660 852 10

252 1027 474 1082 Μαρσύας
499 1024 676 1081 Πέτρον
702 1026 890 1079 κελεύει,
918 1026 1157 1081 Βερενίκης
1183 1022 1276 1066 ὄντ’
1308 1023 1608 1080 ἀπελεύθερον
1650 1074 1653 1075 ⁷

250 1103 327 1152 τῆς
347 1095 563 1152 Ἀγρίππα
596 1098 780 1152 μητρός,
820 1097 1036 1150 διαθήκης
1069 1093 1117 1137 δὲ
1148 1101 1223 1149 τῆς
1256 1094 1422 1150 ἐκείνης
1454 1096 1608 1153 δικαίῳ

251 1168 551 1210 ὑποτελοῦντα
582 1173 657 1221 τῆς
683 1166 939 1220 Ἀντωνίας,
972 1166 1088 1223 αὐτῷ
1121 1173 1232 1220 γοῦν
1265 1174 1506 1221 παρασχεῖν
1539 1164 1608 1208 ἐπὶ

253 1238 473 1294 γράμματι
505 1237 577 1280 καὶ
609 1240 751 1280 πίστει
783 1244 833 1292 τῇ
867 1237 1015 1279 αὐτοῦ.
1073 1236 1218 1290 <157>
1251 1236 1273 1278 ὃ
1308 1234 1356 1278 δὲ
1391 1234 1608 1293 (ἐπεκάλει

254 1310 337 1364 γὰρ
377 1315 436 1366 τῷ
475 1307 688 1365 Ἀγρίππα
730 1309 962 1364 χρημάτων
1002 1315 1137 1349 τινῶν
1178 1306 1490 1363 ἀποστέρησιν)
1534 1307 1609 1350 ἀν-

254 1380 427 1434 αγκάζει
469 1380 545 1421 τὸν
586 1380 810 1434 Μαρσύαν
852 1380 933 1421 δύο
975 1379 1204 1434 μυριάδων
1242 1376 1459 1420 Ἀτθίδων
1502 1389 1610 1433 συμ-

257 1452 441 1505 βόλαιον
473 1449 771 1504 ποιησάμενον
803 1451 1109 1498 πεντακοσίαις
1134 1447 1205 1490 καὶ
1233 1449 1466 1504 δισχιλίαις
1490 1451 1611 1491 ἔλατ-

254 1537 333 1564 τον
366 1521 621 1576 λαμβάνειν.
673 1521 910 1577 συνεχώρει
944 1518 980 1561 δ’
1015 1519 1179 1569 ἐκεῖνος
1205 1520 1312 1561 κατὰ
1338 1521 1386 1562 τὸ
1413 1521 1470 1574 μὴ
1497 1516 1610 1562 εἶναι

256 1593 397 1641 άλλως
440 1599 596 1634 ποιειν.
668 1591 826 1647 <158>
871 1589 1134 1645 εἶ’λημμενου
1180 1588 1227 1632 δε
1271 1596 1349 1632 τοῦ
1392 1591 1611 1646 χρήματος

257 1663 438 1717 τούτου,
477 1660 713 1717 Ἀγρίππας
752 1663 813 1712 εἰς
847 1660 1096 1715 Ανθηδόνα
1140 1663 1495 1717 παραγενόμενος
1539 1659 1609 1702 καὶ

257 1734 406 1787 λαβὼν
444 1737 558 1774 ναῦν
600 1730 649 1773 ἐν
690 1730 938 1785 ἀναγωγαῖς
978 1727 1046 1785 ἧν.
1108 1728 1179 1772 καὶ
1222 1732 1357 1784 γνοὺς
1390 1728 1612 1786 (Ερέννιος

258 1806 469 1845 Καπίτων
502 1803 524 1846 ὁ
558 1808 633 1856 τῆς
653 1801 868 1856 ΗΙαμνειας
894 1801 1125 1857 ἐπίτροπος
1149 1800 1306 1856 πέμπει
1334 1802 1611 1857 στρατιώτας,

1629 1179 1663 1205 15

1630 1531 1664 1557 20

260 1876 304 1916 οἳ
342 1873 648 1929 εἰσπράξονται
690 1873 825 1915 αὐτὸν
866 1872 1080 1928 ἀργυρίου
1122 1873 1355 1927 τριάκοντα
1396 1872 1611 1927 μυριάδας
1630 1884 1663 1910 25

259 1949 474 2001 θησαυρῷ
519 1950 578 2001 τῷ
623 1945 845 1999 Καίσαρος
889 1941 1176 1997 ὀφειλομένας
1220 1941 1288 1984 ἐπὶ
1325 1941 1488 1996 Ῥώμης
1530 1940 1604 1984 ὑπ’

262 2015 419 2069 αὐτοῦ,
461 2015 652 2069 ἀνάγκας
683 2013 717 2056 τ’
757 2014 1014 2056 ἐπετίθεσαν
1045 2020 1125 2057 τοῦ
1156 2019 1404 2068 μενοῦντος.
1467 2012 1611 2067 <159>

262 2084 333 2127 καὶ
365 2087 460 2127 τότε
495 2083 574 2140 μὲν
606 2087 838 2127 πείσεσθαι
870 2092 961 2135 τοῖς
992 2083 1347 2139 κεκελευσμένοις
1371 2094 1611 2139 προσποιη-

260 2157 334 2206 τὸς
375 2153 452 2210 ἧν,
503 2158 662 2205 νυκτὸς
707 2152 747 2197 δ’
797 2154 1107 2210 ἐπιγενομένης
1150 2157 1288 2206 κόψας
1333 2155 1385 2196 τὰ
1429 2153 1612 2208 ἀπόγεια

265 2225 400 2283 ᾤχετο
428 2223 493 2268 ἐπ’
519 2226 845 2281 Ἀλεξανδρείας
870 2225 1024 2268 πλέων.
1076 2227 1187 2268 ἔνθα
1207 2224 1499 2279 Ἀλεξάνδρου
1527 2226 1611 2267 δεῖ-
1631 2237 1665 2263 30

263 2312 332 2339 ται
364 2305 443 2340 τοῦ
476 2296 727 2353 ἀλαβάρχου
754 2298 970 2352 μυριάδας
995 2301 1132 2340 εἴκοσι
1160 2296 1337 2338 δάνειον
1364 2296 1479 2352 αὐτῷ
1509 2297 1611 2338 δοῦ-
