1732 2526
152 2185 172 2216 6

200 85 258 126 90
693 86 1056 119 ΑΡΧΑΙΟΛΟΓΙΑΣ

199 193 281 246 τὴν
313 190 475 247 μητέρα
507 189 570 235 ὧν
597 191 789 243 ἐπενόεις
814 193 1022 248 πιμπλάς,
1047 191 1118 235 καὶ
1146 200 1441 235 στασιοποιῶν
1467 194 1547 248 τὴν

200 264 380 306 εὔνοιαν
411 270 502 313 τοῖς
533 262 756 318 ἀδελφοῖς,
794 263 866 306 καὶ
897 267 1072 318 τολμῶν
1110 265 1274 318 θηριόν
1313 259 1572 306 ἀποκαλεῖν

201 336 278 376 τὸν
321 333 499 389 πατέρα,
541 336 705 384 παντὸς
754 332 937 390 ἑρπετοῦ
981 333 1287 390 χαλεπωτέραν
1331 335 1411 389 τὴν
1455 335 1549 377 διά-

199 421 328 447 νοιαν
371 403 782 459 κατεσκευασμένος,
826 401 853 461 ἧ
892 406 968 447 τὸν
1002 404 1184 447 ἐκείνων
1225 405 1294 447 ι’ὸν
1334 404 1403 447 ἐπὶ
1446 407 1549 455 τοὺς

201 476 572 530 συγγενεστάτους
602 474 674 517 καὶ
706 477 808 525 τοὺς
846 474 915 517 ἐπὶ
946 476 1173 525 τοσούτοις
1211 474 1438 531 εὐεργέτας
1469 491 1549 518 πα-

199 548 410 601 ρεκάλεις,
443 546 779 601 ἐπισυμμαχίαις
809 547 1021 601 φυλάκων
1052 545 1125 588 καὶ
1163 545 1334 602 τέχναις
1371 546 1549 601 ἀνδρῶν

199 617 271 660 καὶ
303 626 528 673 γυναικῶν
554 620 852 672 φραττόμενος
883 618 991 659 κατὰ
1031 624 1110 660 τοῦ
1143 617 1365 672 γέροντος,
1404 618 1548 672 ὥσπερ

176 689 280 731 ὀὐκ
313 688 531 743 ἀρκούσης
563 693 645 729 σοῦ
676 693 752 741 τῆς
785 689 983 738 διανοίας
1014 695 1140 743 μῖσος
1171 689 1219 730 τὸ
1247 688 1548 744 ὑποικουροῦν

198 767 484 816 παραστῆσαι.
546 758 688 813 <118>
719 757 790 800 καὶ
822 765 907 800 νῦν
940 759 1159 812 ἐλήλυθας
1190 759 1295 814 μετὰ
1327 759 1549 813 βασάνους

201 830 464 885 ἐλευθέρων,
497 831 692 883 οἰκετῶν,
724 829 912 885 ἀνδράσι
938 828 1009 871 καὶ
1036 828 1210 884 γυναιξὶ
1238 830 1310 871 διὰ
1344 827 1392 871 σὲ
1423 846 1547 884 γεγο-

199 903 326 951 νυίας
366 901 574 955 μηνύσεις
610 907 698 942 τῶν
737 907 1029 955 συνωμοτῶν,
1067 899 1312 954 ἀντιλέγειν
1349 906 1400 956 τῇ
1446 899 1548 954 ἀλη-

197 974 301 1028 θεία
340 971 557 1024 σπεύδων,
601 969 673 1012 καὶ
715 969 814 1026 οὐχὶ
852 973 991 1025 μόνον
1029 972 1106 1013 τὸν
1143 970 1307 1026 πατέρα
1349 971 1548 1025 ἀναιρεῖν

198 1043 496 1097 μεμελετηκὼς
527 1041 573 1083 ἐκ
604 1048 683 1084 τοῦ
716 1040 1001 1096 ἀνθρωπείου
1034 1040 1191 1098 (βίου),
1226 1039 1320 1084 ἀλλ’
1358 1043 1442 1096 ἤδη
1476 1040 1548 1084 καὶ

197 1115 339 1168 νόμον
371 1115 447 1155 τὸν
480 1113 587 1154 κατὰ
620 1118 700 1154 σοῦ
733 1111 1053 1167 γεγραμμένον,
1079 1110 1150 1154 καὶ
1177 1112 1258 1166 τὴν
1283 1111 1443 1167 ἀρετὴν
1469 1118 1548 1155 τοῦ

194 1181 362 1240 ’ὃάρου,
393 1182 465 1225 καὶ
498 1190 576 1226 τοῦ
610 1184 784 1224 δικαίου
816 1183 896 1237 τὴν
921 1184 1070 1238 φύσιν.
1121 1183 1266 1237 <119>
1300 1183 1439 1233 οὕτως
1463 1184 1548 1238 ἄρα

199 1260 250 1309 τῇ
289 1254 491 1311 ἀναιδείᾳ
528 1253 744 1303 πέποιθας
783 1254 891 1295 ὥστε
929 1253 1000 1295 καὶ
1045 1256 1359 1308 βασανίζεσθαι
1397 1254 1548 1308 ἀξιοῖς,

199 1324 272 1367 καὶ
304 1326 482 1376 ψευδεῖς
514 1324 654 1379 λέγων
680 1325 756 1374 τὰς
781 1325 1004 1378 βασάνους
1030 1332 1116 1366 τῶν
1145 1325 1548 1380 προβεβασανισμέ-

200 1413 308 1451 νων,
340 1395 399 1438 ’ίν’
435 1393 581 1450 οἱμὲν
608 1395 822 1451 ῥυόμενοί
845 1407 926 1438 σου
952 1397 1029 1438 τὸν
1055 1394 1219 1450 πατέρα
1245 1395 1548 1450 ἐκκρουσθῶσι

199 1473 278 1509 τοῦ
322 1464 630 1521 ἠληθευκέναι,
675 1467 724 1507 αἱ
764 1464 812 1508 δὲ
851 1465 923 1508 σαὶ
960 1467 1147 1521 βάσανοι
1186 1468 1349 1509 δοκῶσι
1386 1470 1546 1509 πισταί.

198 1538 343 1592 <120>
376 1538 428 1580 οὐ
462 1537 602 1593 ῥύσει,
628 1535 762 1592 ’ὅᾶρε,
793 1538 872 1580 τὸν
904 1536 1085 1592 βασιλέα
1116 1543 1191 1592 τῆς
1223 1537 1422 1593 ἐπηρείας
1459 1546 1548 1580 τῶν

200 1616 439 1663 συγγενῶν,
474 1605 569 1650 οὐδ’
607 1607 785 1658 ἀπολεῖς
815 1610 1013 1664 πονηρὸν
1044 1611 1224 1664 θηρίον,
1265 1606 1330 1651 ἐπ’
1373 1608 1547 1667 ὀλέθρῳ

200 1677 280 1734 μὲν
307 1687 395 1721 τῶν
422 1678 627 1734 ἀδελφῶν
653 1679 833 1721 εὔνοιαν
859 1680 1242 1735 προσποιούμενον
1267 1686 1345 1722 τοῦ
1371 1681 1547 1736 πατρός,

201 1752 312 1792 ἔνθα
357 1748 406 1792 δὲ
450 1749 601 1804 μέλλοι
644 1750 752 1791 κατὰ
790 1752 927 1804 μόνας
965 1749 1126 1805 ταχέως
1162 1749 1426 1792 ἀποίσεσθαι
1466 1751 1548 1805 τὴν

200 1823 451 1875 βασιλειάν,
495 1820 673 1862 πάντων
723 1820 839 1878 αὐτῷ
889 1821 1257 1873 θανασιμώτατον
1307 1820 1549 1876 ἀναφαινό-

201 1907 351 1946 μενον,
396 1893 529 1944 γνοὺς
567 1891 633 1932 ὅτι
669 1893 962 1945 πατροκτονία
999 1893 1151 1934 κοινόν
1196 1890 1314 1934 ἐστιν
1358 1891 1547 1947 ἀδίκημα

200 1960 272 2003 καὶ
314 1969 388 2016 τῆς
429 1962 603 2016 φύσεως
642 1960 715 2004 καὶ
756 1967 835 2004 τοῦ
879 1964 996 2016 βίου,
1034 1961 1090 2016 ἣν
1129 1968 1381 2017 πεφηνυῖαν
1413 1960 1545 2005 οὐδὲν

199 2032 391 2086 ἡττόνως
421 2038 501 2074 τοῦ
533 2031 887 2087 βεβουλευμένου
919 2032 991 2074 καὶ
1024 2032 1046 2075 ὁ
1085 2034 1142 2087 μὴ
1181 2033 1374 2084 κολάζων
1407 2032 1552 2075 ἀδικεῖ

198 2105 279 2158 τὴν
310 2103 475 2159 φύσιν.’

287 2174 433 2228 <121>
470 2175 724 2228 προσετίθει
763 2172 802 2215 δ’
845 2174 929 2228 ἤδη
967 2174 1019 2215 τὰ
1051 2180 1126 2228 τῆς
1163 2175 1324 2229 μητρὸς
1351 2169 1549 2216 Ἀντιπά-

199 2261 332 2300 τρου,
377 2245 515 2287 ὁπόσα
558 2245 668 2299 πρός
717 2259 839 2294 τινας
887 2241 944 2298 ἦν
992 2246 1264 2301 κουφολογίᾳ
1313 2247 1547 2302 γυναικείῳ

199 2314 420 2371 εἰρημένα,
452 2317 657 2370 μαντείας
688 2330 732 2356 τε
764 2313 837 2356 καὶ
869 2317 1030 2365 θυσίας
1070 2313 1139 2357 ἐπὶ
1177 2321 1236 2372 τῷ
1277 2317 1451 2370 βασιλεῖ
1478 2330 1548 2369 γε-

1569 842 1601 867 10

1570 1195 1601 1221 15

1568 1550 1601 1574 20

1567 1902 1600 1928 25

1568 2256 1602 2281 30
