1732 2526
237 97 323 138 356
798 94 1025 128 ΙΩΣΗΠΟΤ

238 204 445 259 ὥρμησαν
471 201 734 255 καταβάντες
760 202 821 250 εἰς
846 203 894 243 τὸ
918 204 1089 255 πλῆθος
1114 202 1395 255 μεταπείθειν
1421 200 1593 250 αὐτοὺς

237 274 295 323 ὡς
338 272 445 327 ἐμοῦ
489 279 631 320 κακῶς
674 279 1032 326 στρατηγοῦντος.
1094 271 1303 312 τάναντία
1348 267 1388 312 δ’
1433 271 1581 321 αὐτοῖς

237 342 404 392 εὐθέως
441 341 696 384 συνέπεσεν·
735 343 880 396 <2ὧο>
921 340 1154 396 ὀφθέντων
1193 342 1275 395 γὰρ
1314 341 1453 390 εὐθὺς
1490 340 1580 395 ἐγέ-

235 430 335 456 νετο
367 413 448 468 βοὴ
479 413 595 467 παρὰ
632 420 719 454 τῶν
753 414 998 453 Γαλιλαίων
1035 413 1143 466 πρὸς
1181 409 1254 466 ἐμὲ
1290 413 1368 453 τὸν
1401 423 1581 466 στρατη-

236 487 317 538 γὸν
350 483 525 532 εὐνοίας
557 481 667 533 ἀξία,
701 483 975 536 κατάμεμψίν
1014 479 1050 523 τ’
1093 482 1324 524 ἐποιοῦντο
1362 489 1450 523 τῶν
1480 480 1580 536 περὶ
1617 498 1633 523 5

235 556 313 597 τὸν
353 552 590 607 Ἰωνάθην,
635 554 699 594 ὅτι
741 554 943 607 πάρεισιν
987 551 1120 595 οὐδὲν
1164 551 1242 607 μὲν
1281 551 1407 594 αὐτοὶ
1444 553 1579 594 κακὸν

235 626 607 679 προπεπονθότες,
633 623 950 677 ἀνατρέψοντες
977 621 1025 665 δὲ
1050 625 1101 665 τὰ
1129 623 1309 665 ἐκείνων
1338 623 1581 677 πράγματα.

235 695 306 738 καὶ
338 695 679 749 παρεκελεύοντο
713 693 903 735 ἀπιέναι·
937 695 994 748 μὴ
1033 695 1114 748 γὰρ
1154 695 1208 736 ἄν
1245 708 1348 736 ποτε
1381 707 1579 748 μεταπει-

236 771 400 820 σθῆναι
443 764 691 819 προστάτην
731 764 879 817 ἕτερον
920 762 1013 805 ἀντ’
1058 765 1164 819 ἐμοῦ
1209 767 1370 819 λαβεῖν.
1433 763 1578 817 <251>

235 838 402 879 τούτων
435 833 801 888 ἀπαγγελθέντων
834 850 906 888 μοι
939 838 1176 888 προελθεῖν
1214 836 1275 884 εἰς
1307 832 1466 887 μέσους
1497 833 1576 875 οὐκ
1598 851 1630 876 10

236 908 421 961 ὤκνησα.
472 903 731 958 κατέβαινον
764 900 844 945 οὖν
878 903 1044 953 εὐθέως
1075 905 1134 953 ὡς
1165 904 1326 953 αὐτοὺς
1356 906 1401 945 τί
1425 904 1578 957 λέγου-

236 989 307 1019 σιν
341 977 386 1019 οἱ
413 976 510 1031 περὶ
545 976 621 1016 τὸν
650 972 866 1028 Ἰωνάθην
905 973 1215 1029 ἀκουσόμενος.
1281 976 1579 1030 προελθόντος

236 1047 288 1089 δέ
323 1063 408 1102 μου
446 1048 597 1101 κρότος
639 1045 754 1098 παρὰ
791 1046 952 1094 παντὸς
983 1052 1061 1088 τοῦ
1102 1047 1301 1099 πλήθους
1339 1045 1477 1095 εὐθὺς
1506 1042 1577 1099 ἦν,

235 1117 306 1160 καὶ
339 1117 438 1172 μετ’
472 1116 702 1170 εὐφημιῶν
735 1115 982 1170 ἐπιβοήσεις
1012 1116 1140 1171 χάριν
1168 1118 1281 1171 ἔχειν
1310 1116 1578 1171 ὁμολογούν-

164 1202 208 1232 49
235 1205 322 1231 των
353 1195 404 1243 τῇ
438 1186 515 1242 ἐμῇ
550 1187 795 1241 στρατηγίᾳ.
857 1186 1002 1240 <252>
1040 1193 1174 1228 ταῦτα
1213 1184 1252 1227 δ’
1298 1187 1344 1228 οἱ
1370 1186 1469 1240 περὶ
1501 1188 1577 1229 τὸν
1599 1203 1631 1228 15

230 1255 448 1312 Ἰωνάθην
475 1257 708 1306 ἀκούοντες
736 1255 1024 1310 ἐφοβήθησαν
1051 1258 1107 1310 μὴ
1133 1255 1205 1298 καὶ
1230 1258 1578 1299 κινδυνεύσωσιν

235 1330 501 1381 ἀποθανεῖν,
549 1323 612 1368 ἐπ’
661 1326 821 1375 αὐτοὺς
861 1326 1149 1381 ὁρμησάντων
1198 1335 1285 1369 τῶν
1331 1329 1578 1369 Γαλιλαίων

234 1401 341 1441 κατὰ
372 1400 452 1452 τὴν
484 1399 592 1452 πρὸς
625 1394 698 1451 ἐμὲ
729 1397 870 1452 χάριν.
916 1398 1113 1451 δρασμὸν
1147 1394 1228 1439 οὖν
1256 1397 1478 1439 ἐπενόουν.
1519 1399 1577 1452 μὴ

236 1468 505 1523 δυνηθέντες
538 1465 577 1508 δ’
614 1466 824 1508 ἀπελθεῖν
863 1465 1140 1522 (προσμεῖναι
1179 1468 1261 1522 γὰρ
1299 1468 1459 1518 αὐτοὺς
1489 1467 1578 1521 ἠξί-

237 1538 346 1595 ωσα)
368 1546 574 1593 κατηφεῖς
594 1537 847 1592 ὑπέμειναν,
869 1537 1183 1592 ἐνστησάμενοι
1202 1544 1262 1595 τῷ
1283 1541 1411 1596 λόγῳ.
1432 1539 1575 1592 <253>
1597 1555 1630 1581 20

234 1609 476 1665 προστάξας
508 1605 589 1651 οὗν
620 1615 680 1665 τῷ
712 1606 792 1662 μὲν
823 1610 986 1662 πλήθει
1018 1609 1093 1658 τὰς
1124 1609 1339 1663 εὐφημίας
1369 1608 1578 1664 ἐπισχεῖν,

235 1680 306 1723 καὶ
338 1688 426 1722 τῶν
458 1680 649 1722 ὁπλιτῶν
680 1680 783 1728 τοὺς
812 1679 1098 1729 πιστοτάτους
1129 1687 1222 1729 ταῖς
1253 1679 1374 1729 ὁδοῖς
1405 1678 1578 1734 ἐπιστή-

237 1763 313 1801 σας
338 1748 446 1804 ὑπὲρ
472 1757 550 1792 τοῦ
576 1756 790 1804 φρουρεῖν
816 1749 873 1803 μὴ
901 1748 1238 1803 ἀπροσδοκήτως
1261 1749 1367 1803 ἡμῖν
1393 1748 1578 1791 ὁἸωάν-

235 1839 314 1876 νης
346 1819 541 1875 ἐπιπέσῃ,
573 1818 837 1874 παραινέσας
876 1817 923 1860 δὲ
960 1818 1032 1861 καὶ
1063 1828 1154 1869 τοῖς
1187 1822 1436 1870 Γαλιλαίοις
1472 1820 1576 1862 ἀνα-

237 1895 388 1947 λαβεῖν
419 1892 470 1932 vo}
503 1891 630 1944 ὅπλα,
662 1891 719 1944 μὴ
751 1891 859 1945 πρὸς
899 1891 979 1944 τὴν
1012 1892 1176 1944 ἔφοδον
1214 1898 1301 1932 τῶν
1339 1893 1576 1945 πολεμίων,
1596 1907 1629 1932 25

237 1962 313 2004 ἐὰν
346 1961 526 2015 γένηταί
547 1977 611 2010 τις
636 1961 873 2015 αἰφνίδιος,
898 1965 1194 2016 ταραχθῶσιν,
1227 1962 1371 2016 <254>
1401 1969 1576 2016 πρῶτον

236 2040 310 2087 τῆς
342 2031 569 2084 ἐπιστολῆς
599 2033 701 2080 τοὺς
731 2029 830 2086 περὶ
862 2031 938 2072 τὸν
973 2028 1189 2086 Ἰωνάθην
1230 2033 1575 2087 ὑπεμίμνησκον,

237 2103 288 2145 ὃν
320 2104 482 2153 τρόπον
515 2101 728 2155 γράψειαν
760 2101 845 2143 ὑπὸ
877 2107 956 2143 τοῦ
987 2108 1141 2143 κοινοῦ
1173 2110 1259 2143 τῶν
1284 2101 1574 2157 Ἱεροσολυμι-

235 2181 323 2215 τῶν
355 2171 607 2226 πεπέμφθαι
641 2170 924 2221 διαλύσοντές
957 2187 1042 2225 μου
1077 2172 1152 2221 τὰς
1190 2174 1299 2227 πρὸς
1329 2174 1405 2214 τὸν
1430 2169 1573 2214 Ἰωάν-

236 2259 319 2297 νην
351 2243 612 2297 φιλονικίας,
645 2241 702 2290 ὡς
733 2240 1080 2295 παρακαλέσειάν
1111 2242 1160 2284 τέ
1188 2258 1238 2297 με
1277 2244 1385 2297 πρὸς
1416 2243 1576 2292 αὐτοὺς
1593 2259 1628 2284 30

236 2313 486 2368 ἀφικέσθαι.
549 2311 693 2365 <255>
730 2308 802 2352 καὶ
840 2317 973 2353 ταῦτα
1012 2312 1185 2362 διεξιὼν
1221 2313 1301 2367 τὴν
1343 2312 1574 2368 ἐπιστολὴν
