1732 2526
179 1680 200 1709 3

235 76 290 117 32
724 74 1088 108 APXAIOAOFIAz

232 181 273 225 τ’
309 182 498 237 ἀδελφὸς
530 178 662 224 οὐδὲν
695 181 848 236 ἀρετῆς
880 177 906 237 ᾗ
937 183 1152 237 πρότερον
1187 180 1340 236 ἐχρῆτο
1375 180 1475 237 περὶ
1508 180 1582 237 ἐμὲ

234 254 437 308 ὑφαιρῶν
469 249 621 307 ὦπται,
655 250 733 307 ἐμέ
760 250 795 294 τ’
834 250 955 301 ἐλπὶς
986 251 1066 294 οὐκ
1104 253 1167 302 εἰς
1199 252 1370 307 μακρὰν
1402 251 1583 295 ἀπελεύέ

234 328 391 366 σεσθαι
423 330 502 366 τοῦ
533 325 650 378 βίου,
681 321 803 378 φέρε,
836 324 893 377 μὴ
921 323 1072 378 γνώμῃ
1099 322 1408 380 ἀδελφοκτόνῳ
1435 322 1582 366 ἀποτι-

233 397 394 449 σαίμην
425 394 702 449 προπάτορας
733 395 836 443 τοὺς
867 393 1071 447 ἐμαυτοῦ,
1103 394 1151 435 τὸ
1178 393 1410 449 φάρμακον
1442 395 1583 436 καίειν

233 465 340 520 ἐμοῦ
381 464 646 520 βλέποντοςῖ
709 463 953 519 κομίσασάν
992 462 1031 505 τ’
1080 461 1213 505 οὐδὲν
1258 465 1320 513 είς
1363 463 1583 519 ἀναβολὰς

231 536 436 592 πράττειν
469 535 657 591 τάνδρὸς
687 535 764 584 τὰς
795 533 989 589 ἐντολάς,
1022 534 1136 589 (76)
1166 533 1239 576 καὶ
1270 537 1318 577 τὸ
1352 532 1432 589 μὲν
1463 539 1582 577 πλεῖ-

232 619 337 649 στον
368 607 594 649 καύσασαν
627 612 705 648 τοῦ
731 605 965 660 φαρμάκου
997 612 1162 661 τυχεῖν,
1192 606 1512 648 ὑπολείπεσθαι
1539 602 1578 647 δ’

232 678 399 732 ὀλίγον,
438 678 532 732 ἵνα,
573 678 614 718 εἰ
652 677 837 731 Φερώρα
875 676 1166 730 μεταστάντος
1205 675 1404 731 περιέποι
1441 684 1583 725 κακῶς

231 748 368 802 αὐτὴν
414 748 435 790 ὀ
480 748 705 801 βασιλεύς,
754 742 1009 801 μεθίσταιτο
1062 747 1295 801 διάδρασιν
1338 746 1581 801 ποιουμένη

231 827 317 860 τῶν
357 818 573 872 ἀναγκῶν.
636 818 764 872 (77)
802 813 922 860 ταῦτ’
959 819 1142 860 εἰποῦσα
1179 820 1229 860 τό
1267 833 1311 860 τε
1349 818 1581 874 φάρμακον

230 888 301 931 καὶ
327 891 406 944 τὴν
433 888 594 939 πυξίδα
621 890 682 938 εἰς
708 890 756 930 τὸ
784 887 920 943 μέσον
946 895 1153 943 παρῆγεν.
1209 887 1282 930 καὶ
1314 887 1505 944 ἀδελφὸς
1538 887 1578 930 δ’

225 959 476 1015 Ἀντιφίλου
519 959 663 1015 ἔτερος
703 958 775 1001 καὶ
816 961 955 1014 μήτηρ
999 959 1135 1001 αὐτοῦ
1176 958 1386 1013 ἀνάγκαις
1425 975 1471 1001 τε
1511 958 1582 1002 καὶ

229 1031 437 1085 βασάνων
470 1032 738 1086 σφοδρότητι
769 1028 887 1072 ταῦτ’
925 1031 1078 1084 ἔλεγον
1122 1028 1192 1072 καὶ
1228 1029 1464 1084 ἐγνώριζον
1501 1031 1582 1084 τὴν

229 1102 400 1152 πυξίδα.
465 1102 579 1156 (78)
624 1107 906 1156 κατηγορεῖτο
953 1098 1000 1142 δὲ
1044 1099 1116 1142 καὶ
1160 1107 1239 1142 τοῦ
1280 1091 1515 1156 ἀρχιερέως
1554 1100 1581 1155 ἡ

230 1173 450 1228 θυγάτηρ,
489 1173 601 1226 γυνὴ
641 1170 690 1214 δὲ
727 1178 806 1214 τοῦ
844 1170 1076 1225 βασιλέως,
1115 1172 1173 1221 ὡς
1203 1171 1382 1213 πάντων
1413 1172 1581 1214 τούτων

228 1244 361 1297 ἴστωρ
395 1242 623 1298 γενομένη,
655 1243 864 1298 κρύπτειν
896 1258 941 1284 τε
965 1246 1309 1296 προθυμηθεῖσα
1336 1241 1458 1284 αὐτά.
1509 1241 1582 1284 καὶ

228 1314 300 1355 διὰ
346 1314 448 1358 τάδε
482 1312 686 1368 “Ηρώδης
731 1312 901 1367 ἐκείνην
945 1310 982 1354 τ’
1030 1311 1204 1367 ἐξέβαλε
1248 1314 1321 1354 καὶ
1362 1313 1440 1354 τὸν
1479 1313 1580 1354 υἱὸν

227 1384 359 1438 αὐτῆς
386 1383 582 1439 ἐξήλειψε
603 1391 690 1426 τῶν
712 1385 954 1438 διαθηκῶν,
981 1384 1043 1433 εἰς
1068 1384 1116 1425 τὸ
1136 1386 1393 1438 βασιλεῦσαι
1419 1399 1581 1438 μεμνη-

227 1454 372 1509 μένων
405 1454 593 1497 ἐκείνου·
644 1453 715 1496 καὶ
753 1456 832 1497 τὸν
868 1455 1091 1509 πενθερὸν
1128 1454 1208 1508 τὴν
1246 1453 1580 1509 ἀρχιερωσύνην

228 1526 428 1579 ἀφείλετο
462 1528 646 1580 Σίμωνα
678 1527 756 1568 τὸν
793 1531 871 1566 τοῦ
903 1527 1106 1579 Βοηθοῦ,
1148 1527 1336 1579 καθίστη
1377 1522 1424 1566 δὲ
1455 1527 1580 1567 Mav-

228 1598 334 1637 θίαν
366 1597 443 1638 τὸν
477 1598 714 1651 Θεοφίλου,
740 1595 1096 1650 Ἱεροσολυμίτην
1127 1597 1176 1638 τὸ
1210 1594 1349 1650 γένος.

315 1667 430 1722 (79)
469 1666 516 1708 ἐν
555 1668 694 1724 τούτῳ
735 1664 782 1708 δὲ
823 1665 894 1709 καὶ
926 1666 1162 1716 Βάθυλλος
1201 1665 1246 1708 ἐκ
1280 1665 1464 1722 Ῥώμης,
1502 1666 1581 1709 ἀπ-

228 1738 462 1793 ελεύθερος
487 1737 797 1793 Ἀντιπάτρου,
835 1743 1002 1793 παρῆν,
1040 1736 1112 1779 καὶ
1143 1736 1432 1791 βασανισθεὶς
1464 1737 1581 1793 εὑρί-

228 1821 373 1849 σκεται
410 1809 644 1863 φάρμακον
676 1810 889 1863 κομίζειν,
929 1809 1086 1850 δώσων
1118 1814 1169 1863 τῇ
1208 1806 1244 1849 τ’
1282 1808 1418 1850 αὐτοῦ
1450 1807 1580 1865 μητρὶ

227 1880 299 1920 καὶ
329 1880 526 1936 Φερώρα,
559 1880 615 1929 ὡς
647 1881 687 1920 εἰ
716 1881 765 1921 τὸ
797 1881 1013 1934 πρότερον
1045 1880 1103 1934 μὴ
1136 1879 1315 1921 ἅπτοιτο
1344 1885 1423 1920 τοῦ
1455 1882 1579 1934 βασι-

228 1948 350 2003 λέως,
376 1950 516 2007 τούτῳ
544 1956 654 2003 γοῦν
676 1952 1041 2005 μεταχειρίζοιντο
1063 1950 1210 1992 αὐτόν.
1260 1949 1374 2004 <8Ο>
1400 1948 1578 2003 ἀφίκετο

229 2017 275 2061 δὲ
314 2020 543 2075 γράμματα
581 2021 698 2074 παρὰ
736 2027 824 2062 τῶν
863 2019 910 2062 ἐν
935 2019 1076 2076 Ῥώμῃ
1118 2022 1261 2075 φίλων
1300 2026 1359 2076 τῷ
1385 2018 1579 2077 “Ἠρώδῃ,

228 2091 379 2146 γνώμῃ
428 2089 502 2132 καὶ
550 2091 843 2145 ὑπαγορεύσει
884 2090 1172 2146 Ἀντιπάτρου
1222 2089 1291 2133 ἐπὶ
1341 2093 1579 2147 κατηγορίᾳ

221 2158 457 2216 Ἀρχελάου
503 2160 841 2204 καὶ,Φιλίππου
883 2164 1165 2216 συγκείμενα,
1210 2161 1268 2211 ὡς
1309 2162 1448 2215 δῆθεν
1486 2162 1579 2203 δια-

222 2230 432 2287 βάλλοιέν
464 2247 508 2274 τε
541 2233 618 2274 τὸν
649 2231 813 2286 πατέρα
845 2231 914 2274 ἐπὶ
953 2239 1097 2287 σφαγῇ
1135 2240 1223 2274 τῶν
1260 2230 1358 2286 περὶ
1386 2230 1577 2287 Ἀριστό-

322 2316 339 2354 g
369 2315 410 2345 79
438 2312 482 2347 cf.
509 2312 602 2349 Bell.
628 2312 705 2348 Iud.
733 2313 748 2347 Ι
776 2316 831 2358 31,
861 2318 890 2348 1.

1620 475 1636 502 5

1603 831 1636 856 10

1602 1183 1635 1209 15

1600 1538 1634 1563 ‘20

1598 1890 1632 1916 25

1597 2244 1631 2269 30
