1732 2526
613 99 956 131 EKKAIAEKATH
1404 98 1461 139 523

113 213 269 261 κοστῆς
299 208 407 261 πρὸς
437 213 529 254 ταῖς
561 202 730 246 ἑκατόν.
792 205 936 258 <137>
969 202 1025 258 ἧν
1064 202 1145 247 οὗν
1184 205 1321 255 εὐθὺς
1351 207 1462 260 πρὸς

114 283 163 331 τῇ
197 278 458 332 καθιερώσει
490 277 648 330 μείζων
679 273 807 329 ἑορτὴ
833 273 905 316 καὶ
930 274 1203 329 παρασκευαὶ
1229 275 1462 318 πολυτελέ-

115 359 283 389 σταται·
338 347 616 401 κατηγγέλκει
660 343 741 399 μὲν
791 346 874 399 γὰρ
925 345 1075 399 ἀγῶνα
1125 354 1337 401 μουσικῆς
1388 346 1461 389 καὶ

113 425 338 472 γυμνικῶν
375 416 657 471 ἀθλημάτων,
693 416 1007 470 παρεσκευάκει
1050 414 1098 458 δὲ
1135 418 1249 458 πολὺ
1290 421 1462 472 πλῆθος

76 501 93 526 5
113 488 378 542 μονομάχων
409 486 480 528 καὶ
512 489 699 541 θηρίων,
731 487 876 528 ἵππων
913 502 958 528 τε
992 487 1160 541 δρόμον
1197 485 1269 528 καὶ
1300 489 1352 528 τὰ
1384 502 1462 529 πο-

113 558 396 613 λυτελέστερα
428 565 516 599 τῶν
549 559 596 598 ἔν
627 572 671 598 τε
703 563 753 611 τῇ
767 555 907 611 Ῥώμῃ
933 556 1005 598 καὶ
1031 556 1133 611 παρ’
1167 558 1316 607 ἄλλοις
1344 556 1462 599 τισὶν

113 628 480 682 ἐπιτηδευμάτων.
548 627 692 680 <138>
733 627 928 669 ἀνετίθει
973 625 1021 669 δὲ
1065 626 1137 669 καὶ
1180 634 1340 670 τοῦτον
1383 629 1460 670 τὸν

112 698 260 752 ἀγῶνα
303 700 515 753 Καίσαρι,
559 698 666 739 κατὰ
716 699 1002 752 πεντετηρίδα
1051 697 1462 753 παρεσκευασμένος

111 770 235 822 ἄγειν
273 768 418 810 αὐτόν.
482 768 504 809 ὃ
545 767 582 809 δ’
630 768 747 825 αὐτῷ
786 775 931 810 πᾶσαν
969 769 1049 822 τὴν
1087 770 1149 818 είς
1185 770 1237 810 τὰ
1281 775 1461 811 τοιαῦτα

58 852 91 877 10
109 839 389 894 παρασκευὴν
422 838 505 881 ἀπὸ
538 846 626 880 τῶν
659 840 832 881 οἰκείων
866 838 1138 893 διεπέμπετο,
1180 841 1261 894 τὴν
1292 843 1461 895 φιλοτι-

110 912 215 964 μίαν
247 909 512 963 ἐπικοσμῶν·
545 910 688 962 <139>
721 911 813 966 ἰδία
845 907 893 951 δὲ
924 908 996 951 καὶ
1029 910 1054 963 ἡ
1088 911 1200 965 γυνὴ
1236 912 1461 965 Καίσαρος

106 979 267 1022 Ἰουλία
299 981 350 1022 τὰ
375 981 516 1021 πολλὰ
543 987 630 1021 τῶν
663 979 754 1021 ἐκεῖ
775 981 1158 1022 πολυτελεστάτων
1190 980 1460 1034 ἀπέστειλεν,

110 1051 168 1101 ὡς
199 1048 337 1105 μηδὲν
374 1050 576 1105 ὑστερεῖν
613 1051 665 1092 τὰ
701 1051 844 1092 πάντα
884 1052 1190 1105 συντιμώμενα
1230 1051 1460 1093 ταλάντων

108 1123 420 1164 πεντακοσίων.
486 1121 633 1175 <14Ο>
678 1123 976 1171 συνελθόντος
1022 1119 1061 1162 δ’
1108 1123 1170 1171 εἰς
1211 1122 1291 1175 τὴν
1329 1123 1460 1163 πόλιν

61 1204 94 1230 15
115 1194 248 1248 ὄχλου
278 1193 483 1241 πλείονος
508 1192 615 1233 κατὰ
640 1194 836 1245 θεωρίαν
863 1190 934 1233 καὶ
961 1190 1202 1247 πρέσβεων,
1228 1192 1305 1241 οὓς
1331 1193 1458 1246 ἔπεμ-

108 1278 193 1306 πον
226 1262 272 1305 οὗ
299 1263 430 1316 δῆμοι
464 1260 520 1303 δι’
558 1262 608 1311 ἃς
639 1261 942 1303 ἐπεπόνθεσαν
969 1262 1235 1316 εὐεργεσίας,
1264 1263 1458 1312 ἅπαντας

110 1331 331 1384 ἐξεδέξατο
374 1339 647 1385 καταγωγαῖς
693 1331 767 1373 καὶ
809 1331 1038 1386 τραπέζαις
1086 1331 1159 1374 καὶ
1211 1331 1459 1387 διηνεκέσιν

110 1402 293 1458 ἑορταῖς,
323 1409 399 1457 τῆς
429 1403 717 1458 πανηγύρεως
749 1402 796 1444 ἐν
828 1401 909 1457 μὲν
941 1410 1034 1452 ταῖς
1062 1402 1242 1457 ἡμέραις
1275 1402 1461 1458 ἐχούσης

109 1475 185 1523 τὰς
216 1472 300 1515 ἀπὸ
331 1480 419 1514 τῶν
450 1473 686 1527 θεαμάτων
724 1476 1020 1528 ψυχαγωγίας,
1060 1473 1107 1515 έν
1150 1471 1198 1514 δὲ
1236 1479 1329 1523 ταῖς
1360 1472 1460 1524 νυξὶ

55 1557 89 1583 20
110 1545 184 1594 τὰς
225 1543 503 1598 εὐφροσύνας
539 1542 611 1585 καὶ
650 1544 731 1597 τὴν
774 1545 836 1592 εἰς
879 1550 1007 1586 τοῦτο
1051 1543 1353 1597 πολυτέλειαν,
1400 1544 1460 1594 ὡς

111 1614 324 1669 ἐπίσημον
367 1613 576 1667 γενέσθαι
621 1615 700 1667 τὴν
744 1616 1073 1668 μεγαλοψυχίαν
1117 1614 1266 1656 αὐτοῦ.
1312 1615 1459 1668 <141>

109 1687 170 1735 εἰς
202 1685 344 1726 πάντα
368 1684 452 1737 γὰρ
479 1685 588 1737 ἅπερ
615 1684 952 1739 ἐπιτηδεύσειεν,
987 1684 1227 1740 ἐφιλονίκει
1259 1686 1338 1739 τὴν
1369 1692 1459 1727 τῶν

108 1757 192 1810 ἤδη
225 1753 531 1809 γεγενημένων
564 1754 775 1806 ἐπίδειξιν
806 1754 1148 1809 ὑπερβαλέσθαι.
1210 1758 1286 1797 καί
1321 1767 1459 1810 φασιν

109 1826 244 1869 αὐτόν
281 1841 325 1867 τε
359 1827 562 1880 Καίσαρα
598 1824 671 1867 καὶ
704 1825 945 1879 Ἀγρίππαν
976 1827 1186 1876 πολλάκις
1225 1827 1366 1868 εἰπεῖν
1399 1826 1459 1876 ὡς

55 1911 89 1936 25
109 1896 291 1939 ἀποδέοι
322 1897 373 1938 τὰ
405 1902 481 1950 τῆς
512 1895 646 1952 ἀρχῆς
671 1895 849 1951 (Ηρώδῃ
882 1902 956 1950 τῆς
989 1897 1122 1951 οὔσης
1155 1896 1202 1939 ἐν
1234 1897 1351 1955 αὑτῷ
1386 1913 1460 1952 με-

110 1969 396 2022 γαλοψυχίας·
436 1966 560 2017 ἄξιον
598 1968 681 2021 γὰρ
719 1964 833 2009 εἶναι
871 1965 943 2008 καὶ
982 1968 1151 2022 Συρίας
1187 1967 1354 2023 ἁπάσης
1385 1967 1459 2009 καὶ

110 2039 339 2092 Αἰγύπτου
370 2038 451 2091 τὴν
483 2039 711 2091 βασιλείαν
745 2039 871 2092 ἔχειν.

197 2108 342 2163 <142>
386 2108 491 2162 μετὰ
533 2105 580 2149 δὲ
624 2108 705 2162 τὴν
748 2110 997 2162 πανήγυριν
1047 2109 1211 2162 ταύτην
1259 2108 1331 2150 καὶ
1381 2110 1458 2159 τὰς

111 2179 263 2234 ἑορτὰς
294 2180 426 2220 πόλιν
457 2179 595 2232 ἄλλην
627 2177 860 2232 ἀνήγειρεν
893 2177 940 2219 ἐν
981 2183 1039 2234 τῷ
1071 2179 1207 2234 πεδίῳ
1240 2185 1299 2235 τῷ
1334 2183 1457 2233 λεγο-

57 2264 92 2289 30
112 2250 228 2308 μένῳ
261 2251 556 2304 Καφαρσαβᾷ,
587 2250 722 2290 τόπον
753 2249 947 2303 εὔυδρον
977 2247 1050 2290 καὶ
1092 2250 1239 2305 χώραν
1271 2249 1457 2306 ἀρίστην

204 2335 223 2373 ξ
251 2332 317 2364 142
345 2330 390 2364 ef.
417 2329 508 2365 Bell.
537 2329 614 2364 Iud.
641 2329 657 2362 Ι
684 2333 739 2372 21,
766 2333 797 2364 9.
