1732 2526
194 105 214 144 1
221 103 278 145 24
685 104 1049 138 ΑΡΧΑΙΟΛΟΓΙΑΣ

191 227 274 253 νου
319 212 503 266 ἔχοντες.
566 210 738 254 ἐκεῖθεν
789 209 838 253 δὲ
887 213 1116 266 προϊόντες
1166 213 1339 267 Σαμφὼ
1390 213 1573 268 κώμην,

193 280 344 337 ἑτέραν
389 282 638 337 διήρπασάν
681 280 728 324 θ’
778 281 823 323 οἱ
847 280 1033 337 ’Ἄραβες
1069 280 1141 324 καὶ
1181 283 1388 337 ἔκαυσαν,
1425 283 1542 325 πάνυ

193 352 388 407 ἐρυμνὴν
421 349 562 394 οὖσαν
593 352 664 395 καὶ
696 353 873 409 ὀχυράν.
938 352 985 394 ἐν
1025 350 1072 394 δὲ
1110 358 1160 408 τῇ
1199 354 1377 412 προόδῳ
1410 351 1544 396 οὐδὲν

192 423 352 473 αὐτοὺς
396 422 622 479 διέφυγεν,
667 423 778 466 ἀλλὰ
821 424 961 479 πυρὸς
1002 422 1075 465 καὶ
1119 425 1264 478 φόνου
1308 425 1360 466 τὰ
1400 424 1543 466 πάντα

192 495 326 549 μεστὰ
357 491 424 549 ἧν.
488 495 634 549 <291>
664 497 906 549 πίμπραται
939 492 988 536 δὲ
1019 492 1092 536 καὶ
1126 492 1359 550 Ἐμμαοῦς,
1392 493 1542 550 ’ὅάρου
1579 506 1599 532 5

192 566 479 615 κελεύσαντος
512 563 579 607 ἐπ’
618 564 787 622 ἐκδικίᾳ
812 572 900 608 τῶν
927 565 1363 621 ε’ντετελευτηκότων,
1387 580 1544 621 προεκ-

193 639 426 689 λειφθεῖσα
470 635 556 677 ὑπὸ
602 642 691 677 τῶν
731 636 986 690 οἰκητόρων.
1050 635 1208 690 <292>
1247 635 1457 679 ἐντεῦθεν
1496 634 1546 679 δὲ

191 704 264 748 καὶ
289 704 612 760 Ἱεροσολύμοις
642 707 727 760 ἤδη
759 712 964 760 συνῆπτε,
997 704 1069 749 καὶ
1100 704 1330 749 Ἰουδαίων
1363 708 1408 750 οἱ
1436 707 1545 750 κατὰ

191 778 451 832 πολιορκίαν
482 782 562 818 τοῦ
593 776 810 830 τάγματος
840 777 944 832 τῇδε
976 778 1427 832 στρατοπεδευόμενοι
1464 779 1545 833 τὴν

193 849 297 899 ὄψιν
329 853 406 902 τῆς
436 848 662 902 προσόδου
694 854 783 889 τῶν
810 848 1146 903 στρατευμάτων
1173 848 1253 904 οὐχ
1279 847 1544 903 ὑπομείναν-
1564 861 1599 886 10

194 934 262 968 τες
306 917 494 976 ᾤχοντο,
535 917 748 974 ἡμίεργον
792 919 872 973 τὴν
915 921 1177 974 πολιορκίαν
1221 921 1544 969 καταλιπόντες.

194 990 340 1044 <293>
373 990 418 1032 οἱ
442 987 482 1030 δ’
513 988 560 1030 ἐν
588 996 679 1039 τοῖς
691 987 1016 1045 Ἱεροσολύμοις
1031 987 1258 1045 Ἰουδαῖοι,
1285 990 1440 1039 δεινῶς
1465 997 1545 1033 τοῦ

187 1058 341 1117 ’ὃάρου
374 1062 529 1115 σφίσιν
568 1059 873 1115 ἐγκαλοῦντος,
913 1060 1157 1104 ἀπελύοντο
1196 1062 1272 1111 τὰς
1309 1063 1450 1112 αἰτίας
1487 1062 1547 1111 ὡς

193 1137 268 1186 τῆς
294 1129 374 1186 μὲν
407 1131 603 1173 συνόδου
635 1137 712 1185 τῆς
742 1132 944 1186 πληθύος
977 1132 1051 1173 διὰ
1075 1133 1157 1186 τὴν
1183 1130 1340 1188 ἑορτὴν
1366 1131 1545 1188 γενομέ-

193 1219 286 1257 νης,
317 1208 397 1244 τοῦ
430 1200 479 1244 δὲ
510 1201 705 1257 πολέμου
737 1203 913 1257 μηδαμῇ
949 1202 1102 1258 γνώμῃ
1137 1209 1188 1258 τῇ
1214 1202 1376 1258 αὐτῶν,
1407 1205 1546 1260 τόλμῃ
1566 1214 1600 1241 15

194 1272 242 1315 δὲ
273 1280 362 1315 τῶν
396 1272 642 1327 ἐπηλύδων,
676 1275 971 1323 συνελθόντες
1003 1272 1153 1323 αὐτοῖς
1177 1272 1251 1316 καὶ
1278 1277 1546 1331 συμπολιορ-

192 1343 402 1398 κηθέντες
437 1342 664 1398 Ῥωμαίοις
707 1347 876 1398 μᾶλλον
921 1343 946 1398 ἢ
990 1347 1245 1400 πολιορκεῖν
1287 1347 1545 1401 προθυμίαν

193 1416 377 1470 ἔχοντες.
439 1414 584 1469 <294>
616 1417 976 1469 προαπηντήκασι
1010 1412 1058 1456 δὲ
1091 1421 1148 1472 τςό
1179 1413 1311 1473 ’ὃάρῳ
1337 1413 1546 1470 Ἰώσηπός

192 1482 231 1527 τ’
268 1485 448 1536 ἀνεψιὸς
472 1483 678 1541 “Ηρώδου
710 1484 945 1540 βασιλέως,
978 1487 1147 1542 Γρᾶτός
1186 1502 1231 1528 τε
1264 1485 1337 1528 καὶ
1361 1485 1545 1542 Ῥοῦφος

191 1559 295 1606 τοὺς
337 1554 411 1598 ὑπ’
462 1556 611 1606 αὐτοῖς
648 1564 737 1598 τῶν
779 1564 1056 1611 στρατιωτῶν
1100 1557 1302 1611 ἄγοντες,
1340 1556 1414 1599 καὶ
1456 1564 1544 1599 τῶν
1564 1570 1599 1595 20

192 1627 412 1682 Ῥωμαίων
456 1627 503 1669 οἱ
542 1627 926 1682 πολιορκούμενοι.
989 1630 1185 1682 Σαβῖνος
1231 1626 1270 1669 δ’
1321 1627 1402 1670 οὐκ
1446 1627 1546 1683 ἀφί-

191 1714 289 1740 κετο
324 1696 457 1755 ’ὅάρῳ
503 1699 565 1748 εἰς
603 1699 722 1752 ὄψιν,
762 1696 858 1740 ἀλλ’
900 1697 1123 1752 ὑπεξῆλθε
1160 1704 1236 1753 τῆς
1266 1700 1432 1748 πόλεως
1475 1697 1545 1740 ἐπὶ

192 1769 429 1811 θάλατταν.

135 1852 179 1883 10
282 1840 426 1894 <295>
448 1837 595 1893 ’ὅᾶρος
621 1837 669 1881 δὲ
695 1840 803 1882 κατὰ
829 1840 909 1894 τὴν
935 1841 1083 1895 χώραν
1107 1838 1281 1895 πέμψας
1311 1845 1390 1882 τοῦ
1417 1851 1545 1896 στρα-

193 1917 272 1952 τοῦ
305 1909 435 1965 μέρος
467 1909 658 1964 ἐπεζήτει
689 1912 792 1960 τοὺς
830 1911 998 1960 αἰτίους
1034 1917 1110 1965 τῆς
1147 1911 1440 1965 ἀποστάσεως,
1472 1909 1544 1953 καὶ
1563 1923 1598 1950 25

193 1983 533 2035 σημαινομένων
565 1983 668 2030 τοὺς
700 1978 781 2036 μὲν
813 1980 1021 2023 ἐκόλασεν
1048 1981 1107 2032 ὡς
1132 1981 1428 2035 αἰτιωτάτους,
1458 1980 1544 2024 εἰσὶ

194 2050 232 2093 δ’
278 2051 355 2101 οὓς
391 2049 463 2093 καὶ
508 2051 687 2107 ἀφῆκεν.
752 2051 956 2106 ἐγένοντο
996 2050 1034 2093 δ’
1083 2053 1128 2094 oc
1157 2053 1231 2094 διὰ
1268 2053 1431 2107 ταύτην
1462 2054 1544 2108 τὴν

193 2124 338 2165 αἰτίαν
371 2121 702 2177 σταυρωθέντες
734 2123 954 2178 δισχίλιοι.
1017 2124 1161 2177 <296>
1194 2124 1300 2178 μετὰ
1333 2121 1382 2165 δὲ
1412 2129 1542 2166 τοῦτο

192 2195 273 2248 τὴν
311 2191 392 2248 μὲν
429 2192 566 2235 αὑτοῦ
606 2194 813 2247 στρατιὰν
852 2192 1171 2249 ἀποπέμπεται,
1207 2195 1423 2250 χρήσιμον
1462 2191 1543 2249 μὲν

193 2265 310 2318 ὁρῶν
355 2261 420 2305 ἐπ’
475 2264 732 2318 οὐδαμινοῖς
776 2260 914 2306 οὖσαν
969 2265 1210 2320 πράγμασι·
1265 2265 1406 2307 πολλὰ
1457 2265 1540 2321 γὰρ
1561 2278 1596 2303 30

288 2349 307 2387 g
335 2347 402 2378 295
430 2343 473 2379 of.
501 2343 593 2379 Bell.
620 2343 698 2379 Iud.
725 2344 759 2378 H
780 2348 811 2389 5,
839 2348 869 2379 2.
