1732 2526
204 65 290 107 204
694 63 1057 96 APXAIOAOPIAE

203 174 280 214 τὸν
302 168 524 213 Ἀνιλαῖον
549 171 706 226 αἰσχρὰ
734 170 806 212 διὰ
831 170 880 211 τὸ
907 169 1259 224 ἀπηγορευκότας
1290 168 1552 225 ἀκραιφνέσι
1589 211 1594 215 ,

203 240 556 297 προσφέρεσθαι,
593 240 665 283 καὶ
702 243 841 296 φόνος
877 241 1028 294 πολύς,
1070 243 1234 283 πολλαί
1267 256 1311 282 τε
1343 240 1553 295 μυριάδες

204 315 361 354 ἔπεσον
394 312 583 368 ἀνδρῶν.
642 308 859 360 Ἀνιλαῖος
891 309 939 352 δὲ
971 310 1043 353 καὶ
1076 312 1183 353 ὅσον
1210 309 1310 365 περὶ
1336 311 1470 353 αὐτὸν
1497 307 1552 364 ἦν

203 384 466 437 συνεστηκὸς
496 382 581 424 ὑπὸ
614 383 693 436 τὴν
725 381 836 435 ὕλην
871 381 1179 436 ἐπανεχώρουν
1205 386 1324 436 φυγῇ
1357 381 1551 435 μεγάλην

206 456 328 508 νίκης
359 460 434 508 τῆς
465 450 530 495 ἐπ’
570 452 719 502 αὐτοῖς
750 452 889 506 χαρὰν
921 452 1181 508 Μιθριδάτῃ
1220 453 1551 506 παρεσχηκότες.

203 524 346 578 <36Τ>
375 522 579 580 Ἀνιλαίῳ
614 520 654 564 δ’
692 519 824 572 αὖθις
854 522 1038 578 προσῄει
1064 526 1237 577 πλῆθος
1263 523 1445 577 ἄπειρον
1477 521 1551 563 ἀν-

203 595 323 650 δρῶν
366 601 595 648 πονηρῶν,
633 593 680 635 έν
720 593 853 650 ὀλίγῳ
895 594 974 647 τὴν
1015 595 1234 648 σωτηρίαν
1272 591 1553 647 ποιουμένων

204 665 431 721 ῥᾳστώνης
462 665 605 720 χάριτι
637 670 711 718 τῆς
742 665 803 713 εἰς
844 665 891 705 τὸ
929 666 1087 719 παρόν,
1126 659 1226 706 ὥστ’
1271 663 1552 716 ἀντανίσωμα

205 737 283 790 τὴν
314 737 482 778 τούτων
514 735 739 789 πρόσοδον
772 732 981 788 γενέσθαι
1013 737 1214 789 πλήθους
1251 741 1339 775 τῶν
1381 732 1553 774 ἀπολω-

203 808 363 848 λότων·
398 805 451 848 οὐ
483 807 570 860 μὴν
603 805 752 859 ὅμοιοί
780 803 820 858 γ’
860 801 972 858 ἦσαν
1004 812 1094 854 τοῖς
1125 806 1371 846 πεπτωκόσι
1404 804 1477 845 διὰ
1503 804 1550 845 τὸ

205 875 479 931 ἀμελέτητον.
543 877 686 930 <368>
719 875 771 917 οὐ
798 876 885 930 μὴν
912 875 1021 916 ἀλλὰ
1047 873 1119 916 καὶ
1145 875 1315 923 τούτοις
1349 873 1553 929 ἐπιφοιτᾷ

204 954 296 996 ταῖς
328 948 492 1001 κώμαις
524 953 611 988 τῶν
643 948 963 1000 Βαβυλωνίων,
996 945 1215 987 ἀνάστατά
1247 943 1284 985 τ’
1320 941 1375 998 ἧν
1413 943 1554 985 πάντα

204 1023 338 1059 ταῦτα
375 1017 461 1059 ὑπὸ
500 1023 574 1071 τῆς
609 1015 830 1058 Ἀνιλαίου
868 1016 1048 1071 ὕβρεως.
1112 1016 1255 1069 <369>
1298 1013 1371 1056 καὶ
1408 1016 1555 1068 Βαβυ-

204 1089 357 1130 λώνιοι
390 1086 461 1129 καὶ
494 1088 541 1129 οἱ
569 1089 693 1137 ὄντες
725 1087 772 1129 ἐν
804 1092 863 1143 τῷ
903 1086 1078 1144 πολέμῳ
1118 1085 1367 1141 πέμπουσιν
1405 1086 1467 1134 είς
1504 1085 1555 1126 τὰ

205 1158 391 1213 Νάαρδα
423 1160 532 1213 πρὸς
562 1160 664 1207 τοὺς
696 1157 743 1199 ἐν
776 1157 883 1212 αὐτῇ
907 1156 1166 1211 Ἰουδαίους,
1187 1155 1409 1199 Ἀνιλαῖον
1443 1154 1551 1205 ἐξαι-

204 1230 420 1284 τούμενοι.
482 1227 554 1270 καὶ
586 1230 643 1283 μὴ
678 1227 930 1282 δεξαμένοις
961 1235 1118 1270 τοῦτον
1150 1229 1228 1270 τὸν
1261 1229 1394 1280 λόγον
1428 1223 1553 1282 (οὐδὲ

205 1301 287 1354 γὰρ
320 1298 608 1354 βουλομένοις
640 1299 820 1341 ἔκδοτον
858 1306 1099 1354 παρασχεῖν
1138 1298 1323 1352 δύναμις
1361 1294 1434 1351 ἦν)
1473 1297 1554 1350 τὴν

206 1372 386 1425 εἰρήνην
429 1373 782 1425 προυκαλοῦντο·
824 1371 868 1411 οἳ
905 1366 952 1410 δὲ
997 1367 1149 1410 καύτοὶ
1189 1367 1363 1423 χρῄζειν
1402 1369 1554 1421 ἔλεγον

206 1449 292 1482 τῶν
326 1439 395 1482 ἐπὶ
422 1447 471 1495 τῇ
499 1442 653 1495 εἰρήνῃ
680 1440 958 1494 συμβάσεων,
984 1438 1054 1481 καὶ
1080 1438 1300 1493 πέμπουσι
1332 1439 1438 1493 μετὰ
1467 1444 1555 1479 τῶν

206 1514 506 1566 Βαβυλωνίων
538 1512 702 1566 ἄνδρας
729 1513 774 1552 οἳ
796 1509 1066 1560 διαλέξοιντο
1092 1511 1200 1565 πρὸς
1226 1511 1302 1551 τὸν
1318 1506 1550 1551 Ἀνιλαῖον.

206 1583 348 1635 <3ῖΟ>
383 1582 428 1624 οἱ
457 1579 503 1623 δὲ
530 1582 827 1636 Βαβυλώνιοι,
856 1582 1110 1630 κατοπτείας
1141 1580 1291 1629 αὐτοῖς
1317 1577 1556 1634 γενομένης

206 1655 424 1706 μαθόντες
455 1654 502 1694 τὸ
535 1654 698 1707 χωρίον
731 1651 778 1693 ἐν
805 1647 838 1708 ᾧ
867 1650 1101 1706 ἱδρυμένος
1116 1649 1333 1700 Ἀνιλαῖος
1359 1647 1430 1704 ἦν,
1466 1650 1556 1692 ε’πι-

206 1725 411 1772 πεσόντες
442 1724 591 1777 κρύφα
622 1724 779 1772 νυκτὸς
811 1723 1030 1776 μεθύουσι
1063 1720 1143 1763 καῖ
1168 1719 1269 1762 καθ’
1314 1720 1458 1762 ὕπνον
1489 1735 1556 1761 τε-

207 1792 483 1849 τραμμένοις,
510 1795 759 1834 κτείνουσιν
792 1792 930 1841 ἀδεῶς
966 1793 1131 1842 πάντας
1164 1792 1295 1841 ὅσους
1328 1789 1555 1844 ἐγκατέλα-

206 1867 303 1919 βον,
336 1862 408 1905 καὶ
434 1862 656 1906 Ἀνιλαῖον
688 1864 825 1906 αὐτὸν
857 1862 1128 1905 ἀπέκτειναν.

297 1935 440 1987 <371>
479 1935 523 1975 οἱ
559 1932 607 1975 δὲ
645 1935 926 1988 Βαβυλώνιοι
965 1932 1286 1987 ἀπαλλαγέντες
1329 1937 1404 1986 τῆς
1441 1930 1556 1972 Ἀνι-

208 2007 333 2047 λαίου
365 2005 607 2058 βαρύτητος
641 2004 948 2060 (ἐπιστόμισμα
980 2004 1062 2057 γὰρ
1096 2000 1150 2057 ἧν
1173 2003 1320 2057 αὐτῶν
1352 2003 1468 2057 μίσει
1497 2006 1555 2058 τῷ

206 2076 314 2130 πρὸς
344 2077 446 2125 τοὺς
472 2075 733 2125 Ἰουδαίους·
773 2074 841 2117 ἀεὶ
877 2076 960 2129 γὰρ
1001 2075 1058 2124 ὡς
1096 2072 1165 2116 ε’πὶ
1196 2075 1308 2116 πολὺ
1348 2072 1555 2127 διάφοροι

207 2147 533 2199 καθεστήκεσαν
566 2147 682 2202 αἰτία
712 2152 788 2200 τῆς
826 2145 1122 2194 ἐναντιώσεως
1158 2151 1246 2186 τῶν
1287 2145 1452 2198 νόμων,
1483 2141 1556 2184 καὶ

209 2215 433 2271 ὁποτέροις
490 2215 781 2271 παραγένοιτο
836 2220 1024 2270 θαρρεῖν
1080 2217 1294 2270 πρότερον
1351 2213 1554 2268 ἀλλήλων

206 2286 430 2343 ἥπτοντο),
464 2286 533 2328 καὶ
567 2285 654 2328 τότ’
686 2283 767 2329 οὖν
793 2286 1086 2328 ἀπολωλότων
1112 2293 1199 2327 τῶν
1224 2283 1323 2340 περὶ
1349 2285 1425 2326 τὸν
1440 2281 1555 2326 Ἀνι-

1574 791 1652 839 10‘

1574 1167 1607 1192 15

1715 1342 1728 1451 Ξ

1572 1520 1606 1545 20

1576 1872 1610 1897 25

1574 2225 1611 2250 30
