1732 2526
563 87 1003 122 ENNEAKAIAEKATH
1376 86 1460 127 261

111 193 183 236 καὶ
222 198 402 244 πολλοῖς
446 194 623 250 ἀθρόως
661 194 970 248 δαπανήμασιν
1008 193 1187 243 ἀνιστὰς
1225 194 1360 237 αὑτὸν
1403 196 1465 244 εἰς

114 263 388 319 ἐπιφάνειαν,
421 265 635 319 ἡδόμενος
666 270 724 321 τῷ
756 266 1026 319 χαρίζεσθαι,
1058 263 1130 305 καὶ
1162 271 1220 321 τῷ
1254 267 1384 319 βιοῦν
1417 264 1464 307 ἐν

112 335 306 392 εὐφημία
343 338 522 391 χαίρων,
560 333 652 377 κατ’
695 333 828 377 οὐδὲν
860 333 1038 390 Ἳῖρώδῃ
1077 341 1135 391 τῷ
1175 337 1258 389 πρὸ
1303 334 1464 378 ἑαυτοῦ

111 408 286 460 βασιλεῖ
313 407 390 448 τὸν
422 408 588 460 τρόπον
614 407 958 461 συμφερόμενος.
1021 405 1166 459 <329>
1200 405 1351 462 ἐκείνῳ
1379 408 1463 460 γὰρ

74 478 309 532 επονηρὸν
352 473 408 530 ἧν
452 473 564 531 ἦθος
606 475 675 518 ἐπὶ
713 478 926 532 τιμωρίαν
972 476 1195 531 ἀπότομον
1240 475 1313 518 καὶ
1357 478 1464 518 κατὰ

112 554 200 589 τῶν
232 545 557 602 ἀπηχθημένων
595 547 874 602 ἀταμιέυτον,
900 546 1083 600 ”Έλλησι
1124 545 1259 589 πλέον
1301 544 1464 601 ἣἸου-
1522 580 1524 582 ψ

112 618 254 667 δαιόις
280 619 449 667 οἰκείως
475 619 590 673 ἔχειν
617 619 992 672 ὁμολογούμενον·
1026 617 1292 673 ἀλλοφύλων
1323 617 1375 671 γε’
1397 634 1464 660 τοι

110 690 258 738 πόλεις
291 687 500 743 ἐσέμνυνε
535 689 656 731 δόσει
687 689 936 745 χρημάτων,
974 691 1222 743 βαλανείων
1261 688 1464 741 θεάτρων

110 756 147 800 τ’
178 760 333 801 ἄλλοτε
360 767 663 809 κατασκευαῖς·
691 761 809 802 ἔστιν
835 754 904 809 αἷς
928 761 1064 808 ναοὺς
1083 757 1309 813 ἀνέστησε,
1336 759 1466 808 στοὰς

57 843 91 869 10
111 830 274 880 ἄλλαις.
336 829 431 872 ἀλλ’
476 828 708 873 Ἰουδαίων
752 831 964 885 οὐδεμίαν
1004 832 1135 872 πόλιν
1174 828 1268 872 οὐδ’
1315 830 1464 883 ὀλίγης

111 899 341 955 ἐπισκευῆς
372 900 574 956 ἠξίωσεν,
605 899 710 943 οὐδὲ
738 902 902 951 δόσεως
935 900 1057 951 ἀξίας
1083 905 1464 955 μνημονευθῆναι.

110 971 252 1026 <330>
283 971 425 1025 πραῢς
457 970 495 1013 δ’
536 971 558 1014 ὁ
592 973 753 1026 τρόπος
780 970 1014 1028 Ἀγρίππα,
1046 970 1118 1013 καὶ
1160 973 1268 1027 πρὸς
1299 971 1464 1021 πάντας

75 1064 77 1067 ·
111 1043 159 1084 τὸ
200 1043 475 1096 εὐεργετικὸν
521 1043 688 1097 ὅμοιον.
751 1050 841 1092 τοῖς
880 1041 1169 1085 ἀλλοεθνέσιν
1214 1039 1268 1096 ἦν
1307 1043 1464 1097 φιλάν-

110 1117 303 1166 θρωπος,
342 1112 560 1162 κάκείνοις
598 1112 935 1167 ἐνδεικνύμενος
975 1115 1023 1155 τὸ
1059 1114 1337 1168 φιλόδωρον,
1375 1120 1467 1162 τοῖς

58 1197 90 1223 15
112 1184 356 1238 ὁμοφύλοις
394 1184 620 1238 ἀναλόγως
657 1186 855 1240 χρηστός,
893 1182 965 1225 καὶ
1007 1185 1244 1238 συμπαθὴς
1285 1186 1465 1238 μᾶλλον.

111 1255 257 1309 <33l>
300 1255 426 1309 ἡδεῖα
464 1261 574 1309 γοῦν
612 1255 728 1311 αὐτῷ
771 1256 917 1296 δίαιτα
954 1254 1026 1296 καὶ
1066 1255 1253 1310 συνεχὴς
1296 1253 1343 1296 ἐν
1376 1261 1467 1303 τοῖς

103 1323 428 1380 Ἱεροσολύμοις
458 1323 530 1380 ἦν,
561 1325 633 1368 καὶ
665 1327 717 1367 τὰ
747 1326 908 1380 πάτρια
940 1330 1148 1382 καθαρῶς
1180 1325 1334 1381 ἐτήρει.
1393 1325 1466 1366 διὰ

109 1396 250 1450 πάσης
282 1402 393 1450 γοῦν
425 1396 560 1439 αὑτὸν
591 1393 698 1450 ἦγεν
731 1395 921 1451 ἁγνείας,
954 1394 1052 1439 οὐδ’
1089 1395 1227 1451 ἡμέρα
1259 1413 1325 1446 τις
1357 1410 1466 1450 παρ-

112 1467 278 1509 ώδευεν
311 1467 429 1523 αὐτῷ
460 1474 536 1522 τῆς
567 1470 756 1522 νομίμης
786 1468 1036 1523 χηρεύουσα
1067 1470 1241 1517 θυσίας.

58 1550 91 1575 20
203 1539 348 1592 <332>
379 1537 452 1579 καὶ
484 1539 538 1592 δή
571 1553 636 1588 τις
669 1538 716 1580 ἐν
747 1546 840 1588 τοῖς
865 1537 1190 1593 Ἱεροσολύμοις
1230 1538 1340 1593 ἀνὴρ
1375 1537 1464 1580 ε’πι-

111 1609 271 1664 χώριος
303 1607 564 1664 ἐξακριβοῦν
597 1610 742 1651 δοκῶν
773 1610 825 1650 τὰ
850 1611 1015 1664 νόμιμα
1041 1609 1218 1665 (Σίμων
1244 1606 1299 1663 ἧν
1326 1611 1466 1664 ὄνομα

114 1679 288 1736 τούτῳ),
334 1682 506 1733 πλῆθος
549 1680 610 1728 εἰς
649 1678 882 1733 ἐκκλησίαν
930 1678 1095 1731 ἁλίσας,
1137 1680 1342 1734 τηνικάδε
1386 1686 1466 1721 τοῦ

110 1748 325 1804 βασιλέως
377 1751 439 1799 εἰς
492 1750 764 1804 Καισάρειαν
815 1749 1177 1804 ἐκδεδημηκότος,
1229 1750 1465 1805 ἐτόλμησεν

113 1820 249 1863 αὐτοῦ
281 1828 501 1862 κατειπεῖν
533 1821 591 1870 ὡς
623 1821 703 1876 οὐχ
736 1821 857 1870 ὅσιος
888 1825 969 1875 εἴη,
1003 1821 1181 1871 δικαίως
1213 1818 1253 1862 δ7
1291 1821 1345 1863 ἂν
1378 1826 1464 1876 εἵρ-

58 1901 92 1928 25
112 1907 234 1947 γοιτο
267 1898 346 1934 τοῦ
383 1898 496 1934 ναοῦ
534 1898 610 1946 τῆς
647 1892 840 1946 εἰσόδου,
878 1893 1185 1947 προσηκούσης
1215 1900 1307 1941 τοῖς
1345 1892 1464 1946 ἐγγε-

110 1962 218 2005 νέσι.
279 1963 423 2016 <333>
464 1962 673 2016 δηλοῦται
717 1959 798 2017 μὲν
843 1962 896 2016 δὴ
942 1963 1015 2003 διὰ
1065 1962 1332 2017 γραμμάτων
1376 1963 1463 2004 ὑπὸ

110 2040 189 2076 τοῦ
222 2038 467 2090 στρατηγοῦ
500 2032 629 2086 <τῆς>
661 2034 829 2082 πόλεως
859 2038 919 2089 τῷ
951 2035 1124 2087 βασιλεῖ
1156 2034 1464 2088 δημηγορήσας

112 2107 269 2160 Σίμων
300 2111 456 2146 ταῦτα·
490 2102 811 2158 μεταπέμπεται
844 2101 882 2145 δ’
922 2103 1057 2146 αὐτὸν
1089 2104 1111 2146 ὁ
1139 2106 1344 2158 βασιλεὺς
1375 2107 1461 2157 καί,

110 2175 315 2227 καθέζετο
357 2176 439 2229 γὰρ
479 2173 526 2216 ἐν
565 2180 624 2230 τῷ
667 2174 842 2231 θεάτρῳ
888 2176 998 2229 τότε,
1036 2179 1315 2228 καθεσθῆναι
1355 2172 1456 2228 παρ’

60 2256 93 2282 30
113 2247 248 2289 αὐτὸν
300 2245 550 2299 ἐκέλευσεν,
599 2245 739 2301 ἠρέμα
788 2261 832 2287 τε
883 2244 954 2287 καὶ
1003 2246 1151 2301 πράως
1201 2244 1319 2287 (εἰπέ
1365 2244 1462 2298 μοί’

112 2330 242 2373 φησι,
281 2317 348 2360 ‘u'
380 2324 468 2359 τῶν
508 2316 669 2358 ἐνθάδε
713 2315 988 2371 γιγνομένων
1030 2315 1119 2358 ἐστὶ
1160 2314 1461 2371 παράνομον;’
