1732 2526
597 80 1002 113 OKTQKAIAEKATH
1395 80 1447 122 17
1453 80 1479 122 9

133 184 379 239 ἐπετέλουν,
412 186 637 228 ἐπιστολαί
665 184 702 227 τ’
738 185 949 240 ἀφίκοντο
988 188 1103 241 παρὰ
1142 193 1220 229 τοῦ
1263 189 1303 228 Γ
1300 190 1414 242 αΐου,
1453 188 1479 243 ἣ

131 254 212 310 μὲν
252 257 362 310 πρὸς
404 257 484 310 τὴν
528 257 776 311 σύγκλητον
820 263 899 298 τοῦ
949 259 1154 312 Τιβερίου
1200 259 1480 314 διασαφοῦσα

131 327 210 380 τὴν
243 328 449 381 τελευτὴν
480 325 552 368 καὶ
585 327 665 380 τὴν
697 327 834 369 αὐτοῦ
859 327 1114 382 παράληψιν
1141 334 1215 382 τῆς
1246 328 1481 383 ἡγεμονίας

131 397 388 452 γενομένην,
419 397 562 451 <235>
594 397 620 451 ἣ
654 395 701 438 δὲ
734 399 841 452 πρὸς
873 400 1058 440 Πίσωνα
1090 400 1167 440 τὸν
1198 399 1373 453 φύλακα
1404 405 1480 453 τῆς

93 482 109 508 5
129 469 308 522 πόλεως,
340 469 468 510 τοῦτό
500 466 536 510 τ’
574 467 866 522 ἀγορεύουσα,
897 467 968 510 καὶ
1001 470 1078 511 τὸν
1105 467 1349 524 Ἀγρίππαν
1388 468 1478 510 ἐκέ-

129 541 285 580 λευσεν
321 538 365 581 ἐκ
396 545 475 580 τοῦ
508 537 805 594 στρατοπέδου
837 545 1099 593 μεταστῆσαι
1133 540 1194 589 εἰς
1219 539 1298 593 τὴν
1332 540 1477 581 οἰκίαν

129 608 176 650 ἑν
205 605 228 664 ἧ
255 611 470 665 πρότερον
490 609 516 663 ἢ
543 610 730 664 δεθῆναι
752 610 922 651 δίαιταν
949 607 1083 665 εἶχεν·
1117 608 1217 652 ὥστ’
1244 609 1290 651 ἐν
1318 609 1477 665 θάρσει

127 681 283 722 λοιπὸν
315 677 391 734 ἦγε
424 681 476 722 τὰ
507 679 606 734 περὶ
633 679 777 734 αὐτῆς.
827 681 1001 735 φυλακὴ
1028 678 1108 734 μὲν
1141 681 1223 735 γὰρ
1250 679 1322 722 καὶ
1347 683 1478 736 τήρη-

127 761 194 800 σις
234 747 310 805 ἧν,
354 751 460 805 μετὰ
504 749 653 805 μέντοι
698 750 886 800 ἀνέσεως
929 757 1004 805 τῆς
1047 752 1109 800 εἰς
1157 752 1236 806 τὴν
1288 752 1476 794 δίαιταν.

73 836 105 860 10
124 821 267 875 <236>
301 821 432 871 Γάιος
464 820 502 862 δ’
541 822 598 871 ὡς
630 820 699 863 ἐπὶ
725 820 889 876 Ῥώμης
919 827 1064 877 παρῆν
1090 822 1210 875 ἄγων
1242 828 1321 864 τοῦ
1352 825 1476 876 Τιβε-

126 894 225 945 ρίου
269 894 317 934 τὸ
363 900 505 947 σῶμα,
546 892 685 946 ταφάς
728 889 763 933 τ’
813 891 948 934 αὐτοῦ
992 898 1180 934 ποιεῖται
1223 895 1477 944 πολυτελεῖς

125 965 278 1018 νόμοις
317 970 407 1012 τοῖς
446 964 657 1016 πατρίοις,
691 960 932 1016 Ἀγρίππαν
971 959 1011 1003 δ’
1056 961 1314 1017 αὐθημερὸν
1352 965 1475 1006 λύειν

125 1035 219 1076 ὄντι
259 1033 477 1090 προθύμῳ
519 1033 699 1086 κώλυμα
737 1031 950 1073 Ἀντωνία
993 1028 1064 1085 ἦν,
1107 1033 1160 1074 οὔ
1192 1048 1232 1074 τι
1266 1036 1382 1087 μίσει
1415 1050 1474 1091 τῳ

122 1106 230 1159 πρὸς
261 1106 338 1146 τὸν
371 1102 623 1158 δεδεμένον,
654 1105 906 1159 προμηθείᾳ
947 1100 995 1144 δὲ
1036 1109 1115 1145 τοῦ
1148 1105 1286 1144 Γαΐου
1319 1103 1474 1159 εὐπρε-

30 1195 36 1198 -
70 1188 102 1213 15
122 1182 248 1229 ποῦς,
279 1175 336 1229 μὴ
370 1173 504 1225 δόξαν
537 1173 743 1227 ἐπάγοιτο
775 1173 914 1228 ἡδονῇ
958 1172 1198 1228 δεχομένου
1231 1174 1311 1228 τὴν
1350 1177 1474 1229 Τιβε-

123 1247 222 1300 ρίου
255 1245 532 1300 μετάστασιν,
563 1245 704 1299 ἄνδρα
742 1240 817 1286 ὑπ’
864 1243 1035 1286 ἐκείνου
1078 1242 1314 1298 δεδεμένον
1351 1245 1472 1286 λύων

123 1315 169 1358 ἐκ
206 1322 284 1358 τοῦ
323 1314 453 1366 ὀξέος.
515 1315 661 1369 <237>
701 1316 979 1357 διελθουσῶν
1017 1313 1166 1369 μέντοι
1209 1314 1261 1356 οὐ
1294 1318 1471 1357 πολλῶν

122 1387 295 1442 ἡμερῶν
327 1385 714 1441 μεταπεμψάμενος
746 1385 882 1428 αὐτὸν
908 1387 970 1435 εἰς
994 1386 1072 1427 τὸν
1099 1382 1222 1427 οἷκον
1249 1384 1471 1441 ἀποκείρει

123 1456 158 1499 τ’
215 1457 351 1499 αὐτὸν
395 1455 467 1498 καὶ
517 1455 912 1511 μεταμφιέννυσιν,
957 1453 1049 1498 εἶτα
1094 1454 1142 1497 δὲ
1185 1457 1233 1497 τὸ
1279 1456 1471 1511 διάδημα

69 1541 103 1565 20
123 1530 375 1582 περιτίθησι
412 1534 463 1582 τῇ
500 1530 666 1582 κεφαλῇ
709 1525 782 1568 καὶ
819 1525 1000 1582 βασιλέα
1030 1528 1295 1580 καθίστησιν
1334 1527 1470 1568 αὐτὸν

123 1605 197 1652 τῆς
232 1600 456 1640 Φιλίππου
487 1600 756 1653 τετραρχίας,
789 1597 1100 1652 δωρησάμενος
1133 1597 1249 1654 αὐτῷ
1286 1596 1357 1639 καὶ
1389 1598 1470 1651 τὴν

122 1671 354 1711 Λυσανίου
397 1671 670 1724 τετραρχίαν,
708 1667 907 1710 ἀλλάττει
945 1683 989 1710 τε
1028 1674 1078 1723 τῇ
1118 1669 1279 1724 σιδηρᾷ
1317 1667 1471 1710 ἁλύσει

121 1745 291 1795 χρυσῆν
336 1741 631 1794 ἰσόσταθμον,
678 1739 897 1795 ἱππάρχην
941 1737 979 1780 δ’
1032 1737 1101 1780 ἐπὶ
1144 1745 1219 1793 τῆς
1256 1737 1471 1789 Ἰουδαίας

121 1809 326 1865 ἐκπέμπει
357 1810 616 1865 Μάρυλλον.

67 1892 100 1917 25
211 1881 353 1934 <238>
387 1879 576 1938 δευτέρῳ
616 1878 655 1922 δ’
698 1882 784 1922 ἔτει
820 1886 895 1935 τῆς
933 1882 974 1922 Γ
971 1882 1072 1922 αΐου
1110 1882 1332 1936 Καίσαρος
1368 1880 1466 1935 '‘278-
1485 1890 1526 1922 11

121 1953 277 2006 μονίας
315 1947 550 2007 Ἀγρίππας
594 1950 717 2005 ἠξίου
763 1950 1043 2007 συγχώρησιν
1093 1951 1209 2008 αὑτῷ
1257 1948 1469 2005 γενέσθαι

121 2022 359 2064 πλεύσαντι
390 2023 470 2074 τήν
503 2020 540 2063 τ’
579 2021 718 2076 ἀρχὴν
748 2023 1105 2076 καταστήσασθαι
1135 2020 1208 2064 καὶ
1239 2017 1376 2063 τᾶλλα
1406 2022 1468 2071 εἰς

122 2090 224 2135 δεόν
268 2091 654 2148 οἰκονομησαμένῳ
696 2091 931 2135 ἐπανιέναι.
993 2093 1138 2146 <239>
1183 2091 1255 2134 καὶ
1300 2103 1467 2146 συγχω-

122 2169 306 2219 ροῦντος
349 2169 426 2206 τοῦ
471 2163 791 2218 αὐτοκράτορος
833 2170 999 2219 παρῆν,
1042 2162 1142 2217 παρ’
1196 2162 1375 2213 ἐλπίδας
1423 2160 1473 2220 τ’,

68 2244 102 2270 30
122 2235 252 2289 ὤφθη
285 2240 390 2276 πᾶσι
417 2234 638 2289 βασιλεύς,
662 2236 830 2289 πολλήν
856 2250 901 2276 τε
928 2240 1003 2289 τῆς
1028 2235 1160 2289 τύχης
1186 2233 1466 2276 ἐπεδείκνυεν

214 2318 233 2358 5
259 2318 326 2349 237
353 2315 398 2351 of.
425 2315 517 2351 Bell.
544 2315 621 2351 Iud.
649 2315 682 2349 Π
708 2318 740 2359 9,
761 2319 793 2351 6.

1182 2373 1252 2407 12*
