1732 2526
615 71 956 104 EKKAIAEKATH
1405 69 1457 111 17

113 176 214 233 μηδ’
253 177 301 220 ἐν
331 185 423 227 τοῖς
453 180 672 232 μεγίστοις
702 179 859 232 φόβοις
896 179 1101 231 καταζῆν,
1134 177 1230 219 οὐδ’
1274 177 1458 228 ἐκείνοις

113 251 447 298 λυσιτελοῦντος
478 245 545 302 ἐφ’
584 242 650 297 οἷς
682 247 1026 302 ἐνεθυμήθησαν
1065 248 1176 302 ὁρᾶν
1208 250 1284 290 τὸν
1318 250 1457 303 ἣλιον,

113 320 154 360 εί
192 325 276 361 νῦν
317 318 596 372 διαφύγοιεν,
635 319 776 373 ε”ργων
813 317 993 372 μέγιστα
1030 325 1118 359 τῶν
1159 318 1458 374 ἀνθρωπίνων

112 388 185 430 καὶ
217 389 463 442 δράσαντας
493 387 565 430 καὶ
596 388 894 443 πεισομένους.

78 475 94 500 5
203 460 347 513 <100>
380 466 514 501 ταῦτα
546 457 626 513 μὲν
645 458 847 513 Ἡρώδης
873 459 1081 514 ἐμπαθῶς
1112 459 1316 515 ’ᾐτιάσατο
1342 462 1459 514 παρὰ
1485 473 1505 504 2

113 533 305 585 Καίσαρι
342 532 444 580 τοὺς
484 531 621 572 αὑτοῦ
658 532 832 580 παῖδας·
872 538 959 572 τῶν
1002 529 1048 572 δὲ
1087 533 1332 573 νεανίσκων
1372 532 1457 585 ’ἤδη

113 599 193 655 μὲν
225 600 296 643 καὶ
328 601 533 655 λέγοντος
565 601 733 657 δάκρυα
765 599 837 643 καὶ
867 602 1076 657 σύγχυσις
1106 599 1178 656 ἦν,
1209 605 1377 656 μᾶλλον
1411 599 1452 642 δ’

113 671 205 714 ἐπεὶ
236 670 506 714 κατέπαυσεν
531 671 734 727 “Ηρώδης
764 673 842 714 τὸν
877 674 1033 726 λόγον,
1073 679 1132 729 τῷ
1165 671 1245 727 μὲν
1277 672 1357 723 ἔξω
1385 677 1459 726 τῆς

112 742 552 797 τοιαύτηςάσεβείας
590 742 815 797 γενέσθαι,
855 743 933 784 τὸν
972 745 1106 796 λόγον
1144 744 1300 785 πιστὸν
1339 739 1458 798 εἶχον

59 827 94 852 10
113 812 161 855 ἐν
191 820 250 870 τῷ
285 814 521 867 συνειδότι,
559 813 703 868 <101>
741 815 789 855 τὸ
823 811 862 855 δ’
907 812 953 855 ἐκ
990 820 1069 856 τοῦ
1109 816 1272 868 πατρὸς
1311 812 1459 867 ἐπιφέ-

113 887 272 939 ρεσθαι
291 885 366 934 τὰς
392 885 601 939 διαβολὰς
627 886 1004 939 δυσαπολόγητον,
1025 885 1169 939 ὥσπερ
1190 882 1261 939 ἦν,
1281 883 1459 940 ᾔδεσαν,

112 954 192 996 οὐκ
224 954 605 1010 εὐσχημονοῦντος
637 952 742 997 οὐδὲ
780 961 858 997 τοῦ
896 955 1003 996 κατὰ
1041 958 1290 1010 παρρησίαν
1323 957 1458 1008 λόγου

110 1027 219 1079 πρὸς
255 1027 332 1068 τὸν
369 1028 538 1080 καιρόν,
583 1027 624 1067 εί
664 1024 865 1080 μέλλοιεν
897 1024 944 1066 ἐκ
981 1028 1080 1079 βίας
1125 1024 1192 1066 ἀεὶ
1234 1024 1307 1066 καὶ
1351 1025 1458 1067 κατὰ

112 1097 312 1150 σπουδὴν
339 1095 531 1151 ἐλέγχειν
563 1094 912 1150 πεπλανημένον.
976 1096 1120 1149 <102>
1156 1092 1212 1149 ἦν
1239 1092 1320 1137 οὗν
1353 1095 1458 1138 ἀπο-

58 1179 91 1204 15
112 1169 184 1221 ρία
216 1172 295 1209 τοῦ
328 1167 552 1208 δύνασθαι
578 1165 722 1220 λέγειν
749 1164 820 1207 καὶ
846 1165 1016 1221 δάκρυα
1042 1164 1114 1207 καὶ
1140 1165 1263 1215 τέλος
1289 1167 1456 1220 οἰμωγὴ

113 1237 466 1291 συμπαθεστέρα,
499 1237 764 1278 δεδοικότων
796 1233 875 1291 μὲν
908 1236 979 1290 ὡς,
1018 1238 1058 1278 εἰ
1094 1242 1272 1293 σιγῷεν,
1304 1237 1458 1287 δόξου-

112 1319 184 1349 σιν
217 1307 264 1350 ἐκ
289 1314 369 1351 τοῦ
396 1309 650 1358 συνειδότος
675 1307 942 1363 ἠπορῆσθαι,
969 1307 1128 1362 ῥαδίαν
1162 1305 1200 1348 δ’
1233 1307 1314 1362 οὐχ
1340 1307 1458 1362 εὑρι-

111 1377 338 1433 σκομένων
368 1380 449 1434 τὴν
481 1378 724 1432 ἀπολογίαν
750 1378 835 1420 ὑπό
862 1394 907 1420 τε
935 1380 1136 1433 νεότητος
1167 1377 1238 1420 καὶ
1269 1384 1457 1433 ταραχῆς

111 1445 161 1502 ἧς
192 1448 509 1492 ἐπεπόνθεσαν.
541 1449 686 1504 <103>
719 1449 772 1491 οὐ
804 1450 891 1504 μὴν
924 1448 947 1490 ὅ
980 1464 1029 1502 γε
1067 1451 1256 1503 Καῖσαρ,
1287 1447 1457 1504 ἐπιβλέ-

0 1534 1 1543 ’
58 1533 92 1558 20
113 1536 209 1562 πων
240 1519 400 1570 αὐτοὺς
432 1521 489 1570 ὡς
520 1517 655 1576 εἶχον,
693 1519 910 1562 ἀσύνετον
949 1519 1134 1562 ἐποιεῖτο
1171 1520 1220 1561 τὸ
1259 1520 1317 1574 μὴ
1348 1520 1457 1561 κατὰ

110 1591 366 1644 συνείδησιν
403 1590 683 1646 ἀτοπωτέραν
721 1588 816 1632 ἀλλ’
859 1590 901 1640 ἐξ
940 1590 1136 1645 ἀπειρίας
1172 1588 1245 1631 καὶ
1285 1591 1456 1645 μετριό-

109 1677 236 1716 τητος
273 1662 432 1704 ὀκνεῖν.
494 1661 682 1703 ἐλεεινοί
715 1659 749 1703 τ’
796 1660 1056 1715 ἐγεγόνεσαν
1093 1667 1184 1710 τοῖς
1222 1667 1457 1715 παροῦσιν,

111 1734 202 1789 ἰδία
234 1730 282 1774 δὲ
314 1731 386 1774 καὶ
412 1734 489 1775 τὸν
514 1730 677 1787 πατέρα
710 1732 964 1786 διεκίνησαν
997 1730 1197 1787 ἀληθινῷ
1229 1737 1288 1788 τςό
1321 1731 1456 1773 πάθει

110 1805 420 1858 συνεχόμενον.

56 1885 90 1912 25
199 1874 347 1929 <104>
386 1872 476 1916 ἐπεὶ
513 1871 561 1915 δὲ
600 1874 807 1916 συνεῖδον
844 1872 1075 1927 εὐμένειάν
1116 1889 1214 1914 τινα
1246 1871 1318 1914 καὶ
1348 1872 1449 1928 παρ’
1483 1886 1504 1916 3

111 1943 284 1987 ἐκείνου
326 1944 398 1987 καὶ
434 1946 550 1999 παρὰ
590 1951 670 1987 τοῦ
711 1946 948 1999 Καίσαρος,
985 1942 1058 1985 καὶ
1095 1951 1183 1985 τῶν
1220 1944 1368 1985 ἄλλων
1411 1942 1450 1985 δ’

112 2014 296 2058 ἕκαστον
333 2017 435 2064 τοὺς
466 2013 546 2070 μὲν
585 2015 958 2069 συνδακρύοντας,
989 2014 1181 2063 ἅπαντας
1222 2011 1270 2056 δὲ
1303 2018 1458 2056 συναλ-

111 2091 319 2140 γοῦντας,
362 2087 514 2141 ἅτερος
554 2085 700 2127 αὐτῶν
738 2083 1047 2140 Ἀλέξανδρος,
1092 2084 1458 2140 ἐπικαλεσάμενος

113 2156 263 2211 αὐτόν,
289 2156 499 2213 ἐπεχείρει
526 2157 726 2198 διαλύειν
752 2157 827 2205 τὰς
850 2157 1004 2209 αι’τιάς,
1030 2155 1175 2209 <105>
1196 2158 1273 2197 καί
1289 2155 1455 2211 (πάτερ’

57 2239 92 2264 30
112 2223 254 2281 εἶπεν,
295 2226 336 2280 (ἡ
377 2225 458 2282 μὲν
498 2227 551 2281 σὴ
594 2228 704 2282 πρὸς
738 2226 849 2281 ἡμᾶς
889 2226 1041 2268 εὔνοια
1086 2226 1195 2280 δήλη
1240 2225 1311 2268 καὶ
1355 2224 1451 2281 παρ’

207 2312 226 2350 ξ
253 2311 320 2342 100
347 2307 392 2343 cf.
421 2307 509 2342 Bell.
536 2307 615 2343 Iud.
641 2307 657 2341 Ι
683 2310 738 2351 23,
766 2310 797 2342 3.

181 2373 349 2399 Ιοειιηπε.
380 2374 432 2398 IV.
1224 2369 1242 2398 '2
