1732 2526
225 50 311 91 332
786 51 1016 84 ΙΩΣΗΠΟΥ

223 156 378 211 βηθεὶς
414 157 677 211 ὑπήκουσεν.
740 158 785 199 οἱ
820 155 859 199 δ’
898 157 1262 208 ἀποκλεισθέντες
1298 165 1386 200 τῶν
1419 158 1572 202 ἐπακο-

223 228 515 269 λουθούντων
559 227 675 284 αὐτῷ
719 230 967 282 πυθόμενοι
1010 229 1091 282 τὴν
1132 229 1351 282 σύλληψιν
1393 230 1572 284 ἔφυγον.

222 298 367 352 <110>
398 297 517 351 κάγὼ
555 299 964 353 προσκαλεσάμενος
1001 300 1078 340 τὸν
1106 296 1277 352 Ἰησοῦν
1309 297 1400 340 κατ’
1438 301 1573 354 ἰδίαν,

223 369 303 410 οὐκ
345 368 523 422 ἀγνοεῖν
565 371 676 423 ε’φην
717 370 795 423 τὴν
838 367 903 410 ἐπ’
946 366 1019 422 ἐμὲ
1061 374 1441 411 συσκευασθεῖσαν
1483 370 1571 412 ἐπι-

222 440 412 493 βουλήν,
453 435 549 480 οὐδ’
585 439 670 481 ὑπὸ
702 441 836 480 τίνων
868 441 1109 493 πεμφθείη·
1156 440 1494 492 συγγνώσεσθαι
1527 438 1565 481 δ’

223 509 339 563 ὅμως
377 509 494 565 αὐτῷ
531 517 619 550 τῶν
651 508 991 563 πεπραγμένων,
1033 510 1072 550 εἰ
1102 508 1254 563 μέλλοι
1286 511 1573 563 μετανοήσειν

222 579 294 621 καὶ
325 581 476 628 πιστὸς
508 578 603 633 ἐμοὶ
629 582 908 633 γενήσεσθαι.
963 579 1108 633 <111>
1134 579 1489 634 ὑπισχνουμένου
1517 582 1572 635 δὴ

222 651 362 693 πάντα
402 652 603 704 ποιήσειν
645 649 816 691 ἐκείνου
861 649 1077 704 ἀπέλυσα,
1123 653 1409 705 συγχωρήσας
1453 651 1570 707 αὐτῷ

223 729 488 774 συναγαγεῖν
529 721 661 761 πάλιν
704 720 781 769 οὓς
817 722 1032 775 πρότερον
1073 717 1201 775 εἶχεν.
1264 723 1573 776 Σεπφωρίταις

223 790 260 832 δ’
298 792 533 844 ἠπείλησα,
572 792 612 831 εἰ
647 791 705 845 μὴ
736 791 978 832 παύσαιντο
1016 797 1091 844 τῆς
1122 791 1458 845 ἀγνωμοσύνης,
1496 793 1571 846 λή-

221 865 386 911 ψεσθαι
417 860 517 915 παρ’
555 861 701 903 αὐτῶν
734 862 867 910 δίκας.

310 932 454 985 <112>
492 933 599 973 κατὰ
636 938 795 973 τοῦτον
832 932 909 973 τὸν
947 933 1102 984 καιρὸν
1140 931 1431 986 ἀφικνοῦνται
1461 935 1573 986 πρός

1592 807 1625 832 10

221 1018 271 1057 με
315 1003 397 1044 δύο
435 1008 690 1056 μεγιστᾶνες
727 1009 815 1043 τῶν
852 1002 937 1044 ὑπὸ
975 1004 1056 1056 τὴν
1096 1002 1299 1052 ἐξουσίαν
1336 1008 1416 1044 τοῦ
1447 1006 1601 1057 βασι-7

221 1072 329 1123 λέως
362 1073 408 1114 ἐκ
439 1079 514 1127 τῆς
544 1080 633 1114 τῶν
664 1075 954 1127 Τραχωνιτῶν
985 1074 1142 1127 χώρας,
1175 1073 1437 1127 ἐπαγόμενοι
1469 1076 1572 1124 τοὺς

222 1142 389 1185 ἑαυτῶν
433 1144 614 1195 ἵππους,
657 1141 730 1184 καὶ
774 1143 885 1184 ὅπλα
929 1142 1001 1184 καὶ
1045 1146 1242 1198 χρήματα
1287 1141 1325 1185 δ’
1377 1143 1569 1198 ἐπικομί-

222 1216 376 1265 ζοντες.
438 1214 593 1267 <113>
630 1214 813 1262 τούτους
849 1213 1187 1268 περιτέμνεσθαι
1225 1222 1312 1256 τῶν
1340 1212 1570 1256 Ἰουδαίων

222 1286 575 1338 ἀναγκαζόντων,
626 1285 666 1325 εί
707 1283 921 1325 θέλουσιν
964 1281 1077 1325 εἶναι
1119 1283 1219 1338 παρ’
1270 1285 1439 1339 αὐτοῖς,
1490 1286 1570 1328 οὐκ

221 1359 345 1397 εἴασα
371 1358 627 1409 βιασθῆναι,
656 1354 838 1408 φάσκων
865 1356 959 1396 δεῖν
985 1354 1167 1397 ἕκαστον
1194 1356 1435 1408 ἄνθρωπον
1461 1357 1570 1398 κατὰ

220 1427 300 1480 τὴν
340 1424 498 1467 ἑαυτοῦ
535 1427 791 1479 προαίρεσιν
828 1426 907 1466 τὸν
947 1427 1057 1467 θεὸν
1095 1425 1314 1479 εὐσεβεῖν,
1359 1424 1469 1467 ἀλλὰ
1510 1428 1568 1481 μὴ

221 1497 325 1550 μετὰ
357 1499 469 1550 βίας,
501 1502 657 1550 χρῆναι
685 1493 732 1536 δὲ
761 1496 944 1545 τούτους
970 1492 1026 1537 δι’
1057 1495 1299 1550 ἀσφάλειαν
1324 1497 1431 1550 πρὸς
1456 1496 1569 1550 ἡμᾶς

220 1569 552 1621 καταφυγόντας
583 1567 641 1620 μὴ
675 1574 914 1619 μετανοεῖν.
975 1566 1235 1616 πεισθέντος
1273 1563 1321 1608 δὲ
1351 1572 1430 1608 τοῦ
1461 1568 1568 1620 πλή-

219 1642 346 1691 θους,
378 1645 469 1686 τοῖς
499 1638 685 1690 ἥκουσιν
717 1636 904 1690 ἀνδράσι
930 1638 983 1678 τὰ
1007 1639 1115 1690 πρὸς
1147 1638 1227 1691 τὴν
1253 1639 1427 1691 συνήθη
1456 1638 1568 1679 δίαι-

219 1724 298 1749 ταν
331 1709 501 1749 ἅπαντα
533 1715 743 1762 παρεῖχον
777 1708 984 1757 δαψιλῶς.

311 1779 466 1832 <114>
509 1777 665 1832 πέμπει
711 1775 749 1818 δ’
793 1778 815 1820 ὁ
861 1780 1065 1831 βασιλεὺς
1098 1777 1334 1832 Ἀγρίππας
1375 1779 1566 1834 δύναμιν

218 1847 290 1890 καὶ
334 1850 577 1903 στρατηγὸν
619 1846 682 1889 ἐπ’
730 1848 863 1902 αὐτῆς
903 1852 1100 1890 Αἴκουον
1139 1850 1340 1902 Μόδιον,
1384 1850 1565 1904 Γάμαλα

217 1921 265 1961 τὸ
298 1920 515 1973 φρούριον
549 1917 867 1971 ἐξαιρήσοντας.
931 1919 976 1960 οἱ
1010 1916 1057 1959 δὲ
1089 1917 1364 1973 πεμφθέντες
1399 1921 1565 1961 κυκλώ-

1591 1159 1624 1184 15

1588 1512 1622 1537 20

1585 1865 1619 1890 25

219 1993 383 2030 σασθαι
427 1986 507 2041 μὲν
551 1990 598 2030 τὸ
643 1989 861 2043 φρούριον
906 1988 986 2030 οὐκ
1029 1989 1239 2043 ἤρκεσαν,
1290 1988 1337 2030 ἐν
1382 1987 1430 2031 δὲ
1474 1997 1604 2040 τοῖςή

217 2066 425 2113 φανεροῖς
455 2066 543 2099 τῶν
568 2061 715 2100 τόπων
748 2059 1058 2114 ἐφεδρεύοντες
1088 2059 1376 2113 ἐπολιόρκουν
1401 2061 1453 2101 τὰ
1479 2063 1521 2102 Γ
1518 2062 1565 2102 οἱ-

217 2133 342 2184 μαλα.
397 2129 543 2182 <115>
575 2131 812 2184 Αἰβούτιος
844 2128 882 2171 δ’
915 2130 937 2172 ὁ
971 2130 1237 2185 δεκάδαρχος
1268 2131 1290 2173 ὁ
1322 2136 1401 2172 τοῦ
1433 2132 1563 2185 μεγά-

216 2205 297 2243 λου
340 2201 496 2242 πεδίου
539 2201 619 2254 τὴν
660 2203 929 2254 προστασίαν
969 2199 1330 2255 πεπιστευμένος,
1375 2201 1563 2252 ἀκούσας
1582 2218 1617 2242 30

216 2272 282 2313 ὅτι
326 2272 510 2325 παρείην
555 2272 615 2319 εἰς
656 2271 916 2324 Σιμωνιάδα
956 2272 1106 2325 κώμην
1153 2271 1199 2313 ἐν
1240 2274 1435 2329 μεθορίῳ
1475 2288 1562 2314 κει-
