1732 2526
503 523 725 567 ΒΙΒΛοΣ
757 496 1282 567 ΕΠΤΑΚΑΙΔΕΚΑΤΗ.

174 636 195 676 1
309 634 395 687 <1>
417 630 684 689 Ἀντιπάτρῳ
712 629 750 673 δ’
778 629 980 688 ἀραμένῳ
1005 633 1108 681 τοὺς
1133 630 1369 686 ἀδελφούς,
1396 631 1573 689 ἀσεβείᾳ

218 720 263 746 τε
295 710 345 759 τῇ
378 702 540 759 ὑστάτῃ
572 701 644 744 καὶ
670 700 910 759 ἀλαστορίᾳ
940 707 991 757 τῇ
1025 700 1094 743 ἐπ’
1124 701 1273 752 αὐτοῖς
1303 704 1381 745 τὸν
1409 703 1573 757 πατέρα

218 775 573 829 περιβεβληκότι,
615 773 667 814 οὔ
700 788 741 814 τι
772 773 882 815 κατὰ
913 773 1088 827 γνώμας
1118 772 1144 826 ἡ
1177 771 1300 824 ἐλπὶς
1329 780 1409 816 τοῦ
1441 770 1574 824 αὖθις

220 847 321 900 βιόυ
354 842 421 899 ἧν.
478 842 742 897 ἀπαλλαγεὶς
773 844 856 899 γὰρ
889 845 1140 899 φόβουτοῦ
1173 842 1242 885 ἐπὶ
1273 850 1324 900 τῇ
1357 844 1466 901 ἀρχῇ
1500 846 1574 887 διὰ

220 917 269 958 τὸ
301 923 389 958 τῶν
421 914 630 970 ἀδελφῶν
662 916 719 969 μὴ
753 914 1116 969 ἐπικοινωνῆσον,
1148 913 1474 972 ἐργωδέστερον
1501 912 1575 958 καὶ
1613 928 1628 954 5

221 987 390 1041 ἄπορον
422 986 539 1042 αὑτῷ
573 985 746 1041 εὕρισκε
778 986 827 1027 τὸ
859 991 934 1039 τῆς
965 987 1189 1040 βασιλείας
1220 988 1574 1041 περιγίγνεσθαι·

221 1055 397 1100 τοσόνδ’
435 1058 519 1112 ἔφυ
557 1063 617 1113 τῷ
655 1058 779 1098 ἔθνει
816 1063 942 1110 μῖσος
979 1057 1088 1111 πρὸς
1123 1056 1271 1099 αὐτόν.
1332 1057 1417 1111 <2>
1451 1058 1577 1108 ὄντος

223 1127 263 1170 δ’
306 1119 423 1185 αὐτῷ
460 1127 533 1170 καὶ
571 1128 701 1170 τοῦδε
739 1130 951 1183 χαλεποῦ,
994 1129 1209 1177 πλειόνως
1248 1129 1488 1183 παρελύπει
1527 1130 1576 1171 τὸ
1618 1152 1622 1154 -

225 1200 538 1255 στρατιωτικὸν
576 1198 815 1254 ἀλλοτρίως
852 1199 954 1253 ἔχον
991 1205 1042 1253 τῇ
1081 1199 1233 1255 γνώμῃ
1273 1200 1383 1254 πρὸς
1427 1199 1577 1255 αὐτόν,

224 1271 286 1319 εἰς
324 1269 402 1319 οὓς
437 1270 490 1311 τὰ
527 1267 652 1311 πάντ’
689 1266 746 1323 ἦν
782 1276 873 1319 τοῖς
908 1271 1167 1323 βασιλεῦσιν
1205 1269 1468 1325 ἀνακείμενα
1498 1277 1578 1313 τοῦ
1599 1285 1632 1309 10

227 1342 518 1396 οἰκωφελοῦς,
557 1340 685 1382 ὁπότε
723 1340 848 1395 τύχοι
886 1341 934 1382 τὸ
968 1341 1101 1390 ἔθνος
1131 1339 1360 1396 νεωτέρων
1393 1341 1579 1396 ὀριγνώ-

226 1427 362 1466 μενον
382 1411 659 1465 πραγμάτων.
695 1412 880 1453 τοσόνδε
906 1412 1122 1453 κίνδυνον
1148 1410 1441 1466 ἐμνήστευσεν
1461 1412 1578 1469 αὐτῷ

227 1482 250 1525 ὁ
272 1483 459 1537 ὄλεθρος
484 1489 571 1524 τῶν
599 1481 816 1537 ἀδελφῶν.
858 1482 943 1536 <3>
969 1482 1023 1524 οὐ
1049 1483 1135 1537 μὴν
1162 1481 1271 1524 ἀλλὰ
1297 1481 1369 1524 καὶ
1389 1482 1584 1539 συνῆρχέ

228 1569 276 1607 γε
308 1558 367 1610 τῷ
399 1555 552 1608 πατρί,
585 1550 719 1595 οὐδὲν
750 1553 857 1595 ἄλλο
890 1552 916 1607 ἢ
949 1553 1007 1602 ὡς
1038 1555 1244 1607 βασιλεὺς
1276 1554 1353 1608 ὥν,
1384 1552 1457 1595 καὶ
1490 1553 1581 1595 ἐπι-

230 1624 405 1666 στεύετο
437 1622 537 1678 παρ’
571 1623 690 1679 αὐτῷ
723 1625 944 1678 μειζόνως,
977 1623 1019 1674 ἐξ
1053 1619 1115 1665 ὧν
1141 1622 1416 1666 ἀπολωλέναι
1440 1627 1582 1674 καλῶς
1602 1636 1635 1663 15

229 1692 366 1750 εἶχεν,
410 1694 585 1744 εὐνοίας
622 1695 900 1749 βεβαιώματα
939 1693 1198 1750 εὑρημένος,
1239 1695 1297 1744 ὡς
1334 1693 1398 1736 ἐπ’
1442 1694 1581 1750 ἀσφα-

231 1768 334 1822 λείᾳ
358 1768 575 1821 σωτηρίας
606 1771 681 1819 τῆς
704 1764 910 1821 “Ηρώδου
935 1767 1038 1815 τοὺς
1063 1765 1284 1821 ἀδελφοὺς
1310 1765 1583 1822 ἐνδεδειχώς,

232 1832 326 1878 ἀλλ’
357 1836 437 1878 οὐκ
469 1838 607 1893 ἔχθρα
640 1842 688 1891 τῇ
714 1838 824 1891 πρὸς
855 1836 1049 1886 ἐκείνους
1077 1835 1149 1878 καὶ
1179 1838 1264 1893 πρὸ
1296 1837 1442 1878 αὐτῶν
1473 1837 1584 1890 πρὸς

231 1908 309 1949 τὸν
349 1905 533 1963 πατέρα’
580 1908 746 1949 τοιαίδε
787 1907 922 1950 αὐτὸν
965 1906 1282 1962 περιεσπένδον
1320 1907 1434 1963 ἀραί.
1495 1907 1583 1962 <4>

232 1978 342 2033 ἅπερ
387 1978 441 2032 δὴ
485 1978 627 2020 πάντα
671 1977 860 2033 μηχαναὶ
903 1984 978 2032 τῆς
1015 1977 1084 2020 ἐπὶ
1121 1979 1198 2020 τὸν
1229 1976 1439 2034 “Ηρώδην
1474 1978 1583 2035 ὁδοῦ
1603 1987 1658 2016 20'

233 2048 409 2090 ἵσταντο
436 2047 726 2107 Ἀντιπάτρῳ,
770 2049 1005 2105 ἐρημοῦντι
1042 2049 1178 2091 αὑτὸν
1216 2047 1296 2104 μὲν
1327 2050 1583 2105 κατηγόρων

235 2116 303 2173 ἐφ’
342 2113 408 2168 οἷς
438 2119 645 2174 πράττειν
672 2121 903 2174 διενοεῖτο,
928 2118 1135 2174 “Ηρώδην
1162 2118 1204 2161 δ’
1237 2116 1292 2161 αὗ
1318 2125 1584 2175 καταφυγῆς,

236 2191 281 2231 οἳ
309 2191 522 2244 βοηθοῖεν
554 2190 670 2248 αὐτῷ
703 2197 782 2233 τοῦ
808 2189 1097 2246 Ἀντιπάτρου
1133 2198 1336 2246 φανερῶς
1372 2193 1584 2246 πολεμίου

234 2260 538 2311 καταστάντος.
589 2261 676 2316 <5>
708 2261 816 2304 ὥστε
849 2263 965 2316 μίσει
997 2259 1077 2316 μὲν
1101 2267 1161 2319 τῷ
1187 2263 1295 2317 πρὸς
1320 2263 1397 2304 τὸν
1421 2260 1585 2316 πατέρα

331 2345 349 2383 ξ
377 2345 395 2374 1
423 2341 466 2376 of.
493 2341 585 2378 Ben.
611 2341 690 2378 Iud.
717 2342 733 2376 I
759 2345 814 2387 28,
843 2345 874 2377 1.
