1732 2526
717 87 831 118 ΒῙοΣ
1363 83 1446 125 367

105 191 184 247 μὲν
223 191 394 235 ἀπιέναι
432 193 542 246 πρὸς
582 194 683 241 τοὺς
713 188 1079 246 Ἱεροσολυμίτας,
1117 191 1335 246 Ἰωνάθην
1377 191 1448 233 καὶ

101 262 327 317 Ἀνανίαν,
364 265 466 313 τοὺς
504 261 677 317 ἑτέρους
716 260 762 303 δὲ
803 264 883 304 δύο
916 263 1127 317 μένοντας
1160 263 1205 304 ἐν
1239 269 1287 317 τῇ
1327 265 1448 317 Τιβε-

105 335 223 388 ριάδι
265 338 526 375 καταλιπεῖν.
590 333 945 387 συνεπηγάγοντο
992 331 1038 374 δὲ
1083 337 1280 388 φυλακῆς
1323 333 1448 374 ἕνεκα

102 411 177 458 τῆς
215 403 382 446 ἑαυτῶν
421 403 598 452 ὁπλίτας
635 401 801 445 ἑκατόν.
863 404 1019 457 <317>
1063 406 1275 458 Τιβεριεῖς
1312 401 1359 444 δὲ
1397 404 1448 444 τὰ

69 472 184 529 ὅμὲν
229 477 343 529 τείχη
385 476 669 528 προυνόησαν
711 473 1065 528 ἀσφαλισθῆναι,
1108 476 1210 522 τοὺς
1252 473 1449 522 ἐνοίκους

105 542 153 586 δὲ
183 545 440 587 κελεύουσιν
472 543 709 598 ἀναλαβεῖν
740 545 791 585 τὰ
825 545 953 586 ὅπλα·
998 542 1068 585 καὶ
1105 542 1204 599 παρ’
1239 542 1448 585 Ἰωάννου

105 613 153 656 δὲ
199 614 523 669 μετεπέμψαντο
571 615 834 669 στρατιώτας
880 614 959 656 οὐκ
1008 615 1183 668 ὀλίγους
1227 615 1449 668 συμμαχή-

104 698 280 739 σοντας,
323 687 364 727 εἰ
402 686 620 740 δεήσειεν,
666 685 814 735 αὐτοῖς
855 686 905 727 τὰ
946 687 1054 740 πρὸς
1097 685 1180 740 ἐμέ.
1244 682 1298 738 ἦν
1341 683 1380 726 δ’
1425 686 1448 727 ὁ

100 753 303 810 Ἰωάννης
329 755 376 797 ἐν
402 756 647 811 Γισχάλοις.
704 756 848 810 <318>
883 756 928 797 οἱ
949 758 1101 797 τοίνυν
1133 755 1232 811 περὶ
1264 757 1341 798 τὸν
1364 754 1449 798 Ἰω-

50 840 84 865 10
103 827 250 881 νάθην
283 826 590 877 ἀναζεύξαντες
627 826 710 867 ἀπὸ
749 832 823 879 τῆς
860 826 1116 881 Τιβεριάδος
1155 827 1212 876 ὡς
1250 824 1356 880 Υἧκον
1389 828 1450 876 εἰς

104 897 357 951 Δαβάριττα
382 898 532 951 κώμην
560 895 607 938 ἐν
638 904 731 946 ταῖς
756 896 971 951 ἐσχατιαῖς
1002 904 1076 951 τῆς
1104 899 1338 946 Γαλιλαίας
1364 913 1450 938 κει-

103 967 241 1022 μένην
282 966 330 1009 ἐν
370 973 428 1024 τῷ
468 967 640 1024 μεγάλῳ
678 968 835 1024 πεδίῳ,
876 966 975 1022 περὶ
1013 968 1150 1022 μέσην
1187 969 1321 1009 νύκτα
1359 975 1450 1017 τοῖς

104 1038 224 1092 ἐμοῖς
254 1038 443 1093 φύλαξιν
475 1038 778 1092 ἐμπίπτουσιν·
818 1040 863 1080 οἳ
886 1037 957 1080 καὶ
984 1040 1265 1088 κελεύσαντες
1292 1039 1451 1088 αὐτοὺς

103 1109 154 1149 τὰ
186 1109 297 1150 ὅπλα
329 1107 602 1150 καταθέσθαι
636 1107 879 1163 ἐφύλαττον
912 1108 959 1150 ἐν
992 1110 1167 1164 δεσμοῖς
1197 1108 1266 1150 ἐπὶ
1298 1111 1449 1160 τόπου,

4 1174 9 1178 ’
51 1192 84 1216 15
103 1179 252 1229 καθὼς
284 1178 433 1228 αὐτοῖς
465 1178 739 1233 ἐντετάλμην.
802 1179 946 1233 <319>
988 1180 1146 1233 γράφει
1179 1176 1226 1220 δὲ
1258 1181 1366 1233 πρός
1399 1194 1449 1233 με

104 1255 238 1291 ταῦτα
282 1250 429 1304 δηλῶν
470 1251 626 1303 Λευΐς,
669 1244 703 1306 ᾧ
745 1250 826 1303 τὴν
869 1250 1070 1305 φυλακὴν
1116 1249 1450 1291 ἐπεπιστεύκειν.

103 1321 364 1374 παραλιπὼν
390 1317 472 1362 οὖν
497 1319 659 1375 ἡμέρας
686 1321 766 1362 δύο
792 1320 862 1362 καὶ
890 1318 1028 1375 μηδὲν
1055 1319 1292 1374 ἐγνωκέναι
1317 1332 1450 1374 προσ-

104 1391 417 1445 ποιησάμενος,
466 1389 637 1445 πέμψας
679 1392 788 1444 πρὸς
831 1393 934 1440 τοὺς
983 1394 1195 1446 Τιβεριεῖς
1238 1392 1450 1444 συνεβού-

105 1465 236 1503 λευον
281 1461 431 1511 αὐτοῖς
475 1462 526 1502 τὰ
571 1462 681 1502 ὅπλα
724 1460 1049 1515 καταθεμένους
1095 1460 1305 1503 ἀπολύειν
1349 1463 1452 1511 τοὺς

52 1545 86 1570 20
106 1531 371 1586 ἀνθρώπους
402 1534 463 1581 εἰς
495 1534 574 1586 τὴν
608 1530 785 1573 ἑαυτῶν.
849 1533 992 1585 <320>
1027 1534 1071 1574 οἳ
1101 1531 1153 1573 δέ
1181 1531 1335 1586 (δόξαν
1367 1533 1449 1586 γὰρ

106 1599 225 1657 εἶχον
256 1604 359 1651 τοὺς
389 1600 488 1655 περὶ
520 1603 597 1644 τὸν
624 1600 841 1656 Ἰωνάθην
879 1604 940 1652 εἰς
976 1603 1029 1644 τὰ
1053 1599 1335 1657 Ἱεροσόλυμα
1366 1604 1449 1657 ἤδη

108 1673 500 1727 διαπεπορεῦσθαι)
540 1675 830 1727 βλασφήμους
867 1673 1126 1727 ἐποιήσαντο
1168 1673 1242 1722 τὰς
1273 1673 1451 1727 ἀποκρί-

109 1756 207 1792 σεις.
270 1745 327 1797 μὴ
366 1742 651 1797 καταπλαγεὶς
689 1742 728 1785 δ’
766 1743 849 1797 ἐγὼ
889 1751 1254 1797 καταστρατηγεῖν
1293 1743 1453 1793 αὐτοὺς

109 1813 337 1855 ἐπενόουν·
379 1813 523 1867 <321>
556 1815 665 1868 πρὸς
696 1812 776 1868 μὲν
804 1811 884 1856 οὖν
911 1817 1013 1864 τοὺς
1043 1816 1223 1862 πολίτας
1255 1813 1453 1863 ἐξάπτειν

54 1896 88 1921 25
107 1886 300 1938 πόλεμον
338 1883 418 1926 οὐκ
457 1883 656 1938 ἐνόμιζον
694 1883 868 1939 εὐσεβὲς
912 1882 1036 1926 εἶναι.
1099 1885 1367 1938 βουλόμενος
1407 1882 1445 1925 δ’

108 1954 268 2002 αὐτοὺς
287 1953 535 1996 ἀποσπάσαι
555 1963 642 1997 τῶν
669 1955 919 2010 Τιβεριέων,
946 1956 1132 2010 μυρίους
1153 1954 1329 2004 ὁπλίτας
1349 1956 1453 2004 τοὺς

108 2024 313 2078 ἀρίστους
346 2023 540 2075 ἐπιλέξας
569 2026 631 2074 εἰς
661 2033 777 2080 τρεῖς
808 2028 963 2080 μοίρας
993 2027 1174 2079 διεῖλον,
1207 2025 1348 2078 <322>
1381 2024 1452 2066 καὶ

107 2095 291 2144 τούτους
329 2093 409 2149 μὲν
446 2094 624 2150 ἀφανῶς
663 2096 710 2138 ἐν
748 2098 912 2150 κώμαις
953 2094 1193 2151 προσέταξα
1235 2098 1454 2150 λοχῶντας

107 2163 372 2219 περιμένειν,
403 2167 570 2220 χιλίους
602 2165 640 2207 δ’
679 2168 740 2216 εἰς
772 2165 923 2221 ἑτέραν
955 2167 1125 2220 κώμην,
1163 2166 1340 2221 ὀρεινὴν
1373 2163 1453 2219 μὲν

56 2248 90 2272 30
110 2236 288 2290 ὁμοίως,
330 2234 579 2290 ἀπέχουσαν
617 2234 665 2278 δὲ
702 2243 777 2291 τῆς
821 2237 1077 2291 Τιβεριάδος
1114 2235 1317 2290 τέτταρας
1356 2248 1454 2277 στα-

111 2307 254 2361 δίους,
298 2307 553 2360 εἰσήγαγον,
597 2308 804 2357 κελεύσας
843 2307 1036 2357 ἐκείνους
1074 2306 1250 2349 ἐπειδὰν
1289 2306 1453 2360 λάβωσι

1475 420 1520 451 62
