1732 2526
1644 106 1649 111 .
1686 0 1732 86 ἶ

273 130 331 170 34
765 131 1128 165 ΑΡΧΑΙΟΛΟΓΙΑΣ

272 311 434 362 λήλους
473 308 791 364 πεποιημένων.
855 310 1010 363 <201>
1050 317 1179 352 τοῦτο
1220 308 1300 364 μὲν
1341 310 1424 364 γὰρ
1464 309 1490 363 ἡ
1532 310 1623 351 Σα-

273 380 394 434 λώμη
433 380 596 435 χαλεπὴ
635 379 706 421 καὶ
745 380 938 429 δύσνους
975 376 1086 421 οὖσα
1123 387 1214 429 τοῖς
1253 379 1299 421 ἐκ
1336 379 1623 435 Μαριάμμης,

273 448 377 492 οὐδὲ
409 451 490 504 τὴν
522 449 676 504 ἑαυτῆς
706 449 931 504 θυγατέρα
964 456 1261 492 συνοικοῦσαν
1285 449 1622 507 Ἀριστοβούλῳ,

270 520 445 579 θατέρῳ
483 528 571 563 τῶν
602 523 868 574 νεανίσκων,
899 525 967 562 εἴα
1004 526 1054 575 τῇ
1086 527 1165 562 τοῦ
1197 521 1340 575 γάμου
1371 522 1481 575 πρὸς
1514 519 1621 562 ἐκεῖ-

270 608 353 633 νον
393 592 546 648 εὐνοίᾳ
587 595 798 647 χρῆσθαι,
844 589 989 645 λέγειν
1028 589 1065 632 τ’
1103 595 1148 633 εἴ
1178 608 1219 633 τι
1258 592 1488 644 λαλήσειεν
1526 589 1618 632 κατ’

273 663 391 704 ἰδίαν
424 663 728 704 ἀναπείθουσα
754 660 827 703 καὶ
859 662 1045 716 μηνύειν
1078 660 1225 716 ἑαυτῇ,
1256 661 1338 703 κάν
1368 669 1457 710 τοῖς
1488 672 1622 716 προσ-

269 734 529 787 κρούμασιν,
563 727 633 774 οἷα
667 735 920 786 συμβαίνει,
955 733 1119 781 πολλὰς
1150 732 1340 782 ὑποψίας
1371 732 1621 786 εἰσάγουσα.

269 804 414 857 <202>
447 801 504 844 δι’
538 798 600 843 ὧν
632 802 740 856 αὐτὴ
768 800 848 856 μὲν
875 803 1044 844 ἅπαντα
1069 803 1120 844 τὰ
1146 801 1240 843 κατ’
1269 802 1464 852 ἐκείνους
1491 802 1621 857 ε’μάν-

268 879 402 927 θανε,
441 874 638 915 δύσνουν
678 871 726 914 δὲ
758 874 837 927 τὴν
869 874 1005 914 παῖδα
1042 879 1101 930 τςό
1134 875 1350 932 νεανίσκῳ
1382 875 1619 927 πεποιήκει.
1641 891 1689 934 ιο-

267 945 413 998 <203>
444 942 704 999 χαριζομένη
738 942 775 985 δ’
810 943 952 998 ἐκείνη
985 946 1036 999 τῇ
1069 943 1198 1000 μητρὶ
1229 945 1440 994 πολλάκις
1471 946 1619 998 ἔλεγεν
1698 929 1716 982 3

269 1016 327 1065 ὡς
359 1014 599 1070 μέμνηνται
638 1012 717 1069 μὲν
756 1014 994 1065 ἰδιάζοντες
1037 1014 1195 1057 ἐκεῖνοι
1228 1021 1303 1069 τῆς
1333 1015 1619 1070 Μαριάμμης,

269 1085 532 1139 ἐστυγήκασι
571 1083 619 1126 δὲ
657 1087 733 1128 τὸν
770 1084 953 1139 πατέρα,
995 1083 1174 1141 συνεχὲς
1212 1083 1260 1127 δὲ
1300 1087 1618 1139 διαπειλοῦσιν,
1697 1086 1711 1136 ’.4

267 1158 308 1198 εἰ
347 1157 521 1211 τύχοιεν
562 1155 692 1197 αὐτοί
727 1170 830 1198 ποτε
871 1161 946 1210 τῆς
986 1155 1142 1211 ἀρχῆς,
1180 1157 1282 1205 τοὺς
1322 1153 1402 1210 μὲν
1443 1155 1490 1197 ἐκ
1530 1163 1618 1198 τῶν
1692 1154 1710 1275 ἐ

268 1228 415 1269 ἄλλων
454 1234 676 1281 γυναικῶν
713 1228 872 1276 παῖδας
902 1225 1082 1282 “Ηρώδῃ
1120 1226 1439 1281 γεγενημένους
1475 1243 1617 1281 κωμο-
1638 1242 1671 1268 15

267 1305 532 1352 γραμματεῖς
575 1298 862 1351 καταστήσειν
906 1295 1135 1353 (ἁρμόσειν
1180 1298 1262 1351 γὰρ
1307 1298 1369 1346 εἰς
1408 1297 1617 1352 τοιαύτην

265 1371 417 1424 χρείαν
437 1370 485 1411 τὸ
505 1374 590 1410 νῦν
617 1365 813 1422 ἐπιμελὲς
832 1367 978 1409 αὐτῶν
1004 1366 1075 1409 καὶ
1096 1369 1205 1423 πρὸς
1229 1369 1434 1409 παιδείαν
1461 1367 1617 1410 ἐσπου-

267 1438 520 1494 δασμένον),
551 1439 697 1493 <204>
728 1439 805 1488 τὰς
831 1436 880 1480 δὲ
906 1446 1130 1492 γυναῖκας,
1163 1443 1207 1480 εἴ
1231 1452 1334 1481 ποτε
1361 1437 1433 1480 καὶ
1458 1439 1618 1488 ταύτας

266 1511 405 1552 ἴδοιεν
446 1517 525 1552 τοῦ
567 1508 770 1566 μητρῴου
811 1511 979 1563 κόσμου
1024 1512 1354 1564 μετειληφυίας,
1399 1508 1497 1551 ἀντὶ
1540 1515 1617 1563 τῆς

262 1582 488 1635 παρούσης
519 1580 758 1635 ἁβρότητος
784 1579 977 1622 ἀπειλεῖν
1004 1581 1062 1629 ὡς
1087 1581 1291 1636 τρύχεσιν
1321 1579 1614 1635 ἠμφιεσμέναι
1633 1596 1668 1621 20

263 1653 561 1693 καθεδοῦνται
593 1648 702 1705 μηδὲ
734 1652 811 1692 τὸν
842 1651 970 1704 ἥλιον
1002 1649 1255 1705 βλέπουσαι.
1312 1651 1458 1705 <205>
1489 1647 1610 1692 ταῦτ’

263 1722 400 1772 εὐθὺς
433 1720 726 1776 ἀπηγγέλλετο
760 1722 833 1763 διὰ
865 1728 940 1776 τῆς
971 1723 1189 1776 Σαλώμης
1219 1728 1278 1779 τῷ
1311 1724 1503 1776 βασιλεῖ,
1539 1721 1615 1763 κά-
1676 1779 1677 1783 ¹

262 1800 406 1842 κεῖνος
448 1794 580 1846 ἤκουε
625 1790 705 1847 μὲν
756 1791 987 1846 ἀλγεινῶς,
1039 1792 1238 1846 ἐπειρᾶτο
1291 1791 1338 1834 δὲ
1384 1793 1613 1848 διορθοῦν.

264 1862 471 1905 ἐκακοῦτο
505 1861 553 1905 δὲ
584 1870 678 1912 ταῖς
708 1863 931 1915 ὑποψίαις,
964 1861 1036 1905 καὶ
1061 1866 1220 1918 χείρων
1253 1862 1321 1905 ἀεὶ
1352 1865 1613 1918 γιγνόμενος

262 1934 396 1975 ἅπασι
428 1934 534 1975 κατὰ
565 1934 742 1975 πάντων
775 1933 1011 1976 ἐπίστευεν.
1632 1947 1667 1975 25
1724 1940 1732 1964 ⁵-

352 2004 406 2046 οὐ
437 2004 524 2058 μὴν
557 2003 666 2046 ἀλλὰ
697 2006 792 2046 τότε
819 2002 899 2059 μὲν
929 2004 1164 2059 ἐπιπλήξας
1193 2012 1284 2054 τοῖς
1308 2006 1475 2058 παισίν,
1506 2004 1613 2047 ἀπο-

261 2073 576 2129 λογησαμένων
619 2073 740 2131 ῥᾴων
780 2076 842 2124 εἰς
882 2077 959 2117 τὸν
1000 2077 1156 2129 καιρὸν
1197 2074 1391 2130 ἐγένετο,
1432 2083 1526 2125 ταῖς
1567 2074 1608 2117 δ’

211 2157 235 2187 4
262 2143 359 2199 ἑξῆς
388 2147 501 2187 πολὺ
533 2148 693 2200 χείρων
718 2144 1000 2199 προσέπεσεν.
1057 2147 1202 2201 <206>
1233 2147 1255 2189 ὁ
1288 2147 1371 2201 γὰρ
1400 2147 1611 2202 Φερώρας
1671 2150 1684 2155 ”

260 2216 408 2257 ἐλθὼν
447 2217 564 2270 παρὰ
601 2218 678 2258 τὸν
711 2214 1020 2271 Ἀλέξανδρον,
1066 2219 1222 2272 ἔχοντα
1259 2218 1339 2272 τὴν
1373 2216 1609 2272 Ἀρχελάου
1668 2239 1669 2244 =

258 2285 482 2341 θυγατέρα
521 2287 782 2341 Γλαφύραν,
827 2287 885 2337 ὡς
924 2287 1226 2342 ἐδηλώσαμεν,
1271 2289 1490 2342 Σαλώμης
1526 2289 1608 2343 ἔφη
1628 2299 1666 2330 30·

354 2372 372 2409 ξ
400 2370 464 2400 201
494 2367 538 2402 cf.
565 2367 657 2402 Bell.
684 2368 762 2402 Iud.
789 2368 805 2401 I
832 2372 887 2411 24,
914 2372 946 2403 3.
1678 2374 1679 2382 ¹

1715 161 1732 192 ³:

271 239 427 280 καινὸν
460 237 687 292 ἀγώνισμα
718 245 806 280 τῶν
839 246 1066 292 συγγενῶν
1098 237 1170 281 καὶ
1202 239 1423 294 φιλτάτων
1455 240 1516 288 εἰς
1548 238 1623 281 ἀλ-
1707 239 1710 251 ’

1658 536 1675 563 5
1698 537 1703 542 .

1703 723 1721 755 '-

1699 756 1720 822 ’Ξ

1712 2292 1729 2318 30
