1732 2526
99 833 132 857 10

101 1187 133 1212 15

102 1542 136 1567 20

102 1895 135 1920 25

101 2251 136 2276 30

657 74 999 107 EKKAIAEKATH
1441 74 1498 117 25

152 179 297 234 τέμνει
329 183 525 234 πλατεῖα,
551 180 716 234 ταύτην
742 186 889 229 στοαῖς
914 179 1016 234 παρ’
1055 179 1250 236 ἑκάτερα,
1282 182 1353 224 καὶ
1385 186 1498 240 λίθῳ

153 252 234 305 τὴν
265 251 489 303 ὕπαιθρον
523 250 630 293 ὁδὸν
662 250 795 307 ξεστῷ
835 250 1171 306 καταστορέσας,
1202 256 1408 295 πλεῖστον
1440 254 1502 303 εἰς

152 323 318 376 κόσμον
350 319 422 363 καὶ
454 321 534 375 τὴν
565 328 653 362 τῶν
685 321 928 362 οἰκούντων
966 322 1228 376 εὐχρηστίαν
1263 322 1500 377 ὠφέλησεν.

153 392 298 446 <149>
327 394 404 434 τόν
435 407 483 445 γε
510 391 596 445 μὴν
624 388 912 446 Ὀλυμπίασιν
938 391 1088 446 ἀγῶνα
1119 394 1233 435 πολὺ
1266 400 1340 446 τῆς
1370 406 1502 448 προσ-

152 465 333 517 ηγοριάς
385 461 648 516 ἀδοξότερον
692 460 772 503 ὑπ’
828 461 1097 517 ἀχρηματίας
1153 463 1502 518 διατεθειμένον,

152 533 410 588 τιμιώτερον
431 531 566 574 ἐποίει
586 532 819 587 χρημάτων
845 534 1094 587 προσόδους
1121 535 1404 588 καταστήσας,
1429 533 1501 575 καὶ

152 605 260 658 πρός
297 618 340 644 τε
377 604 539 652 θυσίας
577 601 649 644 καὶ
687 603 766 645 τὸν
804 603 940 645 ἄλλον
980 605 1147 658 κόσμον
1190 603 1502 658 έσεμνοποιήσε

152 675 233 727 τὴν
264 675 524 727 πανήγυριν.
600 673 674 714 διὰ
705 674 759 727 δὴ
805 675 968 728 ταύτην
1009 675 1089 727 τὴν
1122 677 1375 729 φιλοτιμίαν
1409 676 1502 728 διη-

153 745 281 798 νεκὴς
313 742 596 798 ἀγωνοθέτης
626 744 743 798 παρὰ
774 750 866 793 τοῖς
893 742 1083 794 Ἠλείοις
1114 744 1350 799 ἀνεγράφη.

241 815 387 869 (150)
430 822 521 864 τοῖς
565 812 646 868 μὲν
685 811 767 856 οὗν
806 815 957 865 ἄλλοις
995 814 1217 869 ἐπέρχεται
1259 815 1502 870 θαυμάζειν

152 887 200 928 τὸ
241 886 409 935 διεστὸς
447 892 521 939 τῆς
565 884 612 926 έν
650 891 700 940 τῇ
739 886 870 940 φύσει
907 885 1214 941 προαιρέσεως.
1276 886 1382 928 ὅταν
1423 884 1503 941 μὲν

153 957 235 1011 γὰρ
270 958 330 1005 εἰς
360 957 437 1006 τὰς
475 959 726 1010 φιλοτιμιάς
761 955 834 998 καὶ
871 957 947 1006 τὰς
985 956 1236 1011 εὐεργεσίας
1277 956 1503 1012 ἀπίδωμεν

154 1022 222 1077 αἷς
250 1026 452 1083 ἐκέχρητο
479 1028 587 1081 πρὸς
612 1027 805 1076 ἅπαντας
832 1026 1115 1081 ἀνθρώπους,
1143 1027 1222 1069 οὐκ
1249 1028 1368 1068 ἔστιν
1389 1028 1505 1077 ὅπως

153 1098 271 1151 [οὐκ]
305 1098 361 1139 ἄν
391 1113 456 1147 τις
488 1097 624 1139 αὐτὸν
657 1096 729 1138 καὶ
760 1105 848 1139 τῶν
888 1099 1068 1140 ἔλαττον
1109 1099 1401 1152 τετιμηκότων
1433 1099 1506 1152 ἠρ-

153 1169 272 1222 νήθη
311 1169 368 1222 μὴ
409 1171 728 1222 συνομολογεῖν
767 1168 1133 1224 εὐεργετικωτάτῃ
1172 1173 1413 1222 κεχρῆσθαι
1454 1174 1504 1223 τῇ

153 1239 301 1293 φύσει·
346 1238 492 1293 (151)
537 1239 642 1280 ὅταν
688 1237 725 1280 δ’
770 1240 833 1289 εἰς
863 1239 938 1288 τὰς
976 1241 1185 1293 τιμωρίας
1222 1237 1294 1280 καὶ
1333 1238 1506 1288 ἀδικίας

154 1309 204 1359 ἃς
235 1311 297 1358 εἰς
328 1311 431 1359 τοὺς
462 1308 733 1364 ἀρχομένους
765 1308 837 1351 καὶ
869 1311 972 1359 τοὺς
1011 1309 1304 1359 οἰκειοτάτους
1344 1308 1504 1351 ἐπεδεί-

154 1379 256 1430 ξατο
288 1378 427 1436 βλέψῃ
459 1395 523 1429 τις
553 1378 627 1421 καὶ
658 1380 890 1436 καταμάθῃ
921 1381 970 1422 τὸ
1011 1381 1202 1434 σκληρὸν
1234 1378 1305 1421 καὶ
1340 1381 1505 1421 δυσπα-

155 1453 360 1506 ραίτητον
391 1457 471 1493 τοῦ
502 1452 682 1505 τρόπου,
709 1452 999 1504 νικηθήσεται
1024 1451 1227 1505 θηριώδη
1256 1451 1404 1492 δοκεῖν
1430 1449 1502 1492 καὶ

154 1521 294 1575 πάσης
324 1523 601 1575 μετριότητος
632 1520 883 1576 ἀλλότριον·
918 1521 1060 1575 (152)
1093 1522 1225 1562 ἔνθεν
1251 1519 1323 1562 καὶ
1350 1522 1506 1576 διάφο-

156 1593 236 1646 ρόν
268 1607 366 1633 τινα
397 1590 469 1633 καὶ
501 1590 754 1647 μαχομένην
787 1590 835 1633 ἐν
873 1591 989 1648 αὐτῷ
1029 1593 1257 1645 νομίζουσι
1295 1590 1506 1645 γενέσθαι

154 1664 235 1717 τὴν
265 1664 537 1715 προαίρεσιν.
600 1661 683 1715 ἐγὼ
718 1660 757 1703 δ’
796 1661 876 1717 οὐχ
910 1661 1047 1711 οὕτως
1079 1663 1191 1716 ἔχων
1224 1664 1328 1716 μιάν
1361 1663 1507 1703 αἰτίαν

155 1730 414 1787 ἀμφοτέρων
441 1732 610 1774 τούτων
635 1732 946 1786 ὑπολαμβάνω.
993 1732 1138 1786 <153>
1165 1734 1394 1786 φιλότιμος
1421 1733 1504 1787 γὰρ

155 1803 218 1844 ὢν
249 1801 320 1844 καὶ
352 1803 512 1845 τούτου
545 1809 623 1844 τοῦ
659 1802 834 1852 πάθους
870 1801 1109 1857 ἡττημένος
1151 1803 1340 1858 ἰσχυρῶς
1371 1805 1506 1858 προή-

157 1889 255 1927 γετο
294 1871 374 1928 μὲν
414 1875 474 1922 εἰς
505 1874 851 1928 μεγαλοψυχίαν,
893 1877 937 1914 εἴ
968 1887 1054 1915 που
1093 1874 1264 1927 μνήμης
1304 1874 1507 1923 εἰσαῦθις

154 1943 194 1998 ἣ·
214 1944 321 1986 κατὰ
352 1945 400 1986 τὸ
432 1944 576 1999 παρὸν
609 1943 822 1998 εὐφημίας
855 1942 975 1993 ἐλπὶς
1004 1941 1199 1997 ἐμπέσοι·
1233 1944 1379 1998 (154)
1411 1952 1507 1994 ταῖς

156 2013 204 2057 δὲ
238 2014 454 2063 δαπάναις
484 2011 594 2068 ὑπὲρ
623 2014 813 2068 δύναμιν
840 2015 1064 2069 χρώμενος
1089 2014 1355 2068 ἠναγκάζετο
1381 2018 1505 2070 χαλε-

154 2087 235 2136 πὸς
265 2082 379 2127 εἶναι
411 2092 502 2134 τοῖς
540 2083 918 2139 ὑποτεταγμένοις.
979 2085 1031 2126 τὰ
1069 2085 1152 2139 γὰρ
1191 2086 1254 2134 εἰς
1291 2085 1369 2134 οὓς
1407 2084 1506 2126 ε’δα-

155 2156 272 2198 πάνα
309 2156 450 2197 πολλὰ
489 2157 743 2209 γιγνόμενα,
781 2156 918 2197 κακὸν
949 2155 1164 2210 ποριστὴν
1203 2154 1245 2206 ἐξ
1285 2152 1348 2197 ὧν
1382 2154 1507 2210 ἐλάμ-

156 2229 291 2282 βανεν
324 2225 478 2268 ἐποίει·
512 2225 659 2280 (155)
691 2223 762 2267 καὶ
790 2226 1004 2276 συνειδὼς
1030 2222 1100 2281 ἐφ’
1136 2221 1201 2276 οἷς
1233 2227 1374 2281 ἠδίκει
1405 2228 1507 2276 τοὺς

156 2295 532 2352 ὑποτεταγμένους
558 2296 828 2351 μισούμενον
855 2294 1028 2350 ἑαυτόν,
1053 2297 1101 2338 τὸ
1123 2293 1203 2350 μὲν
1231 2295 1506 2351 ἐπανορθοῦ-
