<?xml version="1.0" encoding="UTF-8"?>
<!DOCTYPE html PUBLIC "-//W3C//DTD XHTML 1.0 Transitional//EN"
    "http://www.w3.org/TR/xhtml1/DTD/xhtml1-transitional.dtd">
<html xmlns="http://www.w3.org/1999/xhtml" xml:lang="en" lang="en">
 <head>
  <title>
</title>
<meta http-equiv="Content-Type" content="text/html;charset=utf-8" />
  <meta name='ocr-system' content='tesseract 3.04.00' />
  <meta name='ocr-capabilities' content='ocr_page ocr_carea ocr_par ocr_line ocrx_word'/>
</head>
<body>
  <div class='ocr_page' id='page_1' title='image "./flaviiiosephiope04joseuoft_0357.png"; bbox 0 0 1732 2526; ppageno 0'>
   <div class='ocr_carea' id='block_1_1' title="bbox 679 70 1459 113">
    <p class='ocr_par' dir='ltr' id='par_1_1' title="bbox 679 70 1459 113">
     <span class='ocr_line' id='line_1_1' title="bbox 679 70 1459 113; baseline 0.001 -11"><span class='ocrx_word' id='word_1_1' title='bbox 679 70 894 104; x_wconf 77' lang='grc' dir='ltr'>ΕΙΚΟΣΤΗ</span> <span class='ocrx_word' id='word_1_2' title='bbox 1373 71 1459 113; x_wconf 85' lang='lat'><em>305</em></span> 
     </span>
    </p>
   </div>
   <div class='ocr_carea' id='block_1_2' title="bbox 52 176 1529 2351">
    <p class='ocr_par' dir='ltr' id='par_1_2' title="bbox 52 176 1529 2351">
     <span class='ocr_line' id='line_1_2' title="bbox 110 176 1461 235; baseline 0.001 -16"><span class='ocrx_word' id='word_1_3' title='bbox 110 183 246 232; x_wconf 85' lang='grc' dir='ltr'><em>μῆκος</em></span> <span class='ocrx_word' id='word_1_4' title='bbox 287 176 472 219; x_wconf 79' lang='grc' dir='ltr'><em>ἑκάστου</em></span> <span class='ocrx_word' id='word_1_5' title='bbox 514 180 646 220; x_wconf 81' lang='grc' dir='ltr'><em>λίθου</em></span> <span class='ocrx_word' id='word_1_6' title='bbox 678 178 827 231; x_wconf 85' lang='grc' dir='ltr'><em>πήχεις</em></span> <span class='ocrx_word' id='word_1_7' title='bbox 868 182 1026 231; x_wconf 83' lang='grc' dir='ltr'><em>εἴκοσι,</em></span> <span class='ocrx_word' id='word_1_8' title='bbox 1068 180 1115 220; x_wconf 91' lang='grc' dir='ltr'><em>τὸ</em></span> <span class='ocrx_word' id='word_1_9' title='bbox 1159 177 1201 220; x_wconf 79' lang='grc' dir='ltr'><em>δ’</em></span> <span class='ocrx_word' id='word_1_10' title='bbox 1240 179 1350 229; x_wconf 84' lang='grc' dir='ltr'><em>ὕψος</em></span> <span class='ocrx_word' id='word_1_11' title='bbox 1381 179 1461 235; x_wconf 75' lang='grc' dir='ltr'><em>ἒξ),</em></span> 
     </span>
     <span class='ocr_line' id='line_1_3' title="bbox 111 248 1459 304; baseline 0.001 -15"><span class='ocrx_word' id='word_1_12' title='bbox 111 249 241 302; x_wconf 79' lang='grc' dir='ltr'><em>ἔργον</em></span> <span class='ocrx_word' id='word_1_13' title='bbox 287 251 553 302; x_wconf 84' lang='grc' dir='ltr'><em>Σολομῶνος</em></span> <span class='ocrx_word' id='word_1_14' title='bbox 597 254 674 289; x_wconf 86' lang='grc' dir='ltr'><em>τοῦ</em></span> <span class='ocrx_word' id='word_1_15' title='bbox 718 248 930 301; x_wconf 87' lang='grc' dir='ltr'><em>βασιλέως</em></span> <span class='ocrx_word' id='word_1_16' title='bbox 973 250 1150 302; x_wconf 78' lang='grc' dir='ltr'><em>πρώτου</em></span> <span class='ocrx_word' id='word_1_17' title='bbox 1195 249 1459 304; x_wconf 78' lang='grc' dir='ltr'><em>δειμαμένου</em></span> 
     </span>
     <span class='ocr_line' id='line_1_4' title="bbox 109 318 1458 373; baseline 0.003 -14"><span class='ocrx_word' id='word_1_18' title='bbox 109 319 157 359; x_wconf 92' lang='grc' dir='ltr'><em>τὸ</em></span> <span class='ocrx_word' id='word_1_19' title='bbox 191 319 367 373; x_wconf 86' lang='grc' dir='ltr'><em>σύμπαν</em></span> <span class='ocrx_word' id='word_1_20' title='bbox 401 318 530 373; x_wconf 78' lang='grc' dir='ltr'><em>ἱερόν.</em></span> <span class='ocrx_word' id='word_1_21' title='bbox 595 319 740 371; x_wconf 79' lang='grc'>&lt;222&gt;</span> <span class='ocrx_word' id='word_1_22' title='bbox 780 318 802 360; x_wconf 89' lang='grc' dir='ltr'>ὁ</span> <span class='ocrx_word' id='word_1_23' title='bbox 841 320 1046 372; x_wconf 86' lang='grc' dir='ltr'><em>βασιλεὺς</em></span> <span class='ocrx_word' id='word_1_24' title='bbox 1078 318 1122 361; x_wconf 86' lang='grc' dir='ltr'><em>δ’</em></span> <span class='ocrx_word' id='word_1_25' title='bbox 1161 319 1458 363; x_wconf 64' lang='grc' dir='ltr'><em>(ἐπεπίστευτο</em></span> 
     </span>
     <span class='ocr_line' id='line_1_5' title="bbox 110 389 1459 447; baseline 0.003 -17"><span class='ocrx_word' id='word_1_26' title='bbox 110 389 192 442; x_wconf 86' lang='grc' dir='ltr'><em>γὰρ</em></span> <span class='ocrx_word' id='word_1_27' title='bbox 219 389 304 432; x_wconf 89' lang='grc' dir='ltr'><em>ὑπὸ</em></span> <span class='ocrx_word' id='word_1_28' title='bbox 330 390 558 431; x_wconf 81' lang='grc' dir='ltr'><em>Κλαυδίου</em></span> <span class='ocrx_word' id='word_1_29' title='bbox 583 391 807 442; x_wconf 88' lang='grc' dir='ltr'><em>Καίσαρος</em></span> <span class='ocrx_word' id='word_1_30' title='bbox 833 390 912 442; x_wconf 88' lang='grc' dir='ltr'><em>τὴν</em></span> <span class='ocrx_word' id='word_1_31' title='bbox 939 389 1186 444; x_wconf 85' lang='grc' dir='ltr'><em>ἐπιμέλειαν</em></span> <span class='ocrx_word' id='word_1_32' title='bbox 1212 397 1290 432; x_wconf 89' lang='grc' dir='ltr'><em>τοῦ</em></span> <span class='ocrx_word' id='word_1_33' title='bbox 1319 390 1459 447; x_wconf 75' lang='grc' dir='ltr'><em>ἱεροῦ)</em></span> 
     </span>
     <span class='ocr_line' id='line_1_6' title="bbox 73 457 1459 515; baseline 0 -12"><span class='ocrx_word' id='word_1_34' title='bbox 73 460 398 514; x_wconf 70' lang='grc' dir='ltr'><em>ὁλογισάμενος</em></span> <span class='ocrx_word' id='word_1_35' title='bbox 437 460 598 508; x_wconf 86' lang='grc' dir='ltr'><em>παντὸς</em></span> <span class='ocrx_word' id='word_1_36' title='bbox 638 457 719 513; x_wconf 77' lang='grc' dir='ltr'><em>μὲν</em></span> <span class='ocrx_word' id='word_1_37' title='bbox 760 461 891 512; x_wconf 83' lang='grc' dir='ltr'><em>ἔργου</em></span> <span class='ocrx_word' id='word_1_38' title='bbox 929 460 1009 513; x_wconf 84' lang='grc' dir='ltr'><em>τὴν</em></span> <span class='ocrx_word' id='word_1_39' title='bbox 1047 463 1307 515; x_wconf 77' lang='grc' dir='ltr'><em>καθαίρεσιν</em></span> <span class='ocrx_word' id='word_1_40' title='bbox 1346 459 1459 503; x_wconf 81' lang='grc' dir='ltr'><em>εἶναι</em></span> 
     </span>
     <span class='ocr_line' id='line_1_7' title="bbox 109 527 1460 586; baseline 0.001 -14"><span class='ocrx_word' id='word_1_41' title='bbox 109 529 285 586; x_wconf 79' lang='grc' dir='ltr'><em>ῥᾳδίαν,</em></span> <span class='ocrx_word' id='word_1_42' title='bbox 317 532 506 586; x_wconf 83' lang='grc' dir='ltr'><em>δυσχερῆ</em></span> <span class='ocrx_word' id='word_1_43' title='bbox 541 527 588 571; x_wconf 77' lang='grc' dir='ltr'><em>δὲ</em></span> <span class='ocrx_word' id='word_1_44' title='bbox 620 530 700 583; x_wconf 86' lang='grc' dir='ltr'><em>τὴν</em></span> <span class='ocrx_word' id='word_1_45' title='bbox 731 532 1018 584; x_wconf 85' lang='grc' dir='ltr'><em>κατασκευήν,</em></span> <span class='ocrx_word' id='word_1_46' title='bbox 1052 529 1121 572; x_wconf 83' lang='grc' dir='ltr'><em>ε’πὶ</em></span> <span class='ocrx_word' id='word_1_47' title='bbox 1154 530 1201 572; x_wconf 78' lang='grc' dir='ltr'><em>δὲ</em></span> <span class='ocrx_word' id='word_1_48' title='bbox 1232 538 1306 585; x_wconf 82' lang='grc' dir='ltr'><em>τῆς</em></span> <span class='ocrx_word' id='word_1_49' title='bbox 1333 538 1460 581; x_wconf 81' lang='grc' dir='ltr'><em>στοᾶς</em></span> 
     </span>
     <span class='ocr_line' id='line_1_8' title="bbox 107 599 1460 657; baseline 0.001 -15"><span class='ocrx_word' id='word_1_50' title='bbox 107 601 284 654; x_wconf 35' lang='grc' dir='ltr'><em>ταύτης,</em></span> <span class='ocrx_word' id='word_1_51' title='bbox 307 599 379 642; x_wconf 84' lang='grc' dir='ltr'><em>καὶ</em></span> <span class='ocrx_word' id='word_1_52' title='bbox 419 604 587 655; x_wconf 85' lang='grc' dir='ltr'><em>μᾶλλον</em></span> <span class='ocrx_word' id='word_1_53' title='bbox 619 600 801 655; x_wconf 86' lang='grc' dir='ltr'><em>(χρόνου</em></span> <span class='ocrx_word' id='word_1_54' title='bbox 839 616 882 642; x_wconf 90' lang='grc' dir='ltr'><em>τε</em></span> <span class='ocrx_word' id='word_1_55' title='bbox 916 601 999 654; x_wconf 83' lang='grc' dir='ltr'><em>γὰρ</em></span> <span class='ocrx_word' id='word_1_56' title='bbox 1038 600 1109 642; x_wconf 83' lang='grc' dir='ltr'><em>καὶ</em></span> <span class='ocrx_word' id='word_1_57' title='bbox 1148 605 1325 644; x_wconf 80' lang='grc' dir='ltr'><em>πολλῶν</em></span> <span class='ocrx_word' id='word_1_58' title='bbox 1357 619 1460 657; x_wconf 89' lang='grc' dir='ltr'><em>χρη-</em></span> 
     </span>
     <span class='ocr_line' id='line_1_9' title="bbox 107 667 1460 725; baseline 0.001 -13"><span class='ocrx_word' id='word_1_59' title='bbox 107 671 257 724; x_wconf 83' lang='grc' dir='ltr'><em>μάτων</em></span> <span class='ocrx_word' id='word_1_60' title='bbox 288 673 351 721; x_wconf 80' lang='grc' dir='ltr'><em>εἰς</em></span> <span class='ocrx_word' id='word_1_61' title='bbox 382 667 571 724; x_wconf 77' lang='grc' dir='ltr'><em>τοῦργον</em></span> <span class='ocrx_word' id='word_1_62' title='bbox 604 669 819 725; x_wconf 75' lang='grc' dir='ltr'><em>δεήσειν),</em></span> <span class='ocrx_word' id='word_1_63' title='bbox 860 671 1079 725; x_wconf 79' lang='grc' dir='ltr'><em>ἠρνήσατο</em></span> <span class='ocrx_word' id='word_1_64' title='bbox 1119 669 1198 725; x_wconf 75' lang='grc' dir='ltr'><em>μὲν</em></span> <span class='ocrx_word' id='word_1_65' title='bbox 1229 671 1328 725; x_wconf 81' lang='grc' dir='ltr'><em>περὶ</em></span> <span class='ocrx_word' id='word_1_66' title='bbox 1362 675 1460 715; x_wconf 67' lang='grc' dir='ltr'><em>τού-</em></span> 
     </span>
     <span class='ocr_line' id='line_1_10' title="bbox 106 739 1459 799; baseline 0.001 -16"><span class='ocrx_word' id='word_1_67' title='bbox 106 757 186 783; x_wconf 83' lang='grc' dir='ltr'><em>του</em></span> <span class='ocrx_word' id='word_1_68' title='bbox 219 741 459 796; x_wconf 75' lang='grc' dir='ltr'><em>δεομένοις,</em></span> <span class='ocrx_word' id='word_1_69' title='bbox 490 740 805 796; x_wconf 82' lang='grc' dir='ltr'><em>καταστορέσαι</em></span> <span class='ocrx_word' id='word_1_70' title='bbox 838 739 886 782; x_wconf 76' lang='grc' dir='ltr'><em>δὲ</em></span> <span class='ocrx_word' id='word_1_71' title='bbox 913 745 1053 798; x_wconf 82' lang='grc' dir='ltr'><em>λευκῷ</em></span> <span class='ocrx_word' id='word_1_72' title='bbox 1081 744 1195 799; x_wconf 81' lang='grc' dir='ltr'><em>λίθῳ</em></span> <span class='ocrx_word' id='word_1_73' title='bbox 1222 744 1303 797; x_wconf 90' lang='grc' dir='ltr'><em>τὴν</em></span> <span class='ocrx_word' id='word_1_74' title='bbox 1329 746 1459 785; x_wconf 87' lang='grc' dir='ltr'><em>πόλιν</em></span> 
     </span>
     <span class='ocr_line' id='line_1_11' title="bbox 55 809 1458 867; baseline 0.001 -13"><span class='ocrx_word' id='word_1_75' title='bbox 55 829 88 854; x_wconf 89' lang='lat'><em>10</em></span> <span class='ocrx_word' id='word_1_76' title='bbox 107 811 189 853; x_wconf 87' lang='grc' dir='ltr'><em>οὐκ</em></span> <span class='ocrx_word' id='word_1_77' title='bbox 229 811 460 854; x_wconf 83' lang='grc' dir='ltr'><em>ἐκώλυσεν.</em></span> <span class='ocrx_word' id='word_1_78' title='bbox 522 812 677 865; x_wconf 75' lang='grc'>&lt;223&gt;</span> <span class='ocrx_word' id='word_1_79' title='bbox 707 809 879 865; x_wconf 84' lang='grc' dir='ltr'><em>Ἰησοῦν</em></span> <span class='ocrx_word' id='word_1_80' title='bbox 920 809 968 853; x_wconf 76' lang='grc' dir='ltr'><em>δὲ</em></span> <span class='ocrx_word' id='word_1_81' title='bbox 1006 814 1083 854; x_wconf 90' lang='grc' dir='ltr'><em>τὸν</em></span> <span class='ocrx_word' id='word_1_82' title='bbox 1121 819 1199 855; x_wconf 89' lang='grc' dir='ltr'><em>τοῦ</em></span> <span class='ocrx_word' id='word_1_83' title='bbox 1232 815 1458 867; x_wconf 83' lang='grc' dir='ltr'><em>Γαμαλιὴλ</em></span> 
     </span>
     <span class='ocr_line' id='line_1_12' title="bbox 106 882 1460 940; baseline 0.001 -16"><span class='ocrx_word' id='word_1_84' title='bbox 106 883 187 936; x_wconf 83' lang='grc' dir='ltr'><em>τὴν</em></span> <span class='ocrx_word' id='word_1_85' title='bbox 220 882 552 939; x_wconf 78' lang='grc' dir='ltr'><em>ἀρχιερωσύνην</em></span> <span class='ocrx_word' id='word_1_86' title='bbox 585 882 871 937; x_wconf 86' lang='grc' dir='ltr'><em>ἀφελόμενος,</em></span> <span class='ocrx_word' id='word_1_87' title='bbox 905 884 1068 924; x_wconf 81' lang='grc' dir='ltr'><em>ἔδωκεν</em></span> <span class='ocrx_word' id='word_1_88' title='bbox 1102 883 1241 937; x_wconf 84' lang='grc' dir='ltr'><em>αὐτὴν</em></span> <span class='ocrx_word' id='word_1_89' title='bbox 1273 887 1460 940; x_wconf 79' lang='grc' dir='ltr'><em>Ματθία</em></span> 
     </span>
     <span class='ocr_line' id='line_1_13' title="bbox 106 952 1460 1009; baseline 0.001 -15"><span class='ocrx_word' id='word_1_90' title='bbox 106 958 164 1008; x_wconf 77' lang='grc' dir='ltr'><em>τῷ</em></span> <span class='ocrx_word' id='word_1_91' title='bbox 201 955 442 1009; x_wconf 81' lang='grc' dir='ltr'><em>Θεοφίλου,</em></span> <span class='ocrx_word' id='word_1_92' title='bbox 480 952 581 995; x_wconf 86' lang='grc' dir='ltr'><em>καθ’</em></span> <span class='ocrx_word' id='word_1_93' title='bbox 621 953 673 995; x_wconf 88' lang='grc' dir='ltr'><em>ὃν</em></span> <span class='ocrx_word' id='word_1_94' title='bbox 704 952 775 994; x_wconf 83' lang='grc' dir='ltr'><em>καὶ</em></span> <span class='ocrx_word' id='word_1_95' title='bbox 814 953 836 995; x_wconf 88' lang='grc' dir='ltr'>ὁ</span> <span class='ocrx_word' id='word_1_96' title='bbox 870 954 978 1008; x_wconf 86' lang='grc' dir='ltr'><em>πρὸς</em></span> <span class='ocrx_word' id='word_1_97' title='bbox 1003 952 1241 1007; x_wconf 88' lang='grc' dir='ltr'><em>Ῥωμαίους</em></span> <span class='ocrx_word' id='word_1_98' title='bbox 1271 957 1460 1009; x_wconf 83' lang='grc' dir='ltr'><em>πόλεμος</em></span> 
     </span>
     <span class='ocr_line' id='line_1_14' title="bbox 103 1021 789 1079; baseline 0 -15"><span class='ocrx_word' id='word_1_99' title='bbox 103 1021 333 1074; x_wconf 79' lang='grc' dir='ltr'><em>Ἰουδαίοις</em></span> <span class='ocrx_word' id='word_1_100' title='bbox 367 1026 492 1079; x_wconf 83' lang='grc' dir='ltr'><em>ἔλαβε</em></span> <span class='ocrx_word' id='word_1_101' title='bbox 525 1026 604 1079; x_wconf 89' lang='grc' dir='ltr'><em>τὴν</em></span> <span class='ocrx_word' id='word_1_102' title='bbox 638 1023 789 1079; x_wconf 87' lang='grc' dir='ltr'><em>ἀρχήν.</em></span> 
     </span>
     <span class='ocr_line' id='line_1_15' title="bbox 195 1092 1529 1150; baseline 0.001 -14"><span class='ocrx_word' id='word_1_103' title='bbox 195 1095 340 1148; x_wconf 74' lang='grc'>&lt;224&gt;</span> <span class='ocrx_word' id='word_1_104' title='bbox 379 1095 620 1148; x_wconf 83' lang='grc' dir='ltr'><em>ἀναγκαῖον</em></span> <span class='ocrx_word' id='word_1_105' title='bbox 661 1093 703 1136; x_wconf 69' lang='grc' dir='ltr'><em>δ’</em></span> <span class='ocrx_word' id='word_1_106' title='bbox 748 1092 861 1136; x_wconf 82' lang='grc' dir='ltr'><em>εἶναι</em></span> <span class='ocrx_word' id='word_1_107' title='bbox 898 1096 1060 1148; x_wconf 83' lang='grc' dir='ltr'><em>νομίζω</em></span> <span class='ocrx_word' id='word_1_108' title='bbox 1099 1093 1171 1136; x_wconf 82' lang='grc' dir='ltr'><em>καὶ</em></span> <span class='ocrx_word' id='word_1_109' title='bbox 1203 1101 1253 1149; x_wconf 72' lang='grc' dir='ltr'><em>τῇ</em></span> <span class='ocrx_word' id='word_1_110' title='bbox 1289 1095 1458 1150; x_wconf 75' lang='grc' dir='ltr'><em>ἱστορία</em></span> <span class='ocrx_word' id='word_1_111' title='bbox 1475 1096 1529 1137; x_wconf 89' lang='grc'><em>10</em></span> 
     </span>
     <span class='ocr_line' id='line_1_16' title="bbox 53 1163 1460 1221; baseline 0 -15"><span class='ocrx_word' id='word_1_112' title='bbox 53 1181 85 1207; x_wconf 88' lang='lat'><em>15</em></span> <span class='ocrx_word' id='word_1_113' title='bbox 105 1165 240 1221; x_wconf 82' lang='grc' dir='ltr'><em>ταύτῃ</em></span> <span class='ocrx_word' id='word_1_114' title='bbox 266 1171 489 1220; x_wconf 85' lang='grc' dir='ltr'><em>προσῆκον</em></span> <span class='ocrx_word' id='word_1_115' title='bbox 518 1167 813 1219; x_wconf 80' lang='grc' dir='ltr'><em>διηγήσασθαι</em></span> <span class='ocrx_word' id='word_1_116' title='bbox 839 1163 938 1218; x_wconf 82' lang='grc' dir='ltr'><em>περὶ</em></span> <span class='ocrx_word' id='word_1_117' title='bbox 964 1171 1052 1205; x_wconf 90' lang='grc' dir='ltr'><em>τῶν</em></span> <span class='ocrx_word' id='word_1_118' title='bbox 1082 1163 1334 1219; x_wconf 87' lang='grc' dir='ltr'><em>ἀρχιερέων,</em></span> <span class='ocrx_word' id='word_1_119' title='bbox 1367 1173 1460 1215; x_wconf 85' lang='grc' dir='ltr'><em>πῶς</em></span> 
     </span>
     <span class='ocr_line' id='line_1_17' title="bbox 105 1233 1459 1290; baseline 0 -13"><span class='ocrx_word' id='word_1_120' title='bbox 105 1233 140 1276; x_wconf 86' lang='grc' dir='ltr'><em>τ’</em></span> <span class='ocrx_word' id='word_1_121' title='bbox 178 1234 387 1290; x_wconf 78' lang='grc' dir='ltr'><em>ἤρξαντο,</em></span> <span class='ocrx_word' id='word_1_122' title='bbox 424 1233 496 1277; x_wconf 84' lang='grc' dir='ltr'><em>καὶ</em></span> <span class='ocrx_word' id='word_1_123' title='bbox 533 1237 649 1276; x_wconf 90' lang='grc' dir='ltr'><em>τίσιν</em></span> <span class='ocrx_word' id='word_1_124' title='bbox 687 1234 825 1285; x_wconf 79' lang='grc' dir='ltr'><em>ἔξεστι</em></span> <span class='ocrx_word' id='word_1_125' title='bbox 862 1240 938 1287; x_wconf 80' lang='grc' dir='ltr'><em>τῆς</em></span> <span class='ocrx_word' id='word_1_126' title='bbox 974 1240 1099 1288; x_wconf 85' lang='grc' dir='ltr'><em>τιμῆς</em></span> <span class='ocrx_word' id='word_1_127' title='bbox 1135 1235 1294 1289; x_wconf 90' lang='grc' dir='ltr'><em>ταύτης</em></span> <span class='ocrx_word' id='word_1_128' title='bbox 1334 1251 1459 1289; x_wconf 86' lang='grc' dir='ltr'><em>μετα-</em></span> 
     </span>
     <span class='ocr_line' id='line_1_18' title="bbox 106 1304 1457 1360; baseline 0.001 -13"><span class='ocrx_word' id='word_1_129' title='bbox 106 1306 363 1360; x_wconf 77' lang='grc' dir='ltr'><em>λαμβάνειν,</em></span> <span class='ocrx_word' id='word_1_130' title='bbox 393 1305 466 1347; x_wconf 85' lang='grc' dir='ltr'><em>καὶ</em></span> <span class='ocrx_word' id='word_1_131' title='bbox 496 1308 626 1348; x_wconf 92' lang='grc' dir='ltr'><em>πόσοι</em></span> <span class='ocrx_word' id='word_1_132' title='bbox 657 1307 864 1359; x_wconf 86' lang='grc' dir='ltr'><em>γεγόνασι</em></span> <span class='ocrx_word' id='word_1_133' title='bbox 895 1304 1020 1359; x_wconf 90' lang='grc' dir='ltr'><em>μέχρι</em></span> <span class='ocrx_word' id='word_1_134' title='bbox 1052 1311 1126 1358; x_wconf 82' lang='grc' dir='ltr'><em>τῆς</em></span> <span class='ocrx_word' id='word_1_135' title='bbox 1157 1311 1238 1347; x_wconf 89' lang='grc' dir='ltr'><em>τοῦ</em></span> <span class='ocrx_word' id='word_1_136' title='bbox 1263 1305 1457 1360; x_wconf 89' lang='grc' dir='ltr'><em>πολέμου</em></span> 
     </span>
     <span class='ocr_line' id='line_1_19' title="bbox 105 1372 1458 1431; baseline 0.001 -14"><span class='ocrx_word' id='word_1_137' title='bbox 105 1379 316 1430; x_wconf 78' lang='grc' dir='ltr'><em>τελευτῆς.</em></span> <span class='ocrx_word' id='word_1_138' title='bbox 379 1377 536 1431; x_wconf 73' lang='lat'>(225)</span> <span class='ocrx_word' id='word_1_139' title='bbox 581 1383 755 1431; x_wconf 85' lang='grc' dir='ltr'><em>πρῶτον</em></span> <span class='ocrx_word' id='word_1_140' title='bbox 797 1373 877 1429; x_wconf 77' lang='grc' dir='ltr'><em>μὲν</em></span> <span class='ocrx_word' id='word_1_141' title='bbox 916 1372 998 1417; x_wconf 83' lang='grc' dir='ltr'><em>οὗν</em></span> <span class='ocrx_word' id='word_1_142' title='bbox 1036 1376 1213 1417; x_wconf 77' lang='grc' dir='ltr'><em>πάντων</em></span> <span class='ocrx_word' id='word_1_143' title='bbox 1251 1375 1458 1430; x_wconf 88' lang='grc' dir='ltr'><em>λέγουσιν</em></span> 
     </span>
     <span class='ocr_line' id='line_1_20' title="bbox 101 1445 1457 1504; baseline 0.001 -17"><span class='ocrx_word' id='word_1_144' title='bbox 101 1445 298 1501; x_wconf 82' lang='grc' dir='ltr'><em>Ἀαρῶνα</em></span> <span class='ocrx_word' id='word_1_145' title='bbox 329 1449 407 1489; x_wconf 91' lang='grc' dir='ltr'><em>τὸν</em></span> <span class='ocrx_word' id='word_1_146' title='bbox 431 1445 650 1496; x_wconf 84' lang='grc' dir='ltr'><em>Μωυσέος</em></span> <span class='ocrx_word' id='word_1_147' title='bbox 676 1445 871 1500; x_wconf 82' lang='grc' dir='ltr'><em>ἀδελφὸν</em></span> <span class='ocrx_word' id='word_1_148' title='bbox 897 1445 1227 1500; x_wconf 84' lang='grc' dir='ltr'><em>ἀρχιερατεῦσαι</em></span> <span class='ocrx_word' id='word_1_149' title='bbox 1260 1453 1318 1503; x_wconf 79' lang='grc' dir='ltr'><em>τῷ</em></span> <span class='ocrx_word' id='word_1_150' title='bbox 1352 1451 1457 1504; x_wconf 76' lang='grc' dir='ltr'><em>θεῷ,</em></span> 
     </span>
     <span class='ocr_line' id='line_1_21' title="bbox 53 1515 1458 1572; baseline 0 -12"><span class='ocrx_word' id='word_1_151' title='bbox 53 1535 86 1560; x_wconf 81' lang='lat'><em>20</em></span> <span class='ocrx_word' id='word_1_152' title='bbox 105 1520 443 1572; x_wconf 86' lang='grc' dir='ltr'><em>τελευτήσαντος</em></span> <span class='ocrx_word' id='word_1_153' title='bbox 476 1516 514 1559; x_wconf 86' lang='grc' dir='ltr'><em>δ’</em></span> <span class='ocrx_word' id='word_1_154' title='bbox 549 1517 718 1559; x_wconf 82' lang='grc' dir='ltr'><em>ἐκείνου</em></span> <span class='ocrx_word' id='word_1_155' title='bbox 752 1515 1039 1566; x_wconf 82' lang='grc' dir='ltr'><em>διαδέξασθαι</em></span> <span class='ocrx_word' id='word_1_156' title='bbox 1065 1518 1167 1566; x_wconf 88' lang='grc' dir='ltr'><em>τοὺς</em></span> <span class='ocrx_word' id='word_1_157' title='bbox 1197 1519 1356 1567; x_wconf 79' lang='grc' dir='ltr'><em>παῖδας</em></span> <span class='ocrx_word' id='word_1_158' title='bbox 1387 1518 1458 1560; x_wconf 83' lang='grc' dir='ltr'><em>εὑ-</em></span> 
     </span>
     <span class='ocr_line' id='line_1_22' title="bbox 104 1586 1458 1643; baseline 0 -13"><span class='ocrx_word' id='word_1_159' title='bbox 104 1588 213 1643; x_wconf 88' lang='grc' dir='ltr'><em>θύς,</em></span> <span class='ocrx_word' id='word_1_160' title='bbox 244 1586 343 1630; x_wconf 84' lang='grc' dir='ltr'><em>κάπ’</em></span> <span class='ocrx_word' id='word_1_161' title='bbox 381 1588 563 1630; x_wconf 84' lang='grc' dir='ltr'><em>ἐκείνων</em></span> <span class='ocrx_word' id='word_1_162' title='bbox 594 1595 685 1638; x_wconf 83' lang='grc' dir='ltr'><em>τοῖς</em></span> <span class='ocrx_word' id='word_1_163' title='bbox 718 1588 916 1641; x_wconf 77' lang='grc' dir='ltr'><em>ἐκγόνοις</em></span> <span class='ocrx_word' id='word_1_164' title='bbox 948 1587 1092 1628; x_wconf 87' lang='grc' dir='ltr'><em>αὐτῶν</em></span> <span class='ocrx_word' id='word_1_165' title='bbox 1126 1588 1346 1641; x_wconf 79' lang='grc' dir='ltr'><em>διαμεῖναι</em></span> <span class='ocrx_word' id='word_1_166' title='bbox 1378 1589 1458 1642; x_wconf 89' lang='grc' dir='ltr'><em>τὴν</em></span> 
     </span>
     <span class='ocr_line' id='line_1_23' title="bbox 105 1656 1458 1713; baseline 0.001 -14"><span class='ocrx_word' id='word_1_167' title='bbox 105 1659 235 1712; x_wconf 88' lang='grc' dir='ltr'><em>τιμὴν</em></span> <span class='ocrx_word' id='word_1_168' title='bbox 267 1660 441 1701; x_wconf 81' lang='grc' dir='ltr'><em>ἅπασιν.</em></span> <span class='ocrx_word' id='word_1_169' title='bbox 503 1659 648 1713; x_wconf 77' lang='grc'>&lt;226&gt;</span> <span class='ocrx_word' id='word_1_170' title='bbox 690 1658 799 1700; x_wconf 84' lang='grc' dir='ltr'><em>ὅθεν</em></span> <span class='ocrx_word' id='word_1_171' title='bbox 838 1656 908 1699; x_wconf 86' lang='grc' dir='ltr'><em>καὶ</em></span> <span class='ocrx_word' id='word_1_172' title='bbox 947 1658 1131 1713; x_wconf 73' lang='grc' dir='ltr'><em>πάτριόν</em></span> <span class='ocrx_word' id='word_1_173' title='bbox 1171 1657 1258 1699; x_wconf 84' lang='grc' dir='ltr'><em>ἐστι</em></span> <span class='ocrx_word' id='word_1_174' title='bbox 1291 1659 1458 1712; x_wconf 82' lang='grc' dir='ltr'><em>μηδένα</em></span> 
     </span>
     <span class='ocr_line' id='line_1_24' title="bbox 105 1728 1457 1785; baseline 0 -15"><span class='ocrx_word' id='word_1_175' title='bbox 105 1734 184 1770; x_wconf 88' lang='grc' dir='ltr'><em>τοῦ</em></span> <span class='ocrx_word' id='word_1_176' title='bbox 216 1733 328 1772; x_wconf 87' lang='grc' dir='ltr'><em>θεοῦ</em></span> <span class='ocrx_word' id='word_1_177' title='bbox 358 1731 439 1784; x_wconf 85' lang='grc' dir='ltr'><em>τὴν</em></span> <span class='ocrx_word' id='word_1_178' title='bbox 466 1729 796 1785; x_wconf 81' lang='grc' dir='ltr'><em>ἀρχιερωσύνην</em></span> <span class='ocrx_word' id='word_1_179' title='bbox 823 1729 1063 1783; x_wconf 76' lang='grc' dir='ltr'><em>λαμβάνειν</em></span> <span class='ocrx_word' id='word_1_180' title='bbox 1096 1728 1121 1782; x_wconf 82' lang='grc' dir='ltr'><em>ἣ</em></span> <span class='ocrx_word' id='word_1_181' title='bbox 1154 1729 1231 1770; x_wconf 92' lang='grc' dir='ltr'><em>τὸν</em></span> <span class='ocrx_word' id='word_1_182' title='bbox 1261 1728 1304 1778; x_wconf 78' lang='grc' dir='ltr'><em>ἐξ</em></span> <span class='ocrx_word' id='word_1_183' title='bbox 1332 1729 1457 1783; x_wconf 83' lang='grc' dir='ltr'><em>αἵμα-</em></span> 
     </span>
     <span class='ocr_line' id='line_1_25' title="bbox 104 1797 1457 1855; baseline 0 -15"><span class='ocrx_word' id='word_1_184' title='bbox 104 1814 178 1848; x_wconf 86' lang='grc' dir='ltr'><em>τος</em></span> <span class='ocrx_word' id='word_1_185' title='bbox 209 1806 288 1842; x_wconf 91' lang='grc' dir='ltr'><em>τοῦ</em></span> <span class='ocrx_word' id='word_1_186' title='bbox 314 1798 554 1855; x_wconf 84' lang='grc' dir='ltr'><em>Ἀαρῶνος,</em></span> <span class='ocrx_word' id='word_1_187' title='bbox 596 1798 745 1854; x_wconf 84' lang='grc' dir='ltr'><em>ἑτέρου</em></span> <span class='ocrx_word' id='word_1_188' title='bbox 785 1798 837 1841; x_wconf 86' lang='grc' dir='ltr'><em>δέ</em></span> <span class='ocrx_word' id='word_1_189' title='bbox 870 1815 936 1848; x_wconf 89' lang='grc' dir='ltr'><em>τις</em></span> <span class='ocrx_word' id='word_1_190' title='bbox 968 1797 1124 1852; x_wconf 87' lang='grc' dir='ltr'><em>γένους</em></span> <span class='ocrx_word' id='word_1_191' title='bbox 1161 1797 1257 1840; x_wconf 82' lang='grc' dir='ltr'><em>οὐδ’</em></span> <span class='ocrx_word' id='word_1_192' title='bbox 1295 1798 1349 1840; x_wconf 80' lang='grc' dir='ltr'><em>ἂν</em></span> <span class='ocrx_word' id='word_1_193' title='bbox 1381 1802 1457 1853; x_wconf 84' lang='grc' dir='ltr'><em>βα-</em></span> 
     </span>
     <span class='ocr_line' id='line_1_26' title="bbox 52 1869 1457 1926; baseline -0.001 -14"><span class='ocrx_word' id='word_1_194' title='bbox 52 1886 86 1912; x_wconf 80' lang='lat'><em>25</em></span> <span class='ocrx_word' id='word_1_195' title='bbox 106 1872 253 1920; x_wconf 85' lang='grc' dir='ltr'><em>σιλεὺς</em></span> <span class='ocrx_word' id='word_1_196' title='bbox 294 1871 355 1912; x_wconf 79' lang='grc' dir='ltr'><em>ὢν</em></span> <span class='ocrx_word' id='word_1_197' title='bbox 392 1871 522 1926; x_wconf 84' lang='grc' dir='ltr'><em>τύχῃ,</em></span> <span class='ocrx_word' id='word_1_198' title='bbox 561 1870 754 1921; x_wconf 82' lang='grc' dir='ltr'><em>τεύξεται</em></span> <span class='ocrx_word' id='word_1_199' title='bbox 791 1876 866 1923; x_wconf 85' lang='grc' dir='ltr'><em>τῆς</em></span> <span class='ocrx_word' id='word_1_200' title='bbox 904 1869 1240 1923; x_wconf 81' lang='grc' dir='ltr'><em>ἀρχιερωσύνης.</em></span> <span class='ocrx_word' id='word_1_201' title='bbox 1302 1869 1457 1923; x_wconf 76' lang='lat'>&lt;227&gt;</span> 
     </span>
     <span class='ocr_line' id='line_1_27' title="bbox 105 1937 1456 1995; baseline 0 -13"><span class='ocrx_word' id='word_1_202' title='bbox 105 1939 309 1994; x_wconf 83' lang='grc' dir='ltr'><em>ἐγένοντο</em></span> <span class='ocrx_word' id='word_1_203' title='bbox 349 1937 430 1983; x_wconf 82' lang='grc' dir='ltr'><em>οὖν</em></span> <span class='ocrx_word' id='word_1_204' title='bbox 467 1941 627 1990; x_wconf 81' lang='grc' dir='ltr'><em>πάντες</em></span> <span class='ocrx_word' id='word_1_205' title='bbox 663 1942 741 1982; x_wconf 91' lang='grc' dir='ltr'><em>τὸν</em></span> <span class='ocrx_word' id='word_1_206' title='bbox 780 1940 973 1995; x_wconf 88' lang='grc' dir='ltr'><em>ἀριθμὸν</em></span> <span class='ocrx_word' id='word_1_207' title='bbox 1006 1938 1090 1982; x_wconf 87' lang='grc' dir='ltr'><em>ἀπὸ</em></span> <span class='ocrx_word' id='word_1_208' title='bbox 1117 1937 1356 1993; x_wconf 64' lang='grc' dir='ltr'><em>Ἀαρῶνος,</em></span> <span class='ocrx_word' id='word_1_209' title='bbox 1399 1940 1456 1990; x_wconf 82' lang='grc' dir='ltr'><em>ὡς</em></span> 
     </span>
     <span class='ocr_line' id='line_1_28' title="bbox 106 2009 1455 2066; baseline 0.001 -14"><span class='ocrx_word' id='word_1_210' title='bbox 106 2012 294 2066; x_wconf 81' lang='grc' dir='ltr'><em>ἔφαμεν,</em></span> <span class='ocrx_word' id='word_1_211' title='bbox 337 2018 416 2054; x_wconf 88' lang='grc' dir='ltr'><em>τοῦ</em></span> <span class='ocrx_word' id='word_1_212' title='bbox 455 2012 631 2065; x_wconf 84' lang='grc' dir='ltr'><em>πρώτου</em></span> <span class='ocrx_word' id='word_1_213' title='bbox 673 2009 914 2065; x_wconf 75' lang='grc' dir='ltr'><em>γενομένου</em></span> <span class='ocrx_word' id='word_1_214' title='bbox 955 2009 1079 2065; x_wconf 86' lang='grc' dir='ltr'><em>μέχρι</em></span> <span class='ocrx_word' id='word_1_215' title='bbox 1119 2009 1336 2052; x_wconf 85' lang='grc' dir='ltr'><em>Φινεέσου</em></span> <span class='ocrx_word' id='word_1_216' title='bbox 1376 2017 1455 2053; x_wconf 91' lang='grc' dir='ltr'><em>τοῦ</em></span> 
     </span>
     <span class='ocr_line' id='line_1_29' title="bbox 104 2080 1455 2137; baseline -0.001 -14"><span class='ocrx_word' id='word_1_217' title='bbox 104 2082 212 2123; x_wconf 87' lang='grc' dir='ltr'><em>κατὰ</em></span> <span class='ocrx_word' id='word_1_218' title='bbox 244 2084 322 2124; x_wconf 92' lang='grc' dir='ltr'><em>τὸν</em></span> <span class='ocrx_word' id='word_1_219' title='bbox 353 2084 547 2137; x_wconf 89' lang='grc' dir='ltr'><em>πόλεμον</em></span> <span class='ocrx_word' id='word_1_220' title='bbox 578 2083 663 2124; x_wconf 89' lang='grc' dir='ltr'><em>ὑπὸ</em></span> <span class='ocrx_word' id='word_1_221' title='bbox 696 2089 784 2123; x_wconf 90' lang='grc' dir='ltr'><em>τῶν</em></span> <span class='ocrx_word' id='word_1_222' title='bbox 810 2081 1140 2123; x_wconf 81' lang='grc' dir='ltr'><em>στασιασάντων</em></span> <span class='ocrx_word' id='word_1_223' title='bbox 1167 2080 1455 2136; x_wconf 87' lang='grc' dir='ltr'><em>ἀναδειχθέν-</em></span> 
     </span>
     <span class='ocr_line' id='line_1_30' title="bbox 104 2151 1457 2208; baseline -0.001 -13"><span class='ocrx_word' id='word_1_224' title='bbox 104 2167 178 2203; x_wconf 91' lang='grc' dir='ltr'><em>τος</em></span> <span class='ocrx_word' id='word_1_225' title='bbox 216 2152 449 2208; x_wconf 83' lang='grc' dir='ltr'><em>ἀρχιερέως</em></span> <span class='ocrx_word' id='word_1_226' title='bbox 485 2161 600 2208; x_wconf 83' lang='grc' dir='ltr'><em>τρεῖς</em></span> <span class='ocrx_word' id='word_1_227' title='bbox 640 2152 711 2194; x_wconf 84' lang='grc' dir='ltr'><em>καὶ</em></span> <span class='ocrx_word' id='word_1_228' title='bbox 744 2152 1028 2207; x_wconf 86' lang='grc' dir='ltr'><em>ὀγδοήκοντα.</em></span> <span class='ocrx_word' id='word_1_229' title='bbox 1091 2152 1235 2205; x_wconf 72' lang='grc'>&lt;228&gt;</span> <span class='ocrx_word' id='word_1_230' title='bbox 1274 2151 1320 2193; x_wconf 84' lang='grc' dir='ltr'><em>ἐκ</em></span> <span class='ocrx_word' id='word_1_231' title='bbox 1358 2152 1457 2194; x_wconf 89' lang='grc' dir='ltr'><em>τού-</em></span> 
     </span>
     <span class='ocr_line' id='line_1_31' title="bbox 52 2221 1458 2279; baseline -0.001 -15"><span class='ocrx_word' id='word_1_232' title='bbox 52 2238 87 2264; x_wconf 81' lang='lat'><em>30</em></span> <span class='ocrx_word' id='word_1_233' title='bbox 105 2239 194 2266; x_wconf 90' lang='grc' dir='ltr'><em>των</em></span> <span class='ocrx_word' id='word_1_234' title='bbox 225 2225 332 2266; x_wconf 82' lang='grc' dir='ltr'><em>κατὰ</em></span> <span class='ocrx_word' id='word_1_235' title='bbox 363 2226 444 2278; x_wconf 89' lang='grc' dir='ltr'><em>τὴν</em></span> <span class='ocrx_word' id='word_1_236' title='bbox 484 2225 647 2279; x_wconf 82' lang='grc' dir='ltr'><em>ἔρημον</em></span> <span class='ocrx_word' id='word_1_237' title='bbox 684 2222 769 2266; x_wconf 82' lang='grc' dir='ltr'><em>ἀπὸ</em></span> <span class='ocrx_word' id='word_1_238' title='bbox 810 2230 898 2265; x_wconf 88' lang='grc' dir='ltr'><em>τῶν</em></span> <span class='ocrx_word' id='word_1_239' title='bbox 928 2221 1147 2272; x_wconf 87' lang='grc' dir='ltr'><em>Μωυσέος</em></span> <span class='ocrx_word' id='word_1_240' title='bbox 1177 2224 1352 2277; x_wconf 89' lang='grc' dir='ltr'><em>χρόνων</em></span> <span class='ocrx_word' id='word_1_241' title='bbox 1383 2229 1458 2277; x_wconf 85' lang='grc' dir='ltr'><em>τῆς</em></span> 
     </span>
     <span class='ocr_line' id='line_1_32' title="bbox 108 2293 1455 2351; baseline -0.001 -15"><span class='ocrx_word' id='word_1_242' title='bbox 108 2301 269 2349; x_wconf 81' lang='grc' dir='ltr'><em>σκηνῆς</em></span> <span class='ocrx_word' id='word_1_243' title='bbox 313 2293 524 2349; x_wconf 84' lang='grc' dir='ltr'><em>ἑστώσης,</em></span> <span class='ocrx_word' id='word_1_244' title='bbox 573 2295 629 2348; x_wconf 81' lang='grc' dir='ltr'><em>ἣν</em></span> <span class='ocrx_word' id='word_1_245' title='bbox 671 2296 871 2348; x_wconf 82' lang='grc' dir='ltr'><em>Μωυσῆς</em></span> <span class='ocrx_word' id='word_1_246' title='bbox 912 2299 972 2351; x_wconf 79' lang='grc' dir='ltr'><em>τῷ</em></span> <span class='ocrx_word' id='word_1_247' title='bbox 1017 2298 1108 2350; x_wconf 78' lang='grc' dir='ltr'><em>θεῷ</em></span> <span class='ocrx_word' id='word_1_248' title='bbox 1152 2293 1455 2347; x_wconf 85' lang='grc' dir='ltr'><em>κατεσκεύασε,</em></span> 
     </span>
    </p>
   </div>
   <div class='ocr_carea' id='block_1_3' title="bbox 180 2364 1242 2396">
    <p class='ocr_par' dir='ltr' id='par_1_3' title="bbox 180 2364 1242 2396">
     <span class='ocr_line' id='line_1_33' title="bbox 180 2364 1242 2396; baseline -0.002 0"><span class='ocrx_word' id='word_1_249' title='bbox 180 2371 348 2396; x_wconf 61' lang='lat' dir='ltr'><em>Iofflpmss.</em></span> <span class='ocrx_word' id='word_1_250' title='bbox 385 2371 437 2396; x_wconf 84' lang='lat' dir='ltr'><em>lv.</em></span> <span class='ocrx_word' id='word_1_251' title='bbox 1198 2364 1242 2395; x_wconf 76' lang='lat'><em>‘20</em></span> 
     </span>
    </p>
   </div>
  </div>
 </body>
</html>
