1732 2526
737 82 851 114 ΒΙΟΣ
1386 81 1473 123 323

121 189 226 243 μετὰ
258 195 333 242 τῆς
364 191 592 243 βασιλικῆς
624 187 853 242 δυνάμεως
886 190 969 230 σὺν
1001 196 1091 238 τοῖς
1124 191 1332 243 πρέσβεσι
1364 189 1473 231 πάν-

120 275 195 309 τας
226 258 465 312 ἀπέκτεινε,
490 258 560 300 καὶ
587 260 667 313 τὴν
693 260 877 312 πορείαν
903 258 972 300 ἐπὶ
999 261 1101 308 τοὺς
1128 259 1175 300 ἐν
1192 257 1473 314 Ἐκβατάνοις

115 326 357 380 Ἰουδαίους
388 329 586 372 ἐποιεῖτο.
627 330 742 382 <5S>
775 329 952 384 φθάσας
986 329 1037 371 δέ
1065 346 1129 379 τις
1157 329 1202 371 ἐκ
1235 337 1322 371 τῶν
1349 329 1472 385 ἑβδο-

118 403 313 455 μήκοντα
346 398 508 450 σωθεὶς
539 400 804 454 ἀπήγγειλεν
846 400 1008 450 αὐτοῖς,
1041 400 1236 441 κάκεῖνοι
1276 402 1326 442 τὰ
1360 401 1471 442 ὅπλα

81 481 96 507 5
117 473 326 526 λαβόντες
359 473 443 513 σὺν
474 469 647 525 γυναιξὶ
674 469 746 512 καὶ
772 469 941 520 τέκνοις
965 472 1028 520 εἰς
1050 471 1232 525 Γάμαλα
1258 473 1305 513 τὸ
1333 473 1471 526 φρού-

118 557 217 596 ριον
260 542 574 598 ὑπεχώρησαν,
618 543 930 590 καταλιπόντες
978 542 1052 590 τὰς
1102 542 1250 595 κώμας
1294 545 1471 583 πολλῶν

117 612 303 666 ἀγαθῶν.
351 614 531 667 πλήρεις
579 610 652 652 καὶ
703 612 993 666 βοσκημάτων
1043 612 1208 661 πολλὰς
1252 612 1472 666 μυριάδας

116 682 309 738 ἐχούσας.
385 683 509 736 <59>
556 685 775 732 Φίλιππος
820 680 867 724 δὲ
911 684 1168 737 πυθόμενος
1212 689 1348 724 ταῦτα
1398 682 1471 724 καὶ

115 753 246 803 αὐτὸς
277 755 339 803 εἰς
376 753 559 807 Γάμαλα
597 754 644 795 τὸ
684 753 904 808 φρούριον
942 749 1064 807 ἧκεν·
1105 752 1470 808 παραγενομένου

61 835 94 860 10
115 821 163 865 δὲ
195 825 383 878 κατεβόα
424 825 472 866 τὸ
503 827 687 878 πλῆθος,
726 824 877 879 ἄρχειν
915 823 1051 866 αὐτὸν
1095 827 1469 878 παρακαλοῦντες,

112 893 184 936 καὶ
225 898 434 949 πολεμεῖν
474 895 582 948 πρὸς
619 890 769 947 ’ὅᾶρον
807 892 879 935 καὶ
915 895 1020 943 τοὺς
1054 893 1100 935 έν
1140 900 1188 949 τῇ
1223 896 1468 950 Καισαρείᾳ

118 966 316 1020 Σύρους·
344 964 569 1007 διεδέδοτο
596 965 678 1019 γὰρ
706 964 791 1006 ὑπὸ
817 964 988 1006 τούτων
1008 965 1084 1006 τὸν
1105 963 1286 1018 βασιλέα
1311 964 1471 1006 τεθνά-

114 1051 200 1078 ναι.
263 1036 392 1090 <60>
440 1038 659 1084 Φίλιππος
705 1034 746 1077 δ’
792 1035 937 1077 αὐτῶν
981 1042 1149 1090 κατεῖχε
1199 1035 1274 1084 τὰς
1318 1035 1469 1089 ὁρμάς,

113 1106 462 1161 ὑπομιμνήσκων
493 1113 580 1147 τῶν
611 1121 656 1147 τε
692 1112 769 1148 τοῦ
803 1105 1017 1160 βασιλέως
1049 1107 1111 1155 εἰς
1149 1105 1310 1154 αὐτοὺς
1348 1105 1470 1158 εὐερ-

59 1187 91 1213 15
113 1184 288 1231 γεσιῶν,
319 1176 392 1218 καὶ
424 1178 505 1231 τὴν
530 1175 755 1231 Ῥωμαίων
797 1177 1088 1231 διηγούμενος
1128 1176 1207 1229 ὅση
1246 1178 1310 1224 τίς
1349 1175 1470 1217 ἐστιν

108 1247 133 1300 ἡ
169 1248 373 1301 δύναμις,
406 1245 649 1302 συμφέρειν
689 1246 768 1288 οὐκ
808 1248 955 1300 ἔλεγεν
994 1247 1190 1301 ἄρασθαι
1228 1247 1337 1299 πρὸς
1369 1247 1469 1288 τού-

108 1333 211 1367 τους
241 1320 451 1372 πόλεμον,
483 1316 555 1359 καὶ
587 1316 709 1377 τέλος
743 1319 927 1358 ἔπεισεν.
977 1318 1089 1370 <61>
1123 1317 1145 1359 ὁ
1181 1314 1228 1357 δὲ
1260 1319 1469 1369 βασιλεὺς

107 1389 362 1442 πυθόμενος
395 1388 462 1429 ὅτι
488 1385 636 1442 ’ὅᾶρος
669 1386 816 1441 μέλλει
849 1390 952 1436 τοὺς
984 1386 1054 1428 ἐπὶ
1090 1392 1163 1440 τῆς
1195 1389 1467 1441 Καισαρείας

104 1456 348 1508 Ἰουδαίους
379 1460 461 1500 σὺν
494 1457 668 1512 γυναιξὶ
700 1456 771 1499 καὶ
804 1457 972 1507 τέκνοις
1008 1457 1179 1505 πολλὰς
1219 1458 1349 1506 ὄντας
1389 1474 1468 1512 μυ-

55 1546 90 1571 20
110 1529 265 1580 ριάδας
297 1529 496 1584 ἀναιρεῖν
528 1527 667 1584 ἡμέρᾳ
700 1534 794 1584 μιᾷ,
835 1527 1155 1582 μεταπέμπεται
1196 1527 1346 1581 αὐτόν,
1388 1532 1467 1569 Αἵ-

116 1601 463 1642 κουονψΜόδιον
500 1598 672 1654 πέμψας
714 1599 830 1655 αὐτῷ
870 1599 1097 1654 διάδοχον,
1136 1599 1194 1648 ὡς
1232 1598 1279 1640 ἐν
1318 1599 1467 1648 ἄλλοις

115 1669 409 1724 ἐδηλώσαμεν.
460 1671 482 1713 ὁ
517 1671 571 1724 δὴ
602 1673 821 1720 Φίλιππος
853 1670 1034 1724 Γάμαλα
1067 1670 1114 1711 τὸ
1143 1670 1362 1724 φρούριον
1392 1685 1466 1711 κα-

111 1739 232 1796 τέσχε
265 1739 337 1782 καὶ
369 1742 450 1795 τὴν
481 1739 603 1796 πέριξ
636 1742 784 1796 χώραν
816 1744 958 1782 πίστει
996 1746 1046 1795 τῇ
1085 1741 1196 1795 πρὸς
1229 1737 1467 1794 Ῥωμαίους

107 1810 397 1866 ἐμμένουσαν.

53 1898 87 1924 25
199 1882 314 1936 (62)
347 1880 439 1923 ἐπεὶ
473 1878 511 1923 δ’
548 1883 610 1931 εἰς
641 1883 722 1937 τὴν
754 1884 995 1924 Γαλιλαίαν
1028 1881 1250 1936 ἀφικόμην
1276 1881 1360 1935 ἐγὼ
1387 1884 1464 1927 καὶ

109 1958 244 1994 ταῦτα
281 1953 399 2007 παρὰ
440 1960 527 1994 τῶν
566 1952 927 2007 ἀπαγγειλάντων
968 1954 1138 2007 ἔμαθον
1151 1985 1162 2006 ,
1200 1953 1355 2007 γράφω
1404 1957 1464 2010 τῷ

112 2024 332 2081 συνεδρίῳ
364 2030 452 2065 τῶν
477 2021 841 2079 Ἱεροσολυμιτῶν
873 2021 973 2077 περὶ
1011 2024 1195 2077 τούτων,
1235 2022 1306 2065 καὶ
1337 2025 1383 2065 τί
1411 2039 1463 2078 με

112 2094 320 2149 πράττειν
351 2094 608 2136 κελεύουσιν
651 2093 810 2147 ἐρωτῶ.
873 2096 917 2136 οἳ
953 2091 1001 2135 δὲ
1041 2101 1303 2148 προσμεῖναι
1333 2108 1463 2149 παρε-

112 2164 303 2206 κάλεσαν
335 2162 407 2205 καὶ
439 2165 542 2213 τοὺς
574 2163 880 2219 συμπρέσβεις,
906 2165 946 2205 εἰ
968 2162 1162 2217 θέλοιεν,
1191 2166 1464 2219 κατασχόντα

53 2252 88 2278 3ο
107 2237 324 2289 πρόνοιαν
355 2236 627 2288 ποιήσασθαι
659 2240 733 2289 τῆς
761 2237 1008 2285 Γαλιλαίας.
1059 2234 1176 2289 <63>
1208 2236 1254 2277 oc
1277 2233 1325 2276 δὲ
1353 2246 1461 2289 συμ-

106 2303 311 2360 πρέσβεις
343 2305 666 2360 εὐπορήσαντες
692 2309 869 2348 πολλῶν
895 2305 1126 2360 χρημάτων
1155 2304 1201 2346 ἐκ
1226 2313 1314 2347 τῶν
1341 2306 1462 2348 διδο-

1176 2374 1247 2407 21*

1495 1892 1535 1923 12
