1732 2526
619 82 1025 115 OKTSQKAIAEKATH
1412 80 1495 121 169

151 187 310 238 ξασθαι
342 191 390 231 τὸ
423 186 630 243 γενέσθαι
662 193 720 245 τῷ
748 188 932 245 Εὐτύχῳ
964 188 1044 241 τὴν
1078 187 1298 243 ἀκρόασαν
1332 186 1398 242 ἐφ’
1432 183 1497 237 οἷς

150 257 236 300 τισὶ
274 259 353 312 τὴν
390 261 655 314 κατηγορίαν
693 264 862 300 ποιοῖτο
906 257 1053 299 αὐτοῦ.
1115 258 1268 312 <18Ο>
1302 261 1420 312 τιμία
1453 257 1490 299 δ’

149 325 205 382 ἧν
234 328 442 371 Ἀντωνία
474 331 658 386 Τιβερίῳ
685 330 745 378 εἰς
770 329 821 370 τὰ
847 328 986 369 πάντα
1014 329 1268 381 συγγενείας
1300 344 1342 369 τε
1370 328 1496 378 ἀξιώ-

150 415 250 453 ματι
283 398 512 455 (Δρούσου
544 400 627 454 γὰρ
659 396 714 453 ἦν
746 398 943 452 ἀδελφοῦ
975 404 1053 439 τοῦ
1092 398 1228 440 αὐτοῦ
1260 397 1392 454 γυνή)
1425 397 1496 440 καὶ

113 469 278 524 ῦάρετῇ
323 477 400 512 τοῦ
445 471 689 525 σώφρονος·
741 468 818 511 νεά
868 470 950 524 γὰρ
1000 469 1204 523 χηρεύειν
1248 467 1496 523 παρέμεινε,

149 540 271 597 γάμῳ
303 538 338 581 τ’
371 539 524 582 ἀπεῖπε
557 546 615 597 τῷ
648 541 756 595 πρὸς
782 539 946 594 ἕτερον,
978 541 1131 595 καίπερ
1161 545 1240 581 τοῦ
1267 541 1496 594 Σεβαστοῦ

148 611 401 660 κελεύοντός
433 626 519 652 τινι
554 615 812 665 γαμεῖσθαι,
850 608 920 652 καὶ
954 611 1190 666 λοιδοριῶν
1224 608 1497 664 ἀπηλλαγμέ-

148 696 228 722 νον
260 682 500 724 διεσώσατο
541 681 674 735 αὑτῆς
711 681 787 723 τὸν
824 682 935 735 βίον.
999 679 1143 734 <181>
1182 680 1272 736 ἰδία
1303 676 1339 721 τ’
1375 679 1496 733 εὐερ-

146 749 261 804 γέτις
291 748 347 805 ἧν
379 753 440 801 εἰς
470 752 521 793 τὰ
553 750 734 806 μέγιστα
766 757 844 793 τοῦ
882 753 1106 805 Τιβερίου·
1148 749 1381 805 ἐπιβουλῆς
1413 751 1495 804 γὰρ

94 838 126 862 10
147 822 334 876 μεγάλης
372 822 588 876 συστάσης
627 820 692 864 ἐπ’
728 822 862 864 αὐτὸν
900 822 984 863 ὑπὸ
1025 825 1246 876 Σηιανοῦ,
1284 824 1418 876 φίλου
1456 817 1493 862 τ’

148 891 309 947 ἀνδρὸς
339 891 411 934 καὶ
445 894 634 948 δύναμιν
669 892 715 935 ἐν
749 898 806 950 τῷ
841 894 936 934 τότε
976 894 1183 946 μεγίστην
1216 893 1392 947 ἔχοντος
1424 892 1496 933 διὰ

148 965 194 1006 τὸ
228 971 315 1005 τῶν
349 964 683 1019 στρατευμάτων
716 961 829 1005 εἶναι
860 964 940 1017 τὴν
972 962 1212 1017 ἡγεμονίαν
1250 963 1386 1018 αὐτῷ,
1424 961 1496 1004 καὶ

147 1040 221 1088 τῆς
254 1050 297 1076 τε
331 1037 494 1089 βουλῆς
527 1035 572 1076 οἱ
599 1033 755 1076 πολλοὶ
786 1032 857 1075 καὶ
896 1041 982 1075 τῶν
1021 1031 1331 1087 ἀπελευθέρων
1362 1045 1496 1086 προσ-

148 1104 325 1159 έθεντο,
368 1104 440 1146 καὶ
484 1106 532 1147 τὸ
578 1105 890 1160 στρατιωτικὸν
936 1102 1202 1159 διέφθαρτο,
1248 1102 1501 1157 προύκοπτέ

37 1200 42 1203 -
92 1189 124 1215 15
145 1173 190 1217 θ’
230 1185 254 1228 η
295 1175 504 1230 ἐπιβουλὴ
546 1173 614 1217 ἐπὶ
653 1174 783 1230 μέγα,
827 1173 909 1216 κᾶν
951 1173 1192 1229 ἐπέπρακτο
1226 1176 1404 1230 Σηιανςό
1446 1176 1495 1216 τὸ

119 1248 275 1301 -ἕργον
312 1247 369 1301 μὴ
401 1251 477 1300 τῆς
510 1244 743 1295 Ἀντωνίας
780 1247 917 1300 τόλμῃ
955 1243 1228 1300 χρησαμένης
1267 1243 1496 1301 σοφωτέρᾳ

142 1323 216 1370 τῆς
249 1319 449 1371 Σηιανοῦ
486 1319 761 1372 κακουργίας.
825 1316 981 1370 <182>
1024 1314 1116 1356 ἐπεὶ
1154 1316 1236 1369 γὰρ
1275 1315 1494 1369 μανθάνει

141 1387 193 1428 τὰ
232 1386 300 1428 ἐπὶ
341 1393 399 1443 τῷ
448 1389 633 1444 Τιβερίῳ
676 1387 960 1440 συγκείμενα,
1004 1385 1163 1440 γράφει
1206 1387 1315 1440 πρὸς
1360 1385 1494 1427 αὐτὸν

142 1458 193 1499 τὰ
224 1457 365 1499 πάντα
398 1456 608 1513 ἀκριβῶς,
645 1455 717 1499 καὶ
750 1456 976 1498 Πάλλαντι
1017 1456 1229 1498 ἐπιδοῦσα
1267 1457 1318 1497 τὰ
1358 1456 1494 1510 γράμ-

89 1541 121 1567 20
142 1544 268 1583 ματα,
300 1534 358 1584 τῷ
384 1528 626 1585 πιστοτάτῳ
652 1535 739 1569 τῶν
767 1528 942 1570 δούλων
969 1526 1116 1581 αὐτῆς,
1149 1525 1354 1580 ἐκπέμπει
1385 1527 1494 1580 πρὸς

148 1598 352 1653 Τιβέριον
379 1599 440 1648 εἰς
466 1599 541 1648 τὰς
561 1597 776 1653 Καπρέας.
815 1597 837 1639 ὃ
866 1595 913 1639 δὲ
940 1598 1098 1651 μαθὼν
1124 1599 1201 1638 τόν
1227 1612 1271 1638 τε
1293 1598 1492 1651 Σηιανὸν

141 1671 299 1710 κτείνει
332 1668 404 1710 καὶ
436 1671 539 1718 τοὺς
571 1669 935 1723 συνεπιβούλους,
967 1670 1046 1722 τήν
1078 1664 1118 1709 τ’
1150 1666 1388 1709 Ἀντωνίαν
1420 1665 1491 1709 καὶ

140 1738 246 1794 πρὶν
279 1739 516 1794 ἀξιολόγως
547 1740 682 1794 ἄγων,
715 1737 974 1794 τιμιωτέραν
1006 1736 1051 1780 θ’
1084 1738 1362 1792 ὑπελάμβανε
1387 1736 1491 1779 κάπὶ

140 1817 231 1859 τοῖς
271 1816 377 1851 πᾶσι
415 1811 622 1864 πιθανήν.
687 1809 844 1864 <183>
887 1809 969 1851 ὑπὸ
1009 1810 1063 1863 δὴ
1102 1809 1260 1863 ταύτης
1296 1814 1370 1863 τῆς
1397 1806 1491 1849 Ἀν-

86 1893 119 1919 25
140 1882 300 1930 τωνίας
332 1880 354 1922 ὁ
388 1879 586 1936 Τιβέριος
612 1879 999 1935 παρακαλούμενος
1026 1878 1219 1929 ἐξετάσαι
1245 1880 1323 1921 τὸν
1351 1879 1490 1920 Εὔτυ-

139 1966 239 2005 χον,
273 1949 384 1992 (ἀλλ’
421 1952 462 1992 εἰ
492 1948 571 2005 μὲν
602 1950 902 2001 καταψεύσειε’
935 1949 1071 2004 φησὶν
1104 1950 1126 1992 ὁ
1166 1947 1364 2005 Τιβέριος
1397 1949 1490 1991 “τοῦ

136 2018 347 2076 Ἀγρίππα
391 2022 442 2063 τὰ
487 2019 693 2076 εἰρημένα
737 2021 955 2076 Εὔτυχος,
1007 2020 1228 2075 ἀρκοῦσαν
1272 2021 1524 2074 κομίζεταί

139 2087 242 2146 παρ’
292 2091 427 2134 αὐτοῦ
471 2094 683 2147 τιμωρίαν
727 2091 782 2145 ἣν
833 2091 1108 2146 ἐπιτετίμηκα
1152 2090 1301 2140 αὐτός·
1359 2091 1399 2131 εἰ
1442 2087 1488 2130 δὲ

140 2161 485 2217 βασανιζομένου
529 2162 675 2216 ἀληθῆ
719 2163 876 2217 φανείη
923 2162 974 2203 τὰ
1019 2160 1249 2216 εἰρημένα,
1301 2162 1358 2214 μή
1401 2173 1490 2201 που

86 2244 120 2270 30
139 2232 338 2283 κολάζειν
369 2237 525 2275 ποθῶν
563 2233 639 2274 τὸν
678 2230 978 2286 ἀπελεύθερον
1020 2230 1090 2286 ἐφ’
1130 2230 1287 2273 ἑαυτὸν
1320 2233 1488 2285 μᾶλλον

139 2304 292 2357 καλοίη
336 2304 417 2358 τὴν
463 2301 618 2356 δίκην.’
694 2302 850 2357 <184>
894 2300 965 2343 καὶ
1010 2301 1033 2344 ὁ
1073 2299 1311 2357 Ἀγρίππας
1354 2305 1487 2342 ταῦτα
