1732 2526
211 60 266 102 58
699 62 1065 97 ΑΡΧΑΙοΛοΓῑΑΣ

208 172 394 225 Βηρυτςό
437 169 605 211 τούτων
651 168 856 212 ἐναντίον
901 173 1127 213 Συλλαίου
1171 171 1251 225 τὴν
1297 172 1379 226 σὴν
1424 172 1560 228 τύχην

209 239 520 295 ἐπομόσαντος,
550 237 577 295 ἦ
610 241 697 295 μὴν
730 240 854 291 ἐντὸς
885 241 1060 297 ἡμερῶν
1092 242 1325 297 τριάκοντα
1357 242 1579 298 παρέξειν·

207 311 259 352 τὰ
297 312 495 366 χρήματα
537 309 610 353 καὶ
641 314 745 362 τοὺς
787 311 834 354 ἐκ
874 318 948 366 τῆς
979 312 1112 368 ἀρχῆς
1142 319 1218 367 τῆς
1248 311 1454 368 “Ηρώδου
1485 329 1559 356 πε-

208 384 437 436 φευγότας.
474 382 618 438 <345>
646 379 707 424 ὧν
734 380 868 425 οὐδὲν
894 385 1157 437 ποιήσαντος
1178 385 1405 427 Συλλαίου
1424 384 1557 427 πάλιν

208 451 278 495 ἐπὶ
309 455 412 503 τοὺς
443 453 661 508 ἡγεμόνας
693 453 843 495 ἐλθεῖν
863 452 1085 509 “Ηρώδην,
1113 454 1329 496 κάκείνων
1362 453 1557 510 ἐφέντων

208 524 326 581 αὐτῷ
360 524 602 579 λαμβάνειν
633 525 685 566 τὰ
718 524 864 579 ῥύσια,
896 527 1022 579 μόλις
1060 525 1199 576 οὕτως
1237 525 1434 577 ἐξελθεῖν
1474 528 1557 568 σὺν

206 603 298 645 τοῖς
328 594 428 650 περὶ
460 595 606 637 αὐτόν.
655 594 799 650 <346>
832 595 876 638 εὁ
909 593 990 650 μὲν
1023 596 1076 650 δὴ
1108 598 1311 652 πόλεμος,
1344 598 1402 647 ὡς
1434 594 1556 639 οὗτοι

206 668 536 723 τραγῳδοῦντες
568 668 734 720 ἔλεγον,
761 665 833 708 καὶ
859 667 911 708 τὰ
937 671 1011 721 τῆς
1037 665 1335 722 ἐπιστρατείας
1365 675 1556 710 τοιαῦτα.

205 739 346 779 καίτοι
390 745 480 787 πῶς
523 736 578 779 ἂν
620 741 686 791 εἴη
718 739 927 792 πόλεμος,
972 737 1297 793 ἐπιτρεψάντων
1338 737 1419 794 μὲν
1468 747 1556 781 τῶν

206 814 297 849 σῶν
328 807 574 863 ἡγεμόνων,
607 809 849 858 δεδωκυίας
881 806 928 849 δὲ
961 814 1038 863 τῆς
1073 810 1314 864 συνθήκης,
1345 809 1556 865 ἠσεβημέ-

204 895 287 921 νου
321 876 369 920 δὲ
402 879 507 933 μετὰ
538 886 626 920 τῶν
658 879 805 920 ἄλλων
843 883 963 920 θεῶν
1004 877 1076 920 καὶ
1114 886 1193 922 τοῦ
1233 885 1329 934 σοῦ,
1367 882 1556 934 Καῖσαρ,

205 949 438 1004 ὀνόματος;
479 950 625 1004 <347>
663 950 715 991 τὰ
757 947 805 991 δὲ
841 948 942 1002 περὶ
978 951 1082 999 τοὺς
1120 951 1422 1005 αἰχμαλώτους
1460 949 1556 1006 ἑξῆς

204 1021 289 1074 ἤδη
322 1019 511 1063 λεκτέον.
573 1019 727 1076 λῃσταὶ
759 1027 847 1062 τῶν
872 1022 950 1063 τὸν
980 1021 1191 1076 Τράχωνα
1216 1022 1555 1077 κατοικούντων,

203 1091 519 1146 τετταράκοντα
569 1079 617 1133 τὸ
667 1098 863 1146 πρῶτον,
913 1088 994 1133 εἶτ’
1041 1087 1174 1141 αὖθις
1216 1094 1434 1146 πλείονες,
1479 1093 1556 1143 τὰς

195 1160 403 1215 (Ηρώδου
430 1162 630 1211 κολάσεις
657 1163 972 1217 διαφεύγοντες
997 1163 1266 1217 ὁρμητήριον
1292 1161 1554 1217 ἐποιήσαντο

203 1233 284 1287 τὴν
313 1232 533 1287 Ἀραβίαν.
595 1234 778 1282 τούτους
815 1232 1051 1284 ὑπεδέξατο
1085 1237 1307 1284 Συλλαῖος
1344 1233 1415 1276 ε’πὶ
1446 1235 1555 1277 πάν-

202 1320 277 1354 τας
303 1303 569 1359 ἀνθρώπους
594 1303 784 1359 τρέφων,
804 1303 875 1346 καὶ
900 1305 1048 1360 χώραν
1075 1305 1210 1346 ἔδωκε
1235 1304 1462 1360 νέμεσθαι,
1483 1305 1555 1348 καὶ

201 1376 254 1417 τὰ
286 1374 419 1430 κέρδη
452 1382 540 1417 τῶν
573 1378 786 1431 λῃστειῶν
812 1375 943 1425 αὐτὸς
974 1375 1229 1431 ἐλάμβανεν.
1261 1377 1408 1433 <348>
1441 1377 1554 1432 ὡμο-

1577 823 1610 848 10

1576 1176 1608 1202 15

202 1448 361 1501 λόγησε
396 1443 443 1487 δὲ
475 1444 547 1487 καὶ
573 1447 756 1496 τούτους
784 1444 852 1487 ἐπὶ
879 1454 970 1496 τοῖς
997 1446 1144 1501 ὅρκοις
1171 1446 1421 1489 ἀποδώσειν
1445 1449 1554 1490 κατὰ
1600 1465 1604 1470 ’

201 1518 281 1571 τὴν
320 1517 458 1571 αὐτὴν
494 1523 574 1559 τοῦ
616 1517 796 1558 δανείου
833 1519 1133 1572 προθεσμίαν,
1172 1516 1244 1560 καὶ
1283 1517 1456 1560 δύναιτ’
1497 1518 1552 1561 ἂν

202 1588 282 1630 οὐκ
328 1587 538 1638 ἐπιδεῖξαι
579 1588 687 1629 κατὰ
730 1589 778 1630 τὸ
823 1590 966 1644 παρὸν
1011 1587 1104 1630 οὔτ’
1151 1589 1288 1631 ἄλλον
1331 1590 1429 1631 τινὰ
1478 1596 1554 1644 τῆς

197 1657 396 1713 Ἀράβων
429 1660 572 1714 χώρας
608 1658 633 1712 ἢ
673 1659 858 1708 τούτους
896 1657 1204 1715 ἐξῃρημένους,
1242 1659 1341 1702 οὔτε
1373 1661 1553 1715 πάντας,

201 1728 295 1771 ἀλλ’
335 1730 430 1772 ὅσοι
463 1731 521 1784 μὴ
554 1733 712 1771 λαθεῖν
745 1734 943 1785 ἴσχυσαν.
1005 1730 1151 1785 <349>
1189 1730 1328 1780 οὕτως
1367 1727 1448 1773 οὗν
1479 1731 1551 1773 καὶ

197 1807 277 1843 τοῦ
315 1807 390 1854 τῆς
428 1802 723 1856 αἰχμαλωσίας
758 1801 1010 1855 ἐπιφθόνου
1049 1803 1440 1856 συκοφαντήματος
1477 1817 1551 1845 πε-

764 1868 780 1875 ι»

198 1874 412 1926 φηνότος,
469 1870 697 1926 μέγιστον,
754 1876 787 1914 ὠ
845 1874 1043 1926 Καῖσαρ,
1097 1873 1323 1927 κατάμαθε
1374 1873 1584 1928 πλάσμα-

197 1941 269 1984 καὶ
324 1949 498 1997 ψεῦσμα
548 1945 657 1996 πρὸς
706 1944 786 1998 τὴν
838 1944 921 1998 σὴν
974 1943 1112 1998 ὀργὴν
1173 1943 1290 2000 αὐτῷ
1345 1943 1548 1998 ποιηθέν.

195 2014 341 2067 (350)
380 2012 492 2068 φημὶ
529 2014 627 2068 γάρ,
666 2014 939 2068 ἐπελθούσης
976 2013 1082 2068 ἡμῖν
1119 2019 1194 2068 τῆς
1231 2020 1319 2056 τῶν
1353 2012 1549 2069 Ἀράβων

198 2084 425 2139 δυνάμεως
464 2083 536 2126 καὶ
582 2091 670 2126 τῶν
713 2083 813 2138 περὶ
847 2083 1055 2140 “Ηρώδην
1091 2086 1303 2134 πεσόντος
1341 2082 1439 2135 ἑνὸς
1475 2084 1548 2127 καὶ

197 2153 420 2210 δευτέρου,
457 2157 552 2196 τότε
586 2157 710 2209 μόλις
748 2154 1030 2210 ἀμυνομένου
1062 2155 1271 2210 Νάκεβον
1305 2156 1383 2197 τὸν
1418 2167 1546 2210 στρα-

1573 1531 1607 1556 20

195 2227 330 2280 τηγὸν
386 2226 531 2267 αὐτῶν
589 2224 662 2268 καὶ
717 2225 817 2279 περὶ
866 2224 994 2268 πέντε
1053 2224 1126 2268 καὶ
1182 2230 1318 2269 εἴκοσι
1381 2225 1544 2282 συνέβη
1564 2239 1599 2264 30

194 2304 345 2339 πεσεῖν
376 2298 479 2346 τοὺς
509 2297 689 2350 πάντας,
716 2293 777 2339 ὧν
806 2296 988 2339 ἕκαστον
1015 2297 1145 2347 αὐτὸς
1173 2299 1235 2347 εἰς
1261 2295 1414 2339 ἑκατὸν
1441 2297 1546 2340 ἀνα-
