1732 2526
141 835 174 860 10

140 1188 174 1213 15

138 1540 174 1565 20

140 1892 175 1918 25

808 82 922 114 ΒῙοΣ
1457 78 1541 119 3ῖ9

194 196 408 245 χωρῆσαι,
446 185 671 242 νεωτέρων
710 187 840 237 αὐτὸς
881 187 1108 243 ἐφιέμενος
1144 187 1430 243 πραγμάτων,
1469 185 1537 228 καὶ

196 258 252 302 δι’
291 259 465 308 ἐλπίδος
495 260 608 313 ἔχων
640 257 788 312 ἄρξειν
823 260 1073 300 Γαλιλαίων
1106 275 1149 301 τε
1177 258 1248 301 καὶ
1275 265 1350 312 τῆς
1382 256 1540 299 ἑαυτοῦ

193 331 413 385 πατρίδος.
468 329 613 383 <392>
646 328 699 371 οὐ
731 329 817 383 μὴν
848 336 936 370 τῶν
968 329 1366 384 προσδοκηθέντων
1394 327 1542 370 ἐπέτυ-

194 416 279 455 χεν.
343 402 574 441 Γαλιλαῖοί
600 414 644 441 τε
677 399 759 454 γὰρ
792 398 961 453 ἐχθρῶς
987 401 1158 454 ἔχοντες
1189 401 1297 454 πρὸς
1328 401 1432 449 τοὺς
1470 401 1541 440 Τι-

195 473 354 526 βεριεῖς
395 470 467 512 διὰ
511 476 644 524 μῆνιν
689 465 750 511 ὧν
791 466 865 511 ὑπ’
912 469 1049 511 αὐτοῦ
1090 471 1173 524 πρὸ
1224 477 1302 512 τοῦ
1345 469 1539 524 πολέμου

196 540 512 595 ἐπεπόνθεσαν,
540 541 619 583 οὐκ
645 541 872 595 ἠνείχοντο
895 547 1244 594 στρατηγοῦντος
1270 540 1415 581 αὐτῶν
1431 538 1540 582 Ἰού-

195 623 322 654 στου·Δ
352 611 496 665 <393>
527 611 646 665 κάγὼ
680 608 728 652 δὲ
766 612 845 665 τὴν
882 613 1154 665 προστασίαν
1193 617 1267 665 τῆς
1305 612 1540 660 Γαλιλαίας

193 681 444 732 πιστευθεὶς
481 682 566 724 ὑπὸ
604 689 683 724 τοῦ
724 688 877 724 κοινοῦ
916 689 1003 723 τῶν
1035 680 1398 737 Ἱεροσολυμιτῶν
1436 686 1540 724 πολ-

193 753 314 802 λάκις
351 754 413 802 είς
449 753 668 806 τοσαύτην
706 749 814 806 ἧκον
852 752 990 807 ὀργὴν
1028 753 1086 802 ὡς
1118 753 1270 806 ὀλίγου
1310 754 1404 794 δεῖν
1437 752 1541 794 ἀπο-

194 831 357 865 κτεῖναι
389 825 466 865 τὸν
494 820 701 876 Ἰοῦστον,
735 822 887 877 φέρειν
920 823 1056 864 αὐτοῦ
1094 824 1175 877 τὴν
1207 826 1456 878 μοχθηρίαν
1489 823 1541 865 οὐ

194 894 450 948 δυνάμενος.
526 894 672 943 δείσας
716 889 797 935 οὖν
842 892 1006 943 ἐκεῖνος
1050 895 1106 948 μὴ
1151 893 1222 935 καὶ
1265 894 1376 949 λάβῃ
1420 892 1542 943 τέλος

193 963 304 1014 ἅπαξ
347 965 368 1006 ὁ
415 966 577 1019 θυμός,
623 965 785 1017 ἔπεμψε
828 966 938 1018 πρὸς
982 962 1184 1018 βασιλέα,
1227 971 1424 1019 κρεῖττον
1469 963 1541 1005 καὶ

194 1033 518 1089 ἀσφαλέστερον
551 1035 745 1087 οἰκήσειν
776 1031 875 1088 παρ’
916 1033 1066 1092 ἐκείνῳ
1099 1035 1301 1089 νομίζων.

283 1105 426 1159 <394>
459 1108 742 1159 Σεπφωρῖται
777 1102 824 1146 δὲ
855 1104 1111 1159 παραδόξως
1136 1106 1214 1146 τὸν
1243 1112 1417 1159 πρῶτον
1449 1107 1541 1147 κίν-

194 1176 333 1218 δυνον
367 1176 659 1229 διαφυγόντες
683 1177 792 1230 πρὸς
814 1174 1004 1217 Κέστιον
1032 1176 1204 1217 Γάλλον
1231 1177 1443 1230 ἔπεμψαν,
1468 1174 1541 1218 καὶ

192 1247 315 1300 ἥκειν
353 1246 629 1301 παρεκάλουν
668 1246 727 1295 ὡς
764 1245 925 1295 αὐτοὺς
964 1250 1131 1288 θᾶττον
1168 1249 1540 1301 παραληψόμενον

192 1317 273 1371 τὴν
304 1318 448 1370 πόλιν,
480 1316 506 1370 ἢ
544 1315 729 1371 πέμπειν
772 1317 962 1371 δύναμιν
1000 1317 1080 1370 τὴν
1123 1316 1436 1367 ἀνακόψουσαν
1466 1318 1542 1367 τὰς

194 1385 258 1428 ἐπ’
296 1387 455 1436 αὐτοὺς
486 1395 573 1429 τῶν
605 1389 828 1441 πολεμίων
860 1387 1109 1442 ἐπιδρομάς.
1171 1386 1243 1429 καὶ
1275 1387 1398 1437 τέλος
1429 1389 1541 1430 ἔπει-

194 1468 277 1500 σαν
314 1459 390 1499 τὸν
429 1458 602 1500 Γάλλον
639 1456 804 1512 πέμψαι
847 1458 1038 1512 δύναμιν
1083 1458 1231 1507 αὐτοῖς
1274 1459 1453 1512 [ππικήν
1497 1474 1541 1500 τε

194 1526 265 1569 καὶ
296 1529 428 1582 πεζὴν
467 1529 585 1570 πάνυ
619 1531 802 1584 συχνήν,
843 1528 898 1582 ἣν
936 1528 1159 1571 ἐλθοῦσαν
1191 1530 1349 1578 νυκτὸς
1381 1528 1542 1570 εἰσεδέ-

195 1598 336 1648 ξαντο.
397 1599 543 1653 <395>
574 1598 846 1654 κακουμένης
873 1595 912 1641 δ’
943 1599 1028 1641 ὑπὸ
1060 1606 1134 1654 τῆς
1147 1598 1385 1654 Ῥωμαϊκῆς
1417 1611 1541 1655 στρα-

194 1674 287 1718 τιᾶς
324 1674 399 1722 τῆς
435 1668 557 1724 πέριξ
595 1671 751 1725 χώρας,
791 1669 1026 1723 ἀναλαβὼν
1065 1669 1148 1723 ἐγὼ
1187 1671 1290 1719 τοὺς
1329 1668 1429 1725 περὶ
1469 1667 1542 1724 ἐμὲ

195 1740 459 1793 στρατιώτας
498 1736 608 1793 ’ἧκον
647 1741 708 1789 εἰς
748 1739 880 1794 Γάρις
928 1740 1097 1794 κώμην·
1144 1741 1256 1781 ἔνθα
1299 1741 1543 1794 βαλόμενος

195 1809 362 1864 χάρακα
392 1811 542 1865 πόρρω
574 1816 649 1864 τῆς
681 1813 984 1865 Σεπφωριτῶν
1021 1812 1188 1859 πόλεως
1226 1809 1309 1852 ἀπὸ
1349 1812 1542 1852 σταδίων

195 1884 348 1935 εἴκοσι,
385 1882 541 1930 νυκτὸς
580 1879 644 1922 ἐπ’
689 1881 827 1935 αὐτὴν
864 1879 1104 1936 προσέμιξα
1144 1880 1215 1922 καὶ
1253 1888 1344 1930 τοῖς
1382 1883 1542 1936 τείχεσι

194 1950 492 2007 προσέβαλον,
523 1952 669 2006 (396)
702 1951 774 1994 καὶ
807 1953 879 1994 διὰ
911 1952 1135 2006 κλιμάκων
1168 1951 1408 2006 ἐμβιβάσας
1440 1963 1542 2005 συχ-

194 2024 300 2071 νοὺς
331 2029 418 2063 τῶν
451 2030 725 2077 στρατιωτῶν
759 2022 966 2077 ἐγκρατὴς
997 2029 1076 2064 τοῦ
1113 2024 1320 2064 πλείστου
1358 2027 1434 2075 τῆς
1465 2024 1542 2064 πό-

195 2096 304 2142 λεως
334 2092 494 2147 μέρους
525 2092 750 2147 ἐγενόμην.
803 2090 893 2147 μετ’
932 2093 985 2134 οὐ
1016 2094 1128 2134 πολὺ
1163 2089 1211 2133 δὲ
1244 2092 1317 2133 διὰ
1348 2091 1428 2144 τὴν
1453 2099 1542 2133 τῶν

194 2164 341 2204 τόπων
373 2163 556 2216 ἄγνοιαν
588 2161 943 2216 ἀναγκασθέντες
973 2163 1330 2218 ὑπεχωρήσαμεν,
1363 2160 1544 2203 ἀνελόν-

141 2243 177 2268 30
195 2249 264 2283 τες
298 2232 520 2288 Ῥωμαίων
558 2231 637 2288 μὲν
683 2234 945 2276 δυοκαίδεκα
981 2235 1136 2285 πεζοὺς
1178 2234 1259 2275 δύο
1300 2228 1343 2274 δ’
1387 2233 1542 2282 ἱππεῖς,

198 2302 375 2357 ὀλίγους
408 2299 455 2344 δὲ
494 2305 811 2358 Σεπφωριτῶν,
850 2301 974 2344 αὐτοὶ
1014 2301 1052 2344 δ’
1090 2303 1166 2345 ἕνα
1204 2304 1342 2356 μόνον
1385 2302 1544 2356 ἀπεβά-
