1732 2526
738 96 852 129 ΒΙοΣ
1384 94 1470 135 355

128 206 317 248 ὁπλιτῶν
348 207 522 258 πλῆρες,
549 210 636 244 τῶν
664 201 709 243 ἐκ
735 208 810 256 τῆς
832 203 1066 252 Γαλιλαίας
1093 201 1160 244 ἐπὶ
1190 204 1270 256 τὴν
1303 214 1470 257 συμμα-

125 280 225 331 χίαν
256 277 502 329 παρόντων,
535 274 592 322 ὡς
618 272 766 321 αὐτοῖς
791 271 1124 326 παρηγγέλκειν·
1156 275 1293 321 πολὺς
1325 271 1372 314 δὲ
1399 272 1469 315 καὶ.

126 348 257 395 ἄλλος
295 345 340 387 ἐκ
372 352 459 386 τῶν
490 351 649 398 κωμῶν
688 344 815 398 ὄχλος
858 341 1127 398 συνέτρεχεν.
1196 344 1338 397 <244>
1379 342 1469 385 ἐπεὶ

127 415 175 458 δὲ
206 416 417 464 καταστὰς
448 416 510 464 εἰς
542 414 701 463 αὐτοὺς
733 411 877 466 λέγειν
909 413 1120 467 ἠρξάμην,
1162 413 1302 468 ἐβόων
1334 414 1470 455 ἅπαν-

90 503 106 527 5
125 503 194 536 τες
225 485 456 541 εὐεργέτην
482 483 553 526 καὶ
581 490 754 538 σωτῆρα
779 489 855 537 τῆς
879 484 1021 538 χώρας
1048 483 1193 525 αὐτῶν
1224 487 1467 532 καλοῦντες.

75 853 108 877 10

74 1557 108 1582 20

77 1908 109 1934 25

76 2272 110 2297 30

127 557 244 611 κάγὼ
289 557 417 612 χάριν
461 555 609 603 αὐτοῖς
653 557 768 609 ἔχειν
819 554 1093 608 ὁμολογήσας
1145 555 1469 608 συνεβούλευον

126 629 233 681 πρὸς
265 625 430 681 μηδένα
462 628 566 680 μήτε
593 629 800 679 πολεμεῖν
827 622 933 678 μήθ’
965 624 1135 679 ἁρπαγῇ
1163 625 1372 678 μολύνειν
1398 625 1472 674 τὰς

125 705 286 753 χεῖρας,
312 697 422 738 ἀλλὰ
449 703 642 751 σκηνοῦν
668 696 774 737 κατὰ
801 697 848 737 τὸ
876 696 1030 737 πεδίον
1057 694 1356 750 ἀρκουμένους
1381 703 1472 745 τοῖς

127 767 294 809 ἑαυτῶν
339 767 552 822 ἐφοδίοις·
602 765 754 808 θέλειν
798 766 879 821 γὰρ
924 767 1117 820 ἔφασκον
1162 766 1236 815 τὰς
1284 767 1471 820 ταραχὰς

127 837 259 893 χωρὶς
290 839 443 892 φόνων
475 840 760 879 καταστεῖλαι.
823 836 967 890 <245>
1002 835 1162 890 συνέβη
1198 835 1238 877 δ’
1277 836 1470 890 αὐθημε-

127 910 208 963 ρὸν
242 909 303 957 εἰς
334 909 409 957 τὰς
440 906 512 949 ὑπ’
552 908 658 962 ἐμοῦ
690 909 1033 956 κατασταθείσας
1063 914 1151 948 τῶν
1185 906 1303 949 ὁδῶν
1332 911 1471 961 φυλα-

126 980 203 1028 κὰς
240 981 342 1028 τοὺς
379 979 495 1033 παρὰ
538 984 616 1020 τοῦ
656 976 873 1020 Ἰωνάθου
916 976 1196 1032 πεμφθέντας
1239 978 1343 1031 μετὰ
1384 985 1472 1019 τῶν

126 1049 368 1091 ἐπιστολῶν
401 1048 614 1103 ἐμπεσεῖν.
676 1047 747 1090 καὶ
781 1049 826 1090 οἱ
854 1046 933 1103 μὲν
966 1049 1125 1103 ἄνδρες
1157 1048 1472 1103 ἐφυλάχθησαν

127 1119 195 1162 ἐπὶ
234 1127 320 1160 τῶν
361 1121 528 1172 τόπων,
567 1118 625 1168 ὡς
664 1120 952 1173 παρήγγειλα,
995 1126 1086 1167 τοῖς
1131 1116 1178 1159 δὲ
1223 1119 1472 1173 γράμμασιν

91 1190 321 1245 ῡέντυχὼν
353 1190 536 1243 πλήρεσι
569 1191 860 1243 βλασφημιῶν
897 1187 968 1230 καὶ
1010 1189 1288 1243 ψευσμάτων,
1322 1188 1471 1231 οὐδενὶ

126 1267 261 1302 ταῦτα
293 1259 477 1314 φράσας,
511 1259 652 1313 ὁρμᾶν
685 1257 751 1300 ἐπ’
788 1258 948 1308 αὐτοὺς
981 1259 1259 1314 διενοούμην.

216 1330 362 1385 <246>
400 1329 665 1379 ἀκούσαντες
703 1328 741 1371 δ’
791 1330 836 1371 οἱ
870 1327 968 1382 περὶ
1007 1331 1084 1371 τὸν
1117 1329 1335 1384 Ἰωνάθην
1373 1329 1472 1385 περὶ

127 1408 202 1456 τῆς
235 1400 337 1455 ἐμῆς
369 1399 571 1454 ἀφίξεως,
596 1401 698 1449 τοὺς
725 1401 866 1449 ἰδίους
891 1400 1055 1449 πάντας
1081 1400 1375 1455 ἀναλαβόντες
1400 1400 1472 1442 καὶ

128 1474 204 1514 τὸν
231 1468 442 1525 Ἰωάννην
472 1470 762 1525 ὑπεχώρησαν
789 1471 849 1519 εἰς
874 1471 954 1525 τὴν
974 1469 1119 1524 Ἰησοῦ
1151 1473 1314 1513 οἰκίαν·
1347 1473 1474 1527 βᾶρις

130 1541 167 1584 δ’
205 1540 260 1596 ἦν
294 1542 400 1595 αὕτη
434 1541 598 1595 μεγάλη
631 1539 702 1582 καὶ
736 1539 868 1582 οὐδὲν
901 1540 1178 1593 ἀκροπόλεως
1210 1541 1471 1584 ἀποδέουσα.

128 1613 373 1667 κρύψαντες
405 1608 487 1653 οὖν
519 1613 652 1666 λόχον
685 1611 875 1653 ὁπλιτῶν
909 1611 956 1653 ἐν
988 1612 1113 1667 αὐτῇ,
1143 1611 1215 1653 καὶ
1242 1613 1316 1662 τὰς
1341 1614 1474 1661 ἄλλας

129 1683 463 1731 ἀποκλείσαντες
493 1682 651 1736 θύρας,
683 1684 787 1735 μιάν
821 1678 861 1723 δ’
893 1681 1158 1735 ἀνοίξαντες,
1189 1683 1473 1737 προσεδόκων

127 1755 250 1808 ἥκειν
272 1753 317 1794 ἐκ
343 1759 418 1806 τῆς
443 1751 552 1794 ὁδοῦ
578 1768 630 1807 με
655 1754 763 1807 πρὸς
789 1752 948 1802 αὐτοὺς
973 1753 1292 1807 ἀσπασόμενον.
1331 1754 1473 1806 <247>

128 1823 199 1866 καὶ
232 1825 285 1877 δὴ
321 1823 523 1865 διδόασιν
556 1821 734 1872 ἐντολὰς
766 1830 856 1872 τοῖς
886 1824 1095 1877 ὁπλίταις,
1128 1822 1304 1865 ἐπειδὰν
1336 1838 1472 1877 παρα-

128 1895 336 1950 γένωμαι,
363 1895 501 1947 μόνον
529 1894 748 1934 εἰσελθεῖν
774 1893 911 1946 ἐᾶσαι,
938 1896 1040 1943 τοὺς
1065 1895 1224 1943 ἄλλους
1244 1894 1468 1949 ἀπείρξαν-

128 1978 223 2015 τας·
264 1964 378 2005 οὕτω
416 1964 498 2018 γὰρ
538 1962 676 2019 ᾤοντό
714 1979 765 2018 με
809 1965 1075 2018 γενήσεσθαι
1119 1964 1282 2021 ῥαδίως
1323 1965 1472 2014 αὐτοῖς

130 2037 397 2091 ὑποχείριον.
460 2033 743 2088 ἐψεύσθησαν
776 2032 824 2075 δὲ
856 2041 930 2088 τῆς
962 2034 1148 2085 ἐλπίδος.
1209 2035 1353 2089 (248)
1386 2035 1470 2088 ἐγὼ

129 2108 211 2161 γὰρ
249 2106 329 2159 τὴν
369 2104 607 2159 ἐπιβουλὴν
644 2106 1020 2159 προαισθόμενος,
1059 2106 1116 2154 ὡς
1160 2104 1206 2147 ἐκ
1249 2111 1324 2159 τῆς
1362 2105 1470 2147 ὁδοῦ

129 2177 456 2232 παρεγενόμην,
500 2175 744 2223 καταλύσας
793 2175 996 2230 ἄντικρυς
1045 2175 1190 2217 αὐτῶν
1234 2175 1471 2217 καθεύδειν

131 2248 416 2302 ἐσκηπτόμην.
480 2244 635 2299 <249>
673 2243 746 2286 καὶ
784 2245 830 2286 οῖ
862 2244 960 2300 περὶ
997 2247 1074 2288 τὸν
1108 2244 1323 2300 Ἰωνάθην
1365 2246 1470 2288 ὑπο-

131 2317 428 2373 λαμβάνοντες
473 2316 610 2365 ὄντως
661 2313 972 2358 ἀναπαύεσθαί
1009 2332 1059 2371 με
1103 2315 1470 2370 καθυπνωμένον,

1187 2386 1257 2418 ²23ss

1499 1341 1544 1372 48
