1732 2526
173 86 229 126 52
665 84 1027 118 APXAIOAOFIAZ

173 193 330 235 ἕκαστα
363 192 530 247 δωρεὰς
562 190 729 246 ἐδίδου,
761 191 833 234 καὶ
864 191 987 243 τέλος
1017 194 1101 247 ἤδη
1128 194 1274 234 πείθει
1305 194 1414 247 πρὸς
1444 193 1522 234 τὸν

169 262 372 318 ἹΙρώδην
412 261 650 318 ἀναφέρειν
688 265 766 305 τὸν
804 265 952 317 λόγον.
1013 263 1159 317 <308>
1198 263 1220 305 ὃ
1267 259 1306 305 δ’
1350 262 1430 305 οὐκ
1466 260 1522 316 ἧν
1574 278 1579 282 ·

173 335 254 388 τὴν
291 329 584 387 Ἀλεξάνδρου
630 334 844 375 δύσνοιαν
888 333 931 384 ἐξ
978 330 1039 375 ὧν
1090 335 1239 387 ἔλεγεν
1290 332 1523 387 ἀκηκοέναι

176 405 465 459 διηγούμενος
497 403 730 458 ἀπίθανος,
757 403 850 446 ἀλλ’
878 404 992 446 οὕτω
1022 403 1200 458 διέθηκε
1225 406 1303 447 τὸν
1328 403 1524 459 βασιλεά,

174 475 396 531 περιάγων
430 474 499 516 ἀεὶ
531 481 621 524 τοῖς
654 475 820 529 ῥήμασι
852 473 925 516 καὶ
965 475 1242 530 παροξύνων,
1279 475 1336 524 ὡς
1371 474 1524 529 ἀμετά-

176 560 378 601 γνωστον
404 552 585 600 ποιῆσαι
611 547 658 587 τὸ
686 553 822 600 μῖσος.
867 543 1060 599 ἐδήλωσε
1088 543 1136 587 δὲ
1161 544 1233 587 καὶ
1259 543 1360 600 παρ’
1389 545 1524 587 αὐτὸν

175 619 252 659 τὸν
284 618 460 671 καιρόν·
492 616 638 669 <309>
678 616 818 665 εὐθὺς
855 617 938 669 γὰρ
978 616 1201 670 Εὐρυκλεῖ
1237 617 1392 658 δίδωσι
1424 630 1526 658 πεν-

176 690 363 742 τήκοντα
395 687 586 729 τάλαντα
620 687 803 742 δωρεάν.
849 686 871 728 ὃ
899 684 947 728 δὲ
973 693 1107 728 ταῦτα
1133 687 1296 741 λαβών,
1321 685 1393 728 καὶ
1419 688 1528 742 πρὸς

175 760 254 800 τὸν
282 756 519 813 Ἀρχέλαον
553 757 719 812 ἀναβὰς
750 759 827 798 τὸν
859 756 1041 810 βασιλέα
1072 764 1160 798 τῶν
1208 758 1527 811 Καππαδόκων,

176 831 254 871 τὸν
290 827 581 882 Ἁλέξανδρον
629 825 780 883 ἐπῄνει
823 826 896 869 καὶ
949 829 1161 883 χρήσιμος
1214 829 1361 882 ἔλεγεν
1411 828 1527 885 αὐτῷ

176 900 317 941 πολλὰ
356 899 464 955 πρὸς
501 899 593 948 τὰς
617 899 865 952 διαλλαγὰς
891 899 967 948 τάς
1003 900 1112 953 πρὸς
1149 899 1228 940 τὸν
1265 897 1428 954 πατέρα
1459 914 1528 953 γε-

178 973 405 1023 γενῆσθαι.
468 969 616 1022 <31Ο>
655 969 1033 1024 χρηματισάμενος
1074 966 1121 1010 δὲ
1159 967 1231 1010 καὶ
1267 965 1372 1023 παρ’
1421 969 1529 1011 ἐκεί-

178 1057 277 1095 νου,
308 1038 414 1094 πρὶν
445 1044 823 1094 καταφωραθῆναι
854 1045 930 1093 τῆς
960 1042 1237 1094 κακοηθείας,
1269 1038 1409 1095 ἀπῄει.

268 1110 414 1165 <311>
435 1110 669 1164 Εὐρυκλῆς
701 1107 781 1164 μὲν
815 1109 910 1152 οὐδ’
948 1110 996 1152 ἐν
1022 1117 1072 1165 τῇ
1094 1111 1395 1165 Λακεδαίμονι
1421 1125 1530 1153 παυ-

181 1182 369 1236 σάμενος
402 1178 514 1222 εἶναι
546 1183 789 1235 μοχθηρός,
821 1179 891 1222 ἐπὶ
922 1184 1101 1230 πολλοῖς
1133 1180 1397 1236 ἀδικήμασιν
1429 1181 1530 1224 ἀπε-

182 1253 374 1307 στερήθη
413 1257 489 1304 τῆς
527 1252 753 1305 πατρίδος·
794 1251 817 1293 ὁ
856 1248 904 1292 δὲ
937 1258 1025 1292 τῶν
1060 1249 1286 1293 Ἰουδαίων
1324 1254 1531 1306 βασιλεὺς

182 1323 262 1378 οὐχ
307 1323 452 1375 ὥσπερ
493 1324 708 1376 πρότερον
750 1318 837 1376 εἶχε
882 1323 992 1374 πρός
1041 1337 1086 1363 τε
1127 1322 1204 1363 τὸν
1244 1320 1532 1376 Ἀλέξανδρον

182 1392 254 1435 καὶ
285 1394 363 1435 τὸν
390 1393 747 1446 Ἀριστόβουλον,
779 1391 954 1434 ἀκούων
988 1394 1128 1446 μόνον
1159 1393 1234 1442 τὰς
1264 1393 1356 1434 κατ’
1387 1393 1532 1435 αὐτῶν

184 1464 406 1519 διαβολάς,
452 1463 548 1504 ἀλλ’
597 1464 683 1517 ἤδη
723 1463 796 1504 διὰ
834 1466 988 1517 μίσους
1034 1464 1200 1505 οἰκείου
1242 1462 1533 1518 γεγενημένος

184 1535 344 1588 αὐτοῖς,
371 1535 411 1575 εἰ
435 1533 506 1575 καὶ
539 1534 595 1588 μὴ
624 1532 743 1588 λέγοι
770 1550 849 1587 τις,
868 1534 1205 1589 περιειργάζετο,
1232 1534 1376 1589 <312>
1395 1549 1532 1589 παρα-

184 1612 331 1661 τηρῶν
364 1604 522 1646 ἕκαστα
556 1603 629 1646 καὶ
667 1606 1006 1659 πυνθανόμενος
1047 1603 1119 1646 καὶ
1156 1611 1289 1646 πᾶσιν
1331 1605 1534 1655 ἐνδιδοὺς

188 1684 279 1725 τοϊς
311 1675 613 1730 βουλομένοις,
655 1680 700 1717 εἴ
730 1691 794 1724 τις
832 1677 923 1730 ἔχοι
961 1691 1001 1716 τι
1041 1672 1133 1717 κατ’
1171 1675 1349 1717 ἐκείνων
1381 1677 1533 1730 εἰπεῖν,

186 1780 194 1788 .
212 1746 492 1800 ..Εὐάρατόν
512 1761 557 1787 τε
578 1747 712 1803 Κῷον
729 1744 996 1803 Ἀλεξάνδρῳ
1018 1745 1279 1787 συνειδέναι.
1311 1745 1384 1787 καὶ
1403 1752 1531 1788 τοῦτο

185 1816 266 1872 μὲν
310 1814 392 1858 οὖν
433 1816 536 1858 καθ’
584 1816 752 1870 ἡδονὴν
795 1818 843 1859 τὸ
888 1816 1067 1858 πάντων
1113 1817 1294 1869 ῆδιστον
1331 1815 1534 1870 θΗρώδης

186 1887 442 1942 ἐλάμβανεν,

275 1958 419 2011 <313>
451 1956 720 2011 ἐπιγίγνεται
753 1955 801 1999 δὲ
832 1957 939 1999 κατὰ
978 1965 1066 1999 τῶν
1103 1959 1349 1999 νεανίσκων
1386 1959 1533 2012 μεῖζόν

187 2044 243 2082 τι,
275 2026 637 2083 σκευωρουμένης
669 2027 736 2069 ἀεὶ
768 2034 842 2081 τῆς
879 2025 970 2069 κατ’
1016 2027 1163 2069 αὐτῶν
1201 2029 1421 2082 διαβολῆς,
1462 2027 1534 2070 καὶ

187 2105 321 2141 πᾶσιν
354 2099 412 2148 ὡς
443 2099 583 2140 εἰπεῖν
616 2100 760 2140 ἄθλου
791 2099 951 2140 τούτου
988 2097 1278 2153 προκειμένου
1317 2097 1461 2152 λέγειν
1493 2114 1534 2140 τι

187 2167 287 2223 περὶ
319 2167 500 2211 ἐκείνων
534 2168 756 2225 δυσχερές,
794 2169 816 2211 ὃ
854 2171 963 2224 πρὸς
999 2175 1073 2224 τῆς
1110 2176 1188 2211 τοῦ
1227 2170 1535 2222 βασιλεύοντος

1549 841 1580 865 10

1551 1192 1582 1218 15

1552 1547 1586 1571 20

189 2239 329 2281 ἐδόκει
364 2241 590 2295 σωτηρίας.
652 2240 798 2293 <314>
831 2240 1198 2294 σωματοφύλακες
1228 2236 1533 2296 ῆσαν“Ηρώδῃ
1553 2252 1586 2277 30

284 2324 302 2362 ξ
329 2323 396 2355 313
423 2320 469 2356 cf.
496 2320 586 2356 Bell.
614 2320 691 2356 Iud.
718 2320 735 2354 Ι
761 2324 816 2365 26,
844 2325 875 2355 3.
