1732 2526
200 67 256 108 32
693 68 1057 101 APXAIOAOFIAZ

198 175 343 228 <189>
381 174 529 224 στάσις
566 175 649 229 γὰρ
687 171 743 228 ἦν
774 175 919 229 ὥσπερ
959 174 1175 230 ἐμφυλίου
1215 172 1410 228 πολέμου
1442 175 1550 216 κατὰ

198 245 279 298 τὴν
300 244 440 299 αὐλὴν
466 244 538 287 καὶ
564 247 667 300 μίση
694 247 803 301 πρὸς
823 245 1039 299 ἀλλήλους
1061 243 1551 299 ἀνθυπερβαλλομένων
1575 283 1580 287 .

198 323 293 365 ταῖς
335 316 573 369 διαβολαῖς.
642 316 787 371 <19Ο>
830 315 1083 371 ἐστρατήγει
1125 311 1165 356 δ’
1208 313 1275 356 ἀεὶ
1315 315 1423 356 κατὰ
1463 322 1551 357 τῶν

199 385 405 441 ἀδελφῶν
432 384 732 441 Ἀντίπατρος,
765 387 909 435 δεινὸς
941 386 1002 427 ὢν
1035 385 1201 436 ἔξωθεν
1234 383 1314 440 μὲν
1345 386 1551 441 περιβάλ-

199 460 294 499 λειν
326 457 487 506 αὐτοὺς
511 464 605 506 ταῖς
630 459 803 511 αἰτίαις,
836 457 966 506 αὐτὸς
992 454 1040 498 δὲ
1065 457 1276 506 πολλάκις
1307 456 1552 510 ἀπολογου-

200 527 335 582 μένου
379 529 515 570 τόπον
559 528 820 582 λαμβάνων,
869 525 927 569 ἵν’
977 531 1042 582 εἴη
1087 528 1135 569 τὸ
1182 529 1345 569 δοκοῦν
1389 528 1553 569 εὔνουν

199 599 356 640 πιστὸν
400 598 516 655 αὐτῷ
561 599 669 653 πρὸς
713 599 788 648 τὰς
832 597 1118 653 ἐπιχειρήσεις
1161 594 1223 639 ὧν
1264 597 1418 640 ἐδόκει.
1480 596 1554 639 καὶ

200 669 342 725 τούτῳ
374 674 434 725 τῷ
466 671 612 726 τρόπῳ
638 671 847 718 ποικίλως
874 667 1233 724 ἐκπεριεληλύθει
1265 670 1343 711 τὸν
1374 667 1554 724 πατέρα,

201 741 336 793 μόνος
378 737 488 794 ὑπὲρ
532 745 607 793 τῆς
652 738 822 781 ἐκείνου
874 741 1087 794 σωτηρίας
1131 740 1301 781 ἅπαντα
1347 739 1553 794 πράττειν

201 809 332 858 αὐτὸς
369 811 659 859 πεπιστωκώς.
722 810 868 863 <191>
905 809 927 850 ὃ
968 807 1016 851 δε
1053 808 1126 851 καὶ
1165 813 1464 864 Πτολεμαῖον,
1507 810 1554 860 ὃς

201 877 258 934 ἦν
307 880 424 937 αὐτῷ
478 880 701 934 διοικητὴς
749 887 837 922 τῶν
885 886 961 934 τῆς
1005 881 1229 934 βασιλείας
1271 881 1554 935 πραγμάτων,

197 946 465 1008 Ἀντιπάτρω
516 953 721 1004 συνιστη,
772 949 845 992 καὶ
895 966 1001 1005 μετα
1051 956 1127 1004 τῆς
1178 950 1350 993 ἐκείνου
1393 952 1556 1007 μητρὸς

200 1019 311 1076 ὑπερ
355 1029 444 1063 τῶν
488 1021 755 1075 ἐπειγόντων
800 1021 1071 1076 ἐβουλεύετο.
1141 1020 1214 1063 καὶ
1259 1023 1458 1064 καθόλου
1503 1022 1555 1063 τὰ

202 1089 327 1133 πάντ’
359 1089 471 1145 ἦσαν
505 1089 642 1145 οὗτοι,
674 1090 746 1133 καὶ
771 1092 978 1147 πράττειν
1011 1091 1091 1133 ὅσα
1117 1090 1311 1145 θέλοιεν,
1342 1090 1415 1133 καὶ
1445 1093 1556 1146 πρὸς

204 1163 419 1204 δύσνοιαν
451 1164 574 1217 ἄγειν
607 1164 685 1204 τὸν
717 1161 900 1216 βασιλέα
931 1170 1020 1204 τῶν
1052 1162 1219 1212 ἔξωθεν
1261 1162 1380 1212 ὅσοις
1412 1161 1555 1205 ἐδόκει

203 1232 456 1288 συμφέρειν.
521 1235 666 1288 <li-E»
700 1234 746 1275 οἱ
781 1231 820 1274 δ’
858 1232 905 1275 ἐκ
943 1239 1018 1287 τῆς
1050 1233 1323 1288 Μαριάμμης
1361 1234 1556 1287 χαλεπώ-

203 1319 332 1359 τερον
371 1303 438 1345 ἀεὶ
477 1305 743 1357 διετίθεντο,
781 1301 854 1345 καὶ
891 1304 973 1358 τὴν
1010 1303 1188 1358 ἀτιμίαν
1225 1302 1298 1345 ὑπ’
1334 1303 1556 1358 εὐγενείας

205 1374 286 1417 οὐκ
317 1376 478 1430 ἔφερον
503 1374 809 1431 παρεωσμένοι
835 1373 908 1416 καὶ
933 1374 1056 1425 τάξιν
1084 1372 1344 1429 ἀτιμοτέραν
1372 1375 1556 1430 ἔχοντες.

204 1446 253 1486 αἴ
281 1461 329 1499 γε
362 1447 450 1500 μὴν
482 1454 707 1500 γυναῖκες,
747 1446 892 1500 <193>
929 1445 956 1499 ἡ
995 1443 1075 1499 μὲν
1103 1443 1374 1502 Ἀλεξάνδρῳ
1407 1456 1556 1486 συνοι-

204 1523 364 1569 κοῦσα,
400 1517 603 1572 θυγάτηρ
631 1515 869 1572 Ἀρχελάου
902 1517 1138 1571 Γλαφύρα,
1178 1522 1305 1570 μῖσος
1341 1512 1458 1570 εἶχεν
1496 1517 1558 1565 εἰς

206 1587 285 1641 τὴν
318 1587 540 1641 Σαλώμην
578 1587 686 1628 κατά
723 1602 769 1629 τε
806 1587 887 1641 τὴν
918 1588 1027 1643 πρὸς
1067 1587 1146 1628 τὸν
1178 1586 1319 1641 ἄνδρα
1352 1585 1558 1627 διάθεσιν

205 1656 287 1698 κάκ
312 1663 391 1699 τοῦ
416 1658 525 1712 πρὸς
549 1658 629 1711 τὴν
658 1656 826 1711 ἐκείνης
850 1655 1074 1711 θυγατέρα
1102 1658 1251 1698 δοκεῖν
1269 1656 1558 1711 ὑπερηφανώ-

205 1743 334 1783 τερον
362 1729 631 1769 διακεῑσθαι·
677 1726 865 1784 συνῴκει
890 1725 971 1782 μὲν
997 1728 1080 1781 γὰρ
1110 1724 1446 1784 Ἀριστοβούλῳ,
1477 1728 1558 1781 τὴν

207 1795 254 1840 δὲ
289 1799 508 1852 ἰσοτιμίαν
541 1797 675 1851 αὐτῆς
707 1797 995 1851 ἀνηξιοπάθει
1028 1798 1255 1853 Γλαφύρα.

295 1868 442 1923 <194>
484 1867 690 1923 δευτέρας
729 1864 812 1910 οὖν
852 1869 1011 1922 ταύτης
1049 1869 1195 1924 ἔριδος
1232 1867 1558 1922 ἐμπεπτωκυίας

208 1938 302 1981 οὐδ’
348 1939 370 1981 ὁ
409 1945 487 1980 τοῦ
525 1938 739 1993 βασιλέως
777 1938 966 1994 ἀδελφὸς
1006 1940 1216 1995 Φερώρας
1253 1938 1333 1988 ἔξω
1370 1944 1559 1993 ταραχῆς

206 2006 274 2063 ἦν.
350 2011 468 2051 ἰδίαν
512 2007 551 2051 δ’
601 2010 820 2052 ὑπόθεσιν
863 2010 1054 2061 ὑποψίας
1102 2008 1174 2052 καὶ
1224 2011 1380 2063 μίσους
1423 2005 1559 2064 εἶχεν·

208 2079 495 2122 ἐνεπεπτώκει
539 2078 619 2134 μὲν
662 2081 745 2136 γὰρ
797 2082 858 2130 εἰς
908 2082 1047 2136 ε”ρωτα
1099 2080 1397 2133 δουλευούσης
1439 2078 1556 2134 αὐτῷ

207 2152 437 2204 γυναικός,
479 2150 635 2204 ἥττητο
680 2148 728 2192 δὲ
772 2156 848 2204 τῆς
889 2151 1132 2205 ἀνθρώπου
1172 2151 1444 2205 μεμηνότως,
1489 2147 1559 2190 ἐπὶ

1574 827 1607 852 10

1576 1181 1609 1206 15

1578 1535 1611 1561 20

1578 1888 1610 1914 25

208 2226 421 2262 τοσοῦτον
458 2221 755 2275 κρατούμενος
792 2221 893 2263 ὥστ’
935 2221 1053 2278 αὐτῷ
1093 2219 1165 2262 καὶ
1201 2226 1277 2274 τῆς
1315 2226 1393 2262 τοῦ
1434 2221 1557 2273 βασι-
1576 2241 1612 2267 30

307 2315 326 2354 ξ
349 2315 417 2346 190
438 2311 482 2347 cf.
504 2312 595 2348 Bell.
618 2312 694 2347 Iud.
716 2313 732 2346 Ι
752 2316 808 2357 24,
831 2317 860 2348 1.
960 2317 978 2355 g
1000 2316 1068 2346 194
1089 2312 1134 2348 cf.
1156 2311 1248 2347 Bell.
1269 2312 1348 2347 Iud.
1369 2312 1384 2346 Ι
1405 2314 1462 2355 24,
1483 2315 1514 2347 5.
