1732 2526
210 68 301 109 244
708 69 1069 102 ΑΡΧΑΙΟΛΟΓΙΑΣ

210 176 357 229 <222>
384 174 454 216 καὶ
481 177 700 217 πλειόνων
726 182 805 218 τοῦ
831 182 1144 230 στρατιωτικοῦ
1176 174 1562 231 συστρεφομένων,

209 248 353 300 φυγαί
390 244 426 287 τ’
470 242 583 299 ἦσαν
622 252 701 288 τοῦ
742 246 898 300 ὁμίλου
939 244 1012 287 καὶ
1052 246 1260 301 προόδων
1300 245 1460 301 ἀπορία
1500 252 1560 303 τῷ

207 317 419 373 Κλαυδίῳ
453 312 511 358 δι’
548 315 786 358 ἀσθένειαν
817 323 897 358 τοῦ
936 318 1153 371 σώματος,
1196 314 1287 358 ἐπεὶ
1323 315 1395 358 καὶ
1433 317 1478 359 οἱ
1511 318 1560 359 τὸ

203 394 392 442 φορεῖον
425 387 561 430 αὐτοῦ
592 386 801 442 φέροντες
832 386 930 443 περὶ
962 388 1041 441 τὴν
1074 386 1275 442 ἁρπαγὴν
1310 386 1447 429 αὐτοῦ
1478 387 1559 429 πύ-

203 469 338 507 στεως
369 456 730 512 παραγενομένης
761 464 880 513 φυγῇ
913 460 1074 509 ἔσωζον
1107 458 1287 511 αὑτούς,
1328 456 1400 499 ἀπ’
1438 456 1556 499 ἐλπί-

204 529 280 578 δος
321 527 505 582 θέμενοι
542 529 623 582 τὴν
661 530 882 583 σωτηρίαν
920 535 998 571 τοῦ
1037 530 1263 571 δεσπότου.
1325 528 1471 582 (223)
1509 527 1557 569 ἐν

202 599 455 655 εὐρυχωρία
500 597 547 640 δὲ
592 606 670 641 τοῦ
713 601 926 641 παλατίου
971 598 1226 653 γενομένοις
1276 597 1469 654 (πρῶτον
1513 596 1552 640 δ’

203 671 440 723 οἰκηθῆναι
473 675 547 723 τῆς
572 668 796 724 Ῥωμαίων
827 671 994 719 πόλεως
1035 676 1163 712 τοῦτο
1195 670 1501 725 παραδίδωσιν
1533 669 1556 711 ὁ

203 739 304 795 περὶ
337 740 469 793 αὐτῆς
502 739 650 793 λόγος)
683 738 755 781 καὶ
782 741 865 794 ἤδη
891 746 970 782 τοῦ
997 741 1210 794 δημοσίου
1238 738 1556 794 ἀντιλαμβανο-

203 809 354 865 μένοις
384 811 499 852 πολὺ
531 812 696 851 πλείων
721 809 747 863 ἡ
775 809 1048 865 ἐπιφοίτησις
1071 807 1127 864 ἧν
1151 817 1239 851 τῶν
1266 817 1556 864 στρατιωτῶν,

203 886 317 936 χαρᾷ
353 881 433 934 τὴν
474 881 578 931 ὄψιν
617 879 867 936 δεχομένων
904 887 983 923 τοῦ
1015 881 1266 933 Κλαυδίου,
1304 878 1404 935 περὶ
1440 883 1558 922 πλεί-

205 962 309 993 στου
353 949 391 992 τ’
435 948 490 1005 ἦν
535 951 683 1000 αὐτοῖς
729 951 1028 1006 αὐτοκράτορα
1073 951 1319 1005 στήσασθαι
1363 952 1439 993 τὸν
1484 952 1558 992 ἄν-

203 1026 389 1075 θρωπον
435 1021 585 1078 εὐνοία
630 1028 680 1077 τῇ
724 1028 804 1064 τοῦ
845 1024 1140 1077 Γερμανικοῦ·
1191 1021 1380 1076 ἀδελφὸς
1422 1019 1460 1063 δ’
1502 1018 1558 1076 ἦν

205 1092 364 1147 αὐτοῦ,
409 1091 478 1134 ἐπὶ
522 1091 632 1147 μέγα
676 1098 782 1134 πᾶσι
825 1100 916 1142 τοῖς
957 1093 1197 1147 ὡμιληκόσι
1237 1092 1559 1142 καταλελοιπὼς

204 1161 330 1212 κλέος
360 1164 408 1205 τὸ
443 1163 590 1204 αὑτοῦ.
654 1164 797 1217 (224)
831 1163 1125 1217 ἀναλογισμός
1155 1161 1189 1204 τ’
1230 1163 1391 1213 αὐτοὺς
1422 1160 1557 1219 εἰσῄει

203 1239 278 1287 τῆς
318 1249 361 1275 τε
403 1234 655 1284 πλεονεξίας
695 1240 782 1275 τῶν
824 1234 872 1276 ἐν
909 1240 960 1288 τῇ
1000 1236 1227 1291 συγκλήτῳ
1266 1234 1554 1275 δυναστευόν-

203 1319 311 1358 των,
355 1302 427 1345 καὶ
469 1301 594 1346 ὁπόσ’
641 1302 710 1345 ἐπὶ
752 1309 827 1358 τῆς
863 1302 969 1359 πρὶν
1012 1304 1146 1359 ἀρχῆς
1182 1303 1402 1359 ἡμάρτητο
1435 1304 1557 1359 αὐτῇ.

202 1374 347 1427 (225)
379 1375 488 1430 πρὸς
521 1372 569 1415 δὲ
601 1372 673 1415 καὶ
704 1375 752 1416 τὸ
785 1373 1011 1429 ἀμήχανον
1043 1381 1123 1416 τοῦ
1153 1374 1406 1429 πράγματος
1436 1389 1558 1416 κατε-

200 1447 358 1499 νόουν,
402 1443 474 1486 καὶ
511 1444 644 1486 πάλιν
681 1445 742 1493 είς
782 1442 880 1494 ἑνὸς
918 1444 1057 1500 ἀρχὴν
1095 1443 1430 1499 μεθισταμένων
1468 1452 1556 1487 τῶν

202 1515 317 1557 ὅλων
360 1516 598 1565 κινδύνους
642 1515 790 1564 αὐτοῖς
833 1513 985 1571 φέρειν
1031 1513 1087 1557 δι’
1141 1513 1240 1564 ἐνὸς
1283 1513 1556 1570 κτησαμένου

201 1587 281 1640 τὴν
313 1585 452 1641 ἀρχὴν
483 1586 600 1639 παρὰ
631 1587 710 1628 τὸν
743 1585 1002 1641 ἐπιχωρήσει
1033 1584 1105 1627 καὶ
1137 1585 1290 1643 εὐνοίᾳ
1325 1591 1375 1641 τῇ
1408 1586 1555 1628 αὑτῶν

201 1658 392 1710 λαβόντα
442 1657 690 1710 Κλαύδιον,
740 1657 1034 1711 μνημονεύσει
1083 1672 1128 1698 τε
1178 1656 1355 1712 χάριτος
1406 1656 1556 1706 αὐτοῖς

201 1725 469 1768 ἀποδιδόντα
499 1727 628 1781 τιμὴν
660 1726 686 1780 ἣ
719 1725 788 1768 ἐπὶ
820 1728 1035 1777 τοιούτοις
1062 1724 1221 1781 γένοιτ’
1251 1726 1307 1768 ἂν
1338 1726 1554 1783 ἀρκοῦσα.

292 1797 448 1851 <226>
492 1803 626 1838 ταῦτα
669 1798 778 1852 πρός
821 1795 855 1838 τ’
901 1797 1116 1852 ἀλλήλους
1158 1796 1231 1839 καὶ
1277 1794 1334 1839 δι’
1373 1795 1556 1847 ἑαυτοὺς

205 1866 410 1922 διεξῇσαν
441 1865 514 1908 καὶ
545 1873 635 1916 τοῖς
666 1865 733 1908 ἀεὶ
763 1869 1086 1922 προσπίπτουσι
1119 1869 1366 1922 διηγοῦντο.
1429 1870 1474 1909 οἳ
1504 1865 1553 1910 δὲ

203 1939 538 1991 πυνθανόμενοι
563 1938 806 1993 προθύμως
831 1936 1033 1993 ἐδέχοντο
1059 1939 1139 1992 τὴν
1164 1939 1420 1993 πρόκλησιν,
1447 1949 1554 1992 συμ-

204 2006 446 2063 φράξαντές
482 2023 526 2049 τε
565 2007 637 2049 καὶ
674 2010 1025 2063 περικλείσαντες
1061 2006 1172 2063 ἦγον
1209 2007 1278 2050 ἐπὶ
1316 2014 1394 2050 τοῦ
1427 2020 1554 2064 στρα-

204 2077 393 2120 τοπέδου
425 2078 629 2133 φοράδην
661 2079 1060 2134 ἀναβαστάσαντες,
1100 2080 1157 2129 ὡς
1188 2080 1246 2134 μὴ
1279 2078 1553 2133 ἐμποδίζοιτο

206 2149 352 2198 αὐτοῖς
395 2148 421 2202 ἡ
466 2148 634 2199 ἔπειξις.
696 2149 839 2204 <227>
885 2151 1168 2205 διεστήκεσαν
1212 2147 1250 2191 δ’
1298 2149 1345 2190 αἱ
1384 2156 1554 2204 γνῶμαι

205 2225 284 2262 τοῦ
315 2235 360 2261 τε
393 2220 535 2274 δήμου
567 2218 638 2261 καὶ
670 2227 757 2262 τῶν
789 2219 835 2262 ἐκ
867 2227 941 2275 τῆς
972 2223 1150 2275 βουλῆς,
1182 2222 1227 2263 οἳ
1255 2217 1335 2275 μὲν
1367 2219 1553 2275 ἀξιώμα-

205 2293 278 2341 τός
307 2305 352 2332 τε
383 2295 461 2332 τοῦ
486 2292 699 2346 πρότερον
726 2290 998 2347 ὀρεγόμενοι,
1029 2289 1099 2333 καὶ
1131 2291 1336 2334 δουλείαν
1362 2289 1553 2344 ἐπακτὴν

1577 821 1610 845 10

1579 1174 1611 1199 15

1576 1527 1610 1552 20

1573 1879 1606 1904 25

1572 2231 1607 2257 30
