1732 2526
589 56 1027 89 ENNEAKAIAEKATH
1396 53 1481 95 ‘229

134 165 273 217 μόνον
305 163 330 216 ἡ
363 161 433 205 ἐπὶ
464 169 554 212 τοῖς
592 160 876 215 ἠγγελμένοις
912 162 1022 217 χαρὰ
1061 161 1170 203 ἀλλὰ
1208 160 1279 203 καὶ
1318 163 1343 215 ἡ
1377 161 1482 211 δόξα

134 240 208 287 τῆς
233 233 495 289 ἀκροάσεως,
524 232 667 286 <133>
700 233 745 274 οἳ
767 229 848 285 μὲν
874 232 1066 281 δεδιότες
1091 233 1148 286 μὴ
1175 231 1246 273 καὶ
1276 236 1481 282 ψευσθεῖ-

133 315 205 345 σιν
246 303 420 353 ἐλπίδος
457 304 658 357 τιμωριάι
698 301 961 344 συνέλθοιεν
1006 303 1063 351 ὡς
1101 302 1480 356 προεξορμήσασιν

134 373 449 428 ἀποφήνασθαι
487 373 566 426 τὴν
605 372 808 414 διάνοιαν
847 373 926 426 τὴν
967 370 1156 426 ἑαυτῶν,
1195 374 1239 414 οἳ
1270 369 1308 413 δ’
1346 372 1481 422 ἐξεπι-

98 444 339 498 ῦστάμενοι
389 444 462 485 διὰ
512 444 560 485 τὸ
604 448 678 496 τῆς
722 442 956 497 ἐπιβουλῆς
1002 450 1230 498 μετασχεῖν
1275 445 1482 497 μειζόνως

132 516 347 569 ἔκρυπτον
380 514 582 568 ἀλλήλων
614 512 785 569 ἀγνοίᾳ,
817 511 889 554 καὶ
923 514 1114 562 δεδιότες
1143 514 1201 568 μὴ
1228 515 1337 568 πρός
1362 530 1484 563 τινας

131 586 341 639 εἰπόντες,
373 578 438 634 οἷς
470 584 495 638 ἡ
527 582 736 639 τυραννὶς
769 581 935 626 ἑστῶσα
968 582 1189 638 ὠφέλιμος
1220 580 1291 637 ἧν,
1325 585 1484 634 ζῶντος

131 657 269 697 Γαΐου
311 658 574 696 κολασθεῖεν
620 653 845 705 ἐνδείξεως
887 653 1148 709 γενομένης,
1193 654 1348 708 <lt-34>
1391 654 1483 696 ἐπεὶ

129 724 202 767 καὶ
234 725 378 780 ἕτερος
410 725 684 780 ἐπεφοιτήκει
717 728 865 779 λόγος,
905 724 1194 780 ὡρακιακέναι
1233 722 1312 780 μὲν
1345 725 1482 767 Γάιον

81 810 112 833 10
132 797 396 851 τραύμασιν,
441 796 494 838 οὐ
535 797 621 851 μὴν
660 796 905 838 ἀποθανεῖν
943 796 1054 838 ἀλλὰ
1093 794 1214 847 ζῶντ’
1259 795 1306 837 ἐν
1349 800 1483 851 θερα-

130 868 270 917 πειάις
296 867 380 909 ὑπὸ
408 874 495 908 τῶν
523 868 684 921 ἰατρῶν
710 863 835 909 εἶναι.
886 868 1029 921 (135)
1061 864 1116 921 ἧν
1149 882 1193 908 τε
1225 868 1376 916 πιστὸς
1408 867 1483 908 αὐ-

131 945 221 987 τοῖς
248 938 415 991 οὐδείς,
447 933 480 978 ὦ
515 937 597 979 κᾶν
622 939 850 992 θαρρήσας
878 939 1057 992 γνώμην
1084 937 1374 990 ἀποφαίνοιτο
1402 938 1483 991 τὴν

130 1007 282 1050 αὑτοῦ·
330 1009 352 1063 ἢ
386 1009 467 1062 γὰρ
500 1010 629 1062 φίλος
666 1009 728 1050 ὢν
765 1009 958 1058 ὕποπτος
995 1008 1190 1062 ἐγίγνετο
1224 1008 1375 1064 εὐνοία
1408 1015 1483 1062 τῆς

130 1076 411 1133 τυραννίδος,
456 1077 480 1131 ἢ
526 1077 597 1119 καὶ
641 1081 756 1132 μίσει
799 1080 908 1134 πρὸς
949 1078 1119 1120 ἐκεῖνον
1160 1080 1383 1133 χρώμενος
1423 1084 1480 1132 τῷ

33 1178 38 1181 .
79 1160 111 1185 15
130 1150 238 1202 πρὸς
264 1149 398 1190 αὐτὸν
426 1148 680 1202 οὐδαμόθεν
707 1148 858 1205 εὐνοία
885 1148 1094 1205 χρωμένῳ
1123 1149 1375 1203 διαφθείρει
1402 1150 1482 1203 τὴν

129 1219 197 1261 ἐπὶ
241 1227 331 1269 τοῖς
375 1218 627 1274 λεγομένοις
670 1221 829 1262 πίστιν.
891 1220 1049 1274 <13ss>
1095 1218 1264 1274 ἐλέγετο
1311 1218 1349 1260 δ’
1394 1219 1481 1262 ὑπό

127 1306 280 1343 τινων,
326 1293 370 1332 οἳ
406 1289 477 1332 καὶ
515 1290 700 1344 μάλιστα
738 1298 829 1340 τοῖς
866 1291 1148 1346 εὐπατρίδαις
1184 1290 1399 1344 ἠφάνιζον
1431 1292 1480 1333 τὸ

128 1361 357 1414 εὐθυμοῦν
390 1367 463 1415 τῆς
495 1359 684 1414 ἐλπίδος,
719 1360 766 1402 ἐν
800 1360 979 1416 ἀμελείᾳ
1011 1361 1235 1402 κινδύνων
1267 1363 1480 1415 γεγονότα

127 1429 198 1472 καὶ
235 1431 451 1486 ἄφροντιν
488 1432 672 1486 κομιδῆς
709 1438 798 1472 τῶν
836 1431 1116 1486 τραυμάτων,
1162 1431 1305 1486 ὥσπερ
1348 1429 1480 1486 εἶχεν,

74 1513 108 1538 20
131 1500 415 1557 ᾑματωμένον
467 1501 536 1543 ἐπὶ
585 1508 659 1556 τῆς
709 1502 872 1556 ἀγορᾶς
928 1502 1171 1543 διεκπεσεῖν
1215 1501 1297 1543 κάν
1343 1503 1478 1557 δημη-

127 1574 255 1629 γορία
292 1569 417 1614 εἶναι.
481 1573 624 1627 (137)
668 1571 740 1614 καὶ
778 1572 879 1613 τάδε
918 1570 997 1626 μὲν
1039 1572 1227 1623 εἰκάζετο
1270 1574 1479 1626 βουλήσει

126 1649 176 1697 τῇ
221 1642 436 1699 ἀλογίστῳ
479 1651 567 1684 τῶν
612 1647 769 1698 θροεῖν
811 1641 1122 1697 προθεμένων,
1165 1641 1237 1684 καὶ
1282 1639 1350 1684 ἐπ’
1399 1643 1477 1698 ἀμ-

126 1714 290 1767 φότερα
335 1712 440 1768 δόξῃ
483 1720 571 1754 τῶν
616 1712 870 1755 ἀκουόντων
913 1708 1239 1767 λαμβανόμενα·
1292 1712 1345 1755 οὐ
1390 1714 1477 1767 μὴν

125 1785 204 1837 τήν
246 1781 286 1836 γ’
329 1782 463 1837 ἕδραν
511 1782 728 1837 ἐξέλιπον,
774 1784 966 1833 δεδιότες
1006 1784 1085 1837 τὴν
1131 1783 1476 1839 ἐπενεχθησομέ-

72 1866 106 1891 25
124 1869 208 1907 νην
247 1852 528 1908 προεξιοῦσιν
561 1855 716 1895 αἰτίαν.
780 1854 833 1896 οὐ
871 1856 954 1908 γὰρ
993 1850 1069 1909 ἀφ’
1106 1851 1155 1908 ἧς
1186 1854 1350 1905 ἀξιοῖεν
1383 1856 1476 1897 δια-

124 1926 247 1973 νοίας
291 1926 556 1978 γενήσεσθαι
594 1923 692 1979 περὶ
730 1925 890 1975 αὐτοὺς
927 1925 1006 1979 τὴν
1047 1928 1212 1981 κρίσιν,
1257 1924 1350 1967 ἀλλ’
1396 1923 1470 1981 ἀφ’

128 1990 175 2048 ἧς
216 1994 399 2045 εἰκάζειν
444 1996 679 2048 θελήσειαν
724 1996 770 2037 οἵ
810 2011 852 2037 τε
898 1998 1272 2052 κατηγορήσαντες
1315 1996 1387 2038 καὶ
1431 1998 1478 2039 οἱ

125 2065 385 2116 δικάζοντες.

213 2135 358 2189 <138>
391 2133 483 2176 ἐπεὶ
516 2132 563 2175 δὲ
595 2133 666 2175 καὶ
699 2139 870 2189 πλῆθος
895 2143 982 2177 τῶν
1009 2138 1248 2191 Γερμανῶν
1274 2137 1471 2193 περιέσχε
1502 2150 1541 2182 17

70 2217 104 2242 ³0
123 2206 172 2247 τὸ
210 2203 401 2261 θεάτρον
443 2204 718 2259 ἐσπασμένον
758 2207 809 2248 τὰ
842 2205 966 2262 ξίφη,
1008 2213 1113 2249 πᾶσι
1154 2215 1244 2257 τοῖς
1283 2213 1472 2263 θεωροῖς

126 2274 246 2325 ἐλπὶς
278 2272 331 2329 ἦν
364 2274 647 2330 ἀπολεῖσθαι,
679 2275 750 2318 καὶ
781 2278 890 2333 πρὸς
915 2283 1059 2319 πᾶσαν
1086 2278 1350 2321 οὑτινοσοῦν
1382 2283 1468 2321 εἴσ-
