1732 2526
609 87 951 119 EKKAIAEKATH
1400 86 1420 126 1
1427 86 1454 127 5

193 193 308 247 <87>
351 194 460 247 πρὸς
502 190 583 247 μὲν
624 189 707 235 οὖν
750 194 881 247 τιμὴν
922 192 993 234 καὶ
1038 195 1085 236 τὸ
1123 201 1298 248 πρῶτον
1339 191 1500 236 εἷναι4

105 264 256 306 δοκεῖν
284 261 550 320 Ἀντιπάτρῳ
582 265 830 319 προυχώρει
862 265 913 306 τὰ
940 265 1047 305 κατὰ
1079 266 1159 318 τὴν
1186 264 1453 318 ἀποδημίαν·

104 333 176 376 καὶ
215 335 297 389 γὰρ
342 334 389 376 ἐν
433 340 483 389 τῇ
521 333 681 389 Ῥώμῃ,
719 341 854 376 πᾶσιν
901 334 1211 384 ἐπεσταλκότος
1247 333 1454 388 (Ηρώδου

104 412 196 454 τοῖς
238 407 400 460 φίλοις,
445 405 656 459 διάσημος
700 402 765 459 ἧν.
830 406 945 460 <238>
990 407 1151 460 ἤχθετο
1199 402 1245 446 δὲ
1290 411 1349 461 τῷ
1395 407 1453 460 μὴ

69 483 308 530 5παρεῖναι
340 473 442 529 μηδ’
480 477 594 530 ἔχειν
629 475 670 526 ἐξ
710 476 919 530 εὐκαίρου
958 475 1212 529 διαβάλλειν
1254 474 1321 517 ἀεὶ
1354 478 1456 525 τοὺς

106 545 340 600 ἀδελφούς,
371 544 442 586 καὶ
469 549 637 599 μᾶλλον
665 545 876 587 ἐδεδοίκει
903 547 1150 600 μεταβολὴν
1175 552 1253 587 τοῦ
1279 548 1456 600 πατρός,

106 620 150 658 εἴ
176 633 216 658 τι
249 615 321 657 καὶ
352 614 459 657 καθ’
495 616 630 658 αὑτὸν
663 616 889 667 ἀξιώσειεν
917 615 1234 670 ἐπιεικέστερον
1267 618 1328 666 εἰς
1352 618 1456 665 τοὺς

107 685 154 728 ἐκ
179 693 254 741 τῆς
273 686 547 741 Μαριάμμης
572 695 769 741 φρονεῖν.
814 687 929 741 <89>
955 693 1090 728 ταῦτα
1118 685 1166 728 δὲ
1193 685 1250 728 δι’
1284 686 1456 736 ἐννοίας

107 759 218 812 ἔχων
263 757 343 799 οὐκ
387 756 598 809 ἀφίστατο
642 763 718 810 τῆς
772 756 930 799 ἑαυτοῦ
979 756 1294 812 προαιρέσεως,
1346 757 1456 798 ἀλλὰ

56 842 90 867 10
110 827 333 881 κάκεῖθεν,
378 827 401 868 ὄ
445 843 485 869 τι
529 827 727 869 ἀνιάσειν
767 827 839 869 καὶ
883 828 1149 882 παροξυνεῖν
1192 829 1341 881 ἤλπιζε
1380 829 1457 870 τὸν

110 897 274 952 πατέρα
306 899 413 940 κατὰ
445 905 533 940 τῶν
565 897 786 953 ἀδελφῶν,
818 906 1011 954 συνεχῶς
1043 898 1314 953 ἐπέστελλεν,
1351 900 1457 952 πρό-

109 981 245 1024 φασιν
277 966 358 1023 μὲν
390 969 448 1019 ὡς
479 969 796 1023 ὑπεραγωνιῶν
830 969 981 1023 αὐτοῦ,
1013 971 1060 1011 τὸ
1094 967 1133 1010 δ’
1173 968 1348 1022 ἀληθές,
1377 967 1451 1023 ἀφ’

109 1037 159 1094 ἧς
191 1036 308 1094 εἶχεν
338 1040 470 1094 φύσει
502 1042 777 1094 κοκοηθειάς,
809 1041 888 1093 τὴν
928 1039 1084 1081 ἐλπίδα
1123 1040 1317 1094 μεγάλην
1350 1037 1450 1081 καθ’

111 1109 270 1164 ἑαυτὴν
315 1107 453 1152 οὖσαν
507 1110 878 1164 ἐμπορευόμενος,
931 1111 1045 1163 <90>
1087 1109 1167 1159 ἕως
1216 1111 1278 1159 εἰς
1327 1116 1456 1152 τοῦτο

60 1194 94 1219 15
112 1183 333 1235 προήγαγε
366 1182 442 1223 τὸν
468 1179 676 1235 (Ηρώδην
708 1181 841 1235 ὀργῆς
878 1178 950 1221 καὶ
989 1181 1241 1234 δυσθυμίας
1283 1181 1341 1230 ὡς
1372 1182 1455 1235 ἤδη

111 1249 191 1306 μὲν
224 1253 341 1307 ἔχειν
375 1252 602 1305 δυσμενῶς
631 1259 723 1300 τοῖς
753 1252 1008 1305 μειρακιόις,
1050 1252 1112 1292 ἔτι
1145 1248 1193 1292 δὲ
1225 1258 1456 1293 κατοκνεῖν

110 1324 172 1373 εἰς
201 1328 406 1365 τοιοῦτον
433 1321 618 1376 ἐμβῆναι
643 1322 798 1371 πάθος.
862 1321 920 1371 ὡς
947 1319 995 1363 δὲ
1021 1319 1120 1375 μήτ’
1153 1321 1326 1375 ἀμελῶν
1353 1318 1451 1376 μήτ’

111 1393 158 1435 ἐκ
195 1395 453 1448 προπετείας
493 1392 757 1447 ἁμαρτάνοι,
794 1399 993 1446 κρεῖττον
1035 1391 1227 1446 ἡγήσατο
1269 1393 1460 1442 πλεύσας

110 1465 171 1512 εἰς
184 1462 352 1518 Ῥώμην
385 1463 477 1505 ἐκεῖ
503 1470 592 1504 τῶν
623 1464 796 1504 παίδων
828 1469 1088 1517 κατηγορεῖν
1113 1463 1230 1517 παρὰ
1254 1465 1459 1517 Καίσαρι,

59 1547 94 1572 20
112 1533 184 1576 καὶ
217 1532 355 1588 μηδὲν
387 1534 503 1590 αὑτῷ
536 1539 740 1575 τοιοῦτον
773 1532 1018 1587 ἐπιτρέπειν
1061 1532 1083 1574 ὃ
1122 1532 1193 1574 καὶ
1232 1534 1305 1575 διὰ
1337 1532 1460 1587 μέγε-

110 1609 194 1654 θος
224 1611 300 1659 τῆς
336 1603 535 1658 ἀσεβείας
571 1604 768 1646 ὕποπτον
806 1601 873 1657 ἦν.
934 1604 1048 1657 <91>
1089 1604 1146 1653 ὡς
1179 1600 1218 1645 δ’
1262 1603 1458 1658 ἀνῆλθεν

112 1677 174 1725 εἰς
204 1675 284 1729 τὴν
308 1673 492 1729 Ῥώμην,
533 1673 704 1727 ἐγένετο
743 1671 823 1728 μὲν
855 1672 981 1728 μέχρι
1019 1680 1094 1728 τῆς
1121 1671 1351 1728 Ἀκυληίας
1382 1676 1460 1716 πό-

112 1750 221 1795 λεως
257 1747 449 1799 Καίσαρι
494 1751 727 1799 συντυχεῖν
774 1744 1070 1798 ἐπειγόμενος·
1118 1743 1264 1786 ἐλθὼν
1310 1742 1349 1785 δ’
1398 1745 1461 1793 είς

113 1819 287 1870 λόγους,
311 1814 383 1857 καὶ
409 1817 562 1868 καιρὸν
589 1815 877 1870 αἰτησάμενος
903 1814 971 1856 ἐπὶ
991 1815 1196 1869 μεγάλοις
1222 1809 1286 1864 οἷς
1314 1815 1457 1856 ἐδόκει

60 1899 93 1926 25
114 1888 368 1943 δυστυχεῖν,
406 1887 703 1940 παρεστήσατο
747 1883 828 1940 μὲν
871 1887 972 1935 τοὺς
1009 1887 1183 1939 παῖδας,
1221 1884 1372 1941 ᾐτιᾶτο
1413 1883 1461 1926 δὲ

111 1964 187 2012 τῆς
218 1956 427 2006 ἀπονοίας
464 1955 535 1998 καὶ
572 1963 647 2010 τῆς
687 1956 1006 2012 ἐπιχειρήσεως,
1044 1956 1158 2010 (92)
1190 1957 1248 2005 ὡς
1289 1956 1459 2011 ἐχθρῶς

114 2030 263 2084 ἔχουσι
294 2028 435 2070 πάντα
466 2029 630 2083 τρόπον
662 2027 979 2077 ἐσπουδακότες
1005 2035 1150 2082 μισεῖν
1178 2028 1256 2069 τὸν
1289 2025 1457 2068 ἑαυτῶν

113 2098 291 2154 πατέρα,
322 2099 430 2140 ὥστε
463 2100 815 2154 διαχειρίσασθαι
848 2098 982 2140 αὐτὸν
1014 2097 1086 2140 καὶ
1119 2099 1198 2152 τὴν
1229 2099 1458 2152 βασιλείαν

116 2169 322 2227 ὠμοτάτῳ
360 2171 505 2227 τρόπῳ
549 2172 838 2224 παραλαβεῖν,
877 2169 899 2211 ὃ
940 2167 980 2210 δ’
1022 2166 1126 2211 οὐδὲ
1163 2171 1374 2223 θνήσκων
1418 2166 1460 2217 ἐξ

62 2253 96 2278 30
115 2239 307 2294 ἀνάγκης
337 2243 505 2294 μᾶλλον
537 2239 563 2294 ἣ
600 2242 740 2295 κρίσει
777 2241 1053 2294 παραδοῦναι
1084 2245 1142 2295 τῷ
1187 2240 1460 2293 διαμείναντι

213 2324 232 2363 ξ
259 2324 303 2355 90
329 2321 375 2356 cf.
403 2321 493 2355 Bell.
520 2320 598 2355 Iud.
626 2320 641 2353 I
668 2324 722 2364 23,
750 2324 781 2356 3.
