1732 2526
250 72 335 113 222
567 116 579 125 ,
748 68 1110 111 ΑΡΧΑῙΟΛΟΓΙΑΣ

247 178 352 240 καθ’
396 179 579 224 ἕκαστον
620 181 844 239 ἐνιαυτόν)
884 185 1057 226 τοιόνδε
1096 186 1270 239 τρόπον.
1333 185 1476 239 θύρας
1513 185 1599 240 ἔχει

249 251 331 292 δύο
364 252 585 307 φερούσας
616 254 694 307 τὴν
727 251 807 308 μὲν
834 258 895 304 εἰς
920 256 967 296 τὸ
995 259 1176 309 αἴθριον
1201 256 1280 309 τὴν
1308 251 1347 295 δ’
1376 256 1438 304 εἰς
1463 256 1598 297 στοὰν

248 322 437 371 εἰσόδοις
474 321 546 364 καὶ
585 322 937 378 ἀποχωρήσεσιν,
983 325 1099 375 ὅπως
1136 326 1193 380 μὴ
1232 325 1512 380 ταράττοιντο
1554 326 1602 368 οἱ

247 392 379 433 ε”νδον
411 391 746 448 ἀπειλημμένοι,
789 394 835 436 ἐκ
868 392 907 435 δ’
945 395 1078 449 αὐτῆς
1109 401 1184 449 τῆς
1220 396 1433 450 καλύβης,
1471 395 1596 438 ε’νδο-

247 460 356 516 τέρω
390 463 719 518 διαφράγμασιν
746 462 896 518 ἑτέραν
924 464 1217 519 ἀπειληφυίας
1243 463 1310 507 ἐπ’
1341 464 1594 521 ἀναστροφῇ
1614 478 1630 504 5

247 539 337 581 τοῖς
363 532 707 586 ἀνταγωνισταῖς
726 533 797 576 καὶ
825 534 963 577 ὁπόσα
985 534 1246 590 ἀκροάματα.
1293 536 1406 589 <91>
1435 547 1594 589 συγκα-

244 601 442 657 θημένης
481 605 534 658 δὴ
573 610 648 658 τῆς
684 605 905 659 πληθύος,
946 604 1018 646 καὶ
1056 612 1134 648 τοῦ
1168 605 1357 661 Χαιρέου
1389 608 1472 648 σὺν
1503 613 1594 656 τοῖς

243 674 486 728 χιλιάρχοις
535 674 615 716 οὐκ
666 676 848 716 ἄπωθεν
897 683 976 718 τοῦ
1022 678 1158 718 Γαΐου
1210 676 1374 730 (δεξιὸν
1423 675 1470 717 δὲ
1514 684 1592 719 τοῦ

243 743 436 798 θεάτρου
468 744 595 798 κέρας
628 745 650 787 ὁ
681 748 853 800 Καῖσαρ
886 743 1007 801 εἶχε),
1035 744 1240 796 ’ὃατίνιός
1272 763 1336 796 τις
1367 754 1454 788 τῶν
1487 758 1590 800 συγ-

242 817 474 867 κλητικῶν,
506 814 618 870 ἀνὴρ
647 815 987 871 ἐστρατηγηκώς,
1013 818 1140 871 ἤρετο
1167 818 1387 859 Κλούὸιον
1413 819 1590 871 παρεζό-
1611 832 1644 856 10

242 898 376 936 μενον
418 885 556 941 αὐτῷ,
600 885 672 928 καὶ
713 892 870 928 τοῦτον
914 887 1147 941 ὑπατικόν,
1192 889 1233 929 εἰ
1273 888 1326 941 δή
1366 903 1432 937 τις
1472 887 1588 944 αὐτῷ

240 954 468 1009 νεωτέρων
493 957 760 1010 πραγμάτων
787 957 987 1011 ἀφίκοιτο
1013 958 1181 1011 πύστις,
1207 958 1440 1013 προμηθὴς
1466 959 1589 1011 γενό-

240 1039 370 1077 μενος
402 1033 480 1068 τοῦ
512 1027 569 1081 μὴ
602 1026 862 1077 ἐξάκουστος
893 1024 1006 1069 εἶναι
1031 1028 1133 1069 τάδε
1161 1027 1312 1081 λέγων.
1364 1029 1478 1082 <92>
1508 1035 1588 1070 τοῦ

240 1092 288 1136 δὲ
314 1094 513 1149 φαμένου
539 1094 676 1151 μηδὲν
705 1098 942 1150 πεπύσθαι,
976 1097 1184 1151 (σήμερον
1210 1097 1461 1151 τοιγαροῦν’
1488 1100 1586 1152 ἔφη,

239 1162 287 1206 (ὦ
322 1167 532 1220 Κλούὸιε,
573 1169 941 1221 τυραννοκτονίας
979 1167 1099 1220 ἀγὼν
1136 1168 1388 1223 πρόκειταιῖ
1451 1167 1522 1209 καὶ
1562 1168 1584 1211 ὁ
1606 1182 1639 1207 15

236 1237 456 1286 Κλούὸιος
481 1234 530 1278 ςὦ
558 1237 751 1291 γενναῖέ’
779 1249 903 1292 φησι,
930 1237 1046 1290 (σίγα
1072 1239 1128 1291 μή
1159 1253 1223 1287 τις
1249 1239 1379 1288 ἄλλος
1397 1237 1584 1293 Ἀχαιῶν

236 1311 384 1360 μῦθον
411 1307 604 1363 ἀκούση.’
667 1308 781 1361 <93>
820 1311 983 1361 πολλῆς
1021 1304 1064 1349 δ’
1100 1308 1272 1361 ὀπώρας
1304 1307 1584 1363 ἐπιχεομένης

236 1385 325 1427 τοῖς
362 1382 571 1432 θεωροῖς,
615 1378 686 1420 καὶ
724 1381 900 1420 πολλῶν
939 1377 1105 1432 ὀρνέων
1138 1378 1277 1420 ὁπόσα
1315 1384 1373 1435 τῷ
1413 1381 1582 1436 σπανίῳ

235 1450 353 1501 τίμια
385 1456 475 1498 τοῖς
506 1448 762 1503 κτωμένοις,
800 1449 822 1490 ὁ
856 1449 988 1498 Γάιος
1024 1448 1162 1503 ἡδονῇ
1195 1449 1271 1498 τὰς
1301 1447 1400 1503 περὶ
1432 1449 1582 1499 αὐτοῖς

233 1517 416 1572 ἐθεώρει
447 1520 585 1574 μάχας
616 1518 687 1561 καὶ
727 1520 970 1572 διαρπαγὰς
1007 1518 1321 1572 οἰκειουμένων
1353 1518 1462 1560 αὐτὰ
1494 1527 1580 1561 τῶν
1597 1534 1634 1559 20

232 1592 428 1642 θεωρῶν.
482 1590 597 1643 <94>
632 1591 742 1631 ἔνθα
776 1587 823 1630 δὲ
854 1588 926 1630 καὶ
959 1595 1113 1643 σημεῖα
1146 1589 1364 1671 μανθάνει
1397 1589 1477 1630 δύο
1510 1605 1579 1643 γε-

234 1658 410 1700 νέσθαι·
460 1658 533 1701 καὶ
564 1660 646 1713 γὰρ
680 1668 809 1713 μῖμος
841 1660 1058 1712 εισάγεται
1091 1657 1191 1700 καθ’
1230 1659 1281 1700 ὃν
1314 1665 1577 1713 σταυροῦται

230 1732 400 1783 λῃστῶν
440 1730 635 1802 ἡγεμών,
677 1731 699 1771 ὅ
737 1726 773 1771 τ’
812 1730 1024 1785 ὀρχηστης
1062 1729 1206 1783 δρᾶμα
1244 1729 1407 1783 εἰσάγει
1439 1731 1576 1771 Κινύ-

229 1815 329 1852 ραν,
370 1815 417 1841 εν
450 1803 483 1856 ᾧ
516 1801 646 1850 αὐτός
677 1817 700 1841 τ
750 1800 962 1842 ε’κτείνετο
995 1798 1067 1840 καὶ
1104 1799 1130 1852 ἡ
1162 1800 1363 1854 θυγάτηρ
1395 1801 1574 1854 Μύρρα,

228 1863 332 1923 αἱμά
365 1869 402 1911 τ’
438 1868 492 1924 ἡν
524 1873 732 1926 τεχνητὸν
763 1871 897 1923 πολύ,
938 1869 1010 1911 καὶ
1048 1871 1096 1911 τὸ
1132 1868 1232 1923 περι
1271 1871 1347 1911 τὸν
1379 1882 1572 1924 σταυρω-
1592 1882 1626 1909 25

226 1938 362 1981 θέντα
400 1940 688 1996 ἐκκεχυμένον
726 1957 798 1988 και
834 1943 883 1983 τὸ
923 1940 1023 1993 περι
1064 1942 1140 1982 τὸν
1180 1941 1391 1995 Κινύραν.
1455 1941 1571 1994 <95>

226 2009 503 2063 ὁμολογεῖται
545 2010 592 2053 δὲ
633 2011 704 2053 καὶ
743 2013 823 2066 τὴν
863 2011 1026 2065 ἡμέραν
1068 2010 1238 2064 ἐκείνην
1276 2009 1483 2063 γενέσθαι
1522 2010 1570 2052 ἐν

224 2075 251 2134 ᾖ
286 2083 507 2123 Φίλιππον
540 2083 615 2123 τὸν
642 2080 859 2136 Ἀμύντου
891 2081 1168 2122 ῙἉακεδόνων
1199 2079 1379 2134 βασιλέα
1410 2083 1569 2122 κτείνει

224 2153 483 2201 Παυσανίας
521 2146 583 2202 εἷς
620 2160 707 2194 τῶν
746 2151 930 2207 ἑταίρων
968 2153 1029 2201 εἰς
1059 2152 1108 2192 τὸ
1140 2150 1331 2206 θέατρον
1362 2152 1567 2201 εἰσιόντα.

223 2221 335 2274 <96>
363 2223 406 2262 Γ
401 2224 501 2264 α’ίόυ
529 2221 568 2263 δ’
593 2222 894 2273 ἐνδοιάζοντος
918 2227 1003 2264 εἴτε
1027 2224 1334 2277 παραμείνειεν
1359 2222 1421 2271 εἰς
1445 2220 1567 2271 τέλος
1585 2233 1620 2259 30

222 2297 272 2345 τῇ
304 2294 472 2348 θεωρίᾳ
512 2293 584 2334 διὰ
622 2295 670 2335 τὸ
703 2295 955 2335 τελευταίαν
992 2290 1106 2335 εἶναι
1145 2292 1224 2345 τὴν
1256 2290 1443 2347 ἡμέραν,
1480 2295 1566 2333 εἴτε
