1732 2526
65 827 98 854 10

67 1182 99 1207 15

68 1534 101 1558 20

616 72 957 104 EKKAIAEKATH
1403 71 1457 112 57

116 196 221 234 νην,
273 178 328 221 δι’
386 179 516 232 αὐτῆς
561 178 907 233 ἐπραγματεύετο
953 178 999 219 τὸ
1045 176 1230 232 μέλλον,
1276 178 1460 233 ἐπείγων

118 250 267 292 ἐλθεῖν
287 251 348 300 εἰς
369 249 605 302 διαλλαγεὶς
621 247 799 304 Ἡρώδῃ
826 250 1045 303 Καίσαρά
1081 256 1229 303 σαφῶς
1254 250 1336 304 γὰρ
1364 251 1498 320 find-s

116 332 244 363 στατο
277 319 533 376 βουλομένῳ
566 317 646 373 μὲν
679 318 996 372 ἀπολογεῖσθαι
1034 317 1134 371 περὶ
1173 315 1234 360 ὧν
1276 320 1460 375 ἔπραξεν

116 391 197 433 οὐκ
228 392 406 433 ἔσεσθαι
438 392 700 445 παρρησίαν,
733 388 933 431 ἐθέλοντι
967 387 1014 430 δὲ
1050 397 1309 445 κατηγορεῖν
1342 393 1459 432 Συλ-

117 464 243 504 λαιόυ
275 463 542 515 γενήσεσθαι
574 461 729 515 καιρὸν
762 458 1092 513 ὑπὲρ“Ηρώδου
1126 459 1282 513 λέγειν.
1315 461 1460 515 <339>

116 533 400 574 συνεστώτων
443 527 525 572 οὖν
563 529 628 572 ἐπ’
672 529 890 584 ἀλλήλους
928 529 999 572 καὶ
1038 531 1245 585 δοθείσης
1286 528 1460 584 ἡμέρας,

115 605 351 656 Νικόλαος,
382 603 614 656 παρόντων
646 602 762 656 αὐτῷ
802 600 874 643 καὶ
912 609 1000 643 τῶν
1034 599 1182 656 Ἀρέτα
1220 599 1460 655 πρέσβεων,

115 673 166 714 τά
198 671 235 714 τ’
274 674 384 714 ἄλλα
415 674 645 727 κατηγόρει
677 678 756 714 τοῦ
777 674 1020 726 Συλλαίου,
1052 674 1133 726 τήν
1164 687 1209 713 τε
1234 678 1313 714 τοῦ
1340 674 1462 725 βασι-

115 741 223 793 λέως
249 742 468 785 ἀπώλειαν
495 741 635 796 λέγων
662 741 734 784 καὶ
760 745 937 784 πολλῶν
954 740 1166 797 Ἀράβων,
1192 742 1336 796 <34Ο>
1360 744 1462 797 χρή-

117 813 228 868 ματά
264 829 309 855 τε
349 814 406 863 ὡς
444 817 510 868 εἴη
550 811 885 867 δεδανεισμένος
924 810 986 854 ἐπ’
1038 811 1170 854 οὐδὲν
1213 811 1348 867 ὑγιές,
1390 811 1462 854 καὶ

117 886 310 939 μοιχείας
343 883 578 940 ἐξελέγχων
611 884 664 926 οὐ
697 891 783 925 τῶν
817 883 864 926 ἐν
880 881 1061 940 Ἀραβία
1087 886 1226 938 μόνον
1256 883 1366 925 ἀλλὰ
1392 882 1463 924 καὶ

117 963 204 997 τῶν
243 954 290 997 ἐν
325 953 464 1010 Ῥώμῃ
506 962 747 1009 γυναικῶν·
785 957 1038 1009 προσετίθει
1077 952 1124 996 δὲ
1162 955 1209 996 τὸ
1243 953 1464 1009 μέγιστον,

118 1026 175 1075 ὡς
207 1025 485 1080 ἐξαπατήσειε
517 1028 734 1079 Καίσαρα,
765 1023 904 1079 μηδὲν
944 1023 1106 1079 ἀληθὲς
1144 1025 1322 1076 διδάξας
1353 1023 1463 1079 ὑπὲρ

117 1104 205 1138 τῶν
242 1094 421 1152 Ἠρώδῃ
465 1095 795 1151 πεπραγμένων.
868 1096 1012 1150 <341>
1059 1096 1116 1145 ὡς
1160 1093 1199 1137 δ’
1247 1093 1351 1149 ἧκεν
1396 1094 1464 1136 ἐπὶ

119 1173 277 1209 τοῦτον
308 1168 385 1209 τὸν
411 1169 562 1221 τόπον,
589 1166 611 1208 ὁ
639 1164 719 1221 μὲν
739 1168 911 1220 Καῖσαρ
940 1165 1130 1220 ἐξεῖργεν
1160 1166 1309 1219 αὐτόν,
1335 1172 1464 1207 τοῦτο

120 1239 259 1292 μόνον
304 1237 437 1288 ἀξιῶν
482 1236 591 1292 ὑπὲρ
623 1235 829 1292 “Ηρώδου
868 1236 1032 1291 λέγειν,
1075 1239 1113 1278 εἰ
1156 1238 1212 1291 μὴ
1259 1237 1465 1292 στρατιὰν

119 1310 282 1362 ἤγαγεν
315 1309 376 1357 εἰς
403 1304 625 1363 Ἀραβίαν,
651 1305 760 1362 μηδὲ
787 1309 1029 1363 δισχιλίους
1054 1306 1125 1349 καὶ
1152 1310 1466 1357 πεντακοσίους

121 1378 342 1421 ἀπέκτεινε
362 1386 449 1420 τῶν
471 1378 571 1429 ἐκεῖ,
599 1375 705 1433 μηδ’
736 1379 1035 1434 αἰχμαλώτους
1061 1379 1187 1433 λάβοι
1213 1380 1293 1433 τὴν
1318 1380 1466 1433 χώραν

59 1460 66 1466 ·
122 1450 380 1504 διαρπάσας·
425 1450 570 1504 <342>
608 1450 630 1492 ὁ
677 1447 724 1491 δὲ
767 1451 986 1498 Νικόλαος
1022 1447 1132 1503 ὑπὲρ
1173 1450 1341 1491 τούτων
1383 1450 1464 1503 ἔφη

121 1518 193 1562 καὶ
225 1519 410 1574 μάλιστα
437 1519 633 1569 διδάξειν
659 1520 725 1561 ὅτι
751 1517 889 1574 μηδὲν
915 1519 940 1573 ἣ
968 1520 1019 1560 τὰ
1044 1520 1223 1561 πλεῖστά
1250 1517 1288 1573 γ’
1321 1519 1466 1560 αὐτῶν

123 1590 175 1633 οὐ
207 1589 390 1644 γέγονεν
423 1591 480 1640 ὡς
512 1591 566 1632 σύ
593 1588 631 1644 γ’
665 1590 868 1644 ἀκήκοας,
894 1588 965 1631 καὶ
993 1588 1089 1646 (ὡς)
1118 1591 1289 1632 δίκαιον
1315 1587 1370 1645 ἧν
1397 1588 1459 1631 ἐπ’

123 1661 271 1711 αὐτοῖς
303 1665 498 1715 χαλεπῶς
522 1659 686 1716 φέρειν.
749 1661 891 1715 <343>
922 1662 1030 1716 πρὸς
1063 1660 1110 1702 δὲ
1142 1662 1189 1702 τὸ
1216 1660 1467 1715 παράδοξον

123 1734 346 1787 Καίσαρος
378 1732 585 1781 ἐνδόντος
616 1730 751 1773 αὑτὸν
784 1731 1016 1786 ἀκροατήν,
1048 1732 1096 1773 τὸ
1125 1731 1303 1773 δάνειον
1332 1731 1467 1773 εἰπὼν

123 1810 209 1844 τῶν
241 1804 542 1844 πεντακοσίων
574 1802 798 1843 ταλάντων
831 1800 902 1843 καὶ
933 1802 1013 1855 τὴν
1053 1804 1329 1856 συγγραφήν,
1362 1801 1409 1844 ἐν
1440 1797 1467 1857 ᾗ

72 1887 104 1911 2¹5
124 1872 196 1915 καὶ
216 1880 345 1916 τοῦτο
366 1870 422 1927 ἧν
447 1871 879 1928 προσγεγραμμένον,
913 1871 1072 1922 ἐξεῖναι
1098 1879 1172 1927 τῆς
1197 1874 1470 1928 προθεσμίας

71 2237 106 2262 30

122 1945 431 2000 παρελθούσης
470 1943 600 1997 ῥύσια
639 1943 879 1998 λαμβάνειν
918 1942 960 1992 ἐξ,
999 1942 1166 1997 ἁπάσης
1202 1949 1276 1997 τῆς
1313 1944 1468 1998 χώρας,

123 2015 203 2069 τὴν
235 2012 315 2068 μὲν
354 2016 585 2069 στρατείαν
624 2012 704 2055 οὐκ
743 2012 1043 2067 ἐπιστρατείαν
1081 2015 1230 2067 ἔλεγεν
1268 2012 1362 2055 ἀλλ’
1401 2012 1470 2054 ἐπὶ

125 2086 299 2127 δικαίαν
348 2093 436 2127 τῶν
483 2086 610 2126 ἰδίων
647 2083 880 2138 ἀπαίτησιν
918 2084 1166 2139 χρημάτων·
1217 2085 1360 2139 <344>
1398 2083 1470 2126 καὶ

126 2153 234 2210 μηδὲ
272 2157 380 2210 ταχὺ
422 2155 585 2208 ταύτην
627 2153 727 2209 μηδ’
770 2155 827 2203 ὡς
867 2154 1101 2210 ἐπέτρεπον
1141 2155 1189 2196 αἱ
1218 2154 1470 2210 συγγραφαὶ

127 2258 135 2266 .
158 2258 165 2266 .
188 2258 196 2266 .
216 2225 424 2274 πολλάκις
455 2222 534 2279 μὲν
568 2223 636 2265 ἐπὶ
657 2227 965 2279 Σατουρνῖνον
998 2224 1187 2267 ἐλθόντα
1212 2224 1284 2267 καὶ
1301 2225 1470 2279 ’δολόμ-

126 2311 224 2338 νιον
268 2297 370 2346 τοὺς
413 2301 489 2349 τῆς
532 2297 700 2349 Συρίας
748 2294 989 2351 ἡγεμόνας,
1038 2299 1287 2338 τελευταῖον
1332 2293 1370 2337 δ’
1423 2295 1469 2337 ἐν
