1732 2526
248 107 305 148 36
734 104 1097 138 APXAIOAOFIAZ

250 214 317 257 ἀεὶ
355 216 459 264 τοὺς
497 213 628 268 ἐμοὺς
664 210 761 267 μήτ’
799 211 1078 266 ἀμυνόμενος
1114 208 1206 252 κατ’
1244 208 1369 260 ἀξίαν
1407 207 1479 250 καὶ
1511 223 1602 264 μει-

255 288 390 337 ζόνως
420 284 662 339 εὐεργετῶν
694 283 719 338 ἢ
752 290 900 338 τυχεῖν
932 280 1016 324 εἰσὶ
1050 280 1239 323 δίκαιοιῖ

342 357 487 411 <213>
524 360 703 398 τοιαῦτα
741 351 821 409 μὲν
859 349 941 396 οὗν
980 353 1002 396 ὁ
1042 353 1265 407 βασιλεύς,
1313 351 1522 406 Φερώρας
1560 349 1600 392 δ’

252 426 316 470 ἐπ’
355 427 598 484 αὐτοφώρῳ
625 432 675 480 τῇ
702 426 923 480 μοχθηρίᾳ
951 423 1083 473 ἁλοὺς
1112 424 1336 478 Σαλώμην
1361 425 1443 478 ἔφη
1470 427 1604 464 ταῦτα

252 502 509 551 συνθεῖναι,
541 495 613 538 καὶ
645 492 744 550 παρ’
785 494 954 549 ἐκείνης
985 490 1098 535 εἶναι
1131 495 1234 544 τοὺς
1266 495 1437 547 λόγους.
1498 492 1524 547 ἢ
1559 492 1602 534 δ’

252 570 310 619 ὡς
353 570 492 623 μόνον
539 568 727 621 ἤκουσεν
771 564 1000 621 (ἐτύγχανε
1046 562 1094 606 δὲ
1141 563 1360 620 παροῦσα)
1404 568 1606 614 πιθανῶς

253 640 493 694 ἀνεβόησεν
533 638 590 687 ὡς
629 634 761 679 οὐδὲν
795 640 860 690 εἴη
893 633 995 691 παρ’
1034 635 1168 690 αὐτῆς
1198 642 1422 689 τοιοῦτον,
1461 635 1606 689 <214>

252 709 324 752 καὶ
364 710 430 751 ὅτι
470 709 543 751 διὰ
583 709 779 761 σπουδῆς
818 705 937 748 ἐστὶν
980 707 1141 748 ἅπασι-ν
1174 708 1235 756 εἰς
1267 713 1393 761 μῖσος
1425 705 1607 760 ἀγαγεῖν

254 781 391 835 αὐτὴν
436 786 514 822 τοῦ
558 777 772 834 βασιλέως
815 777 886 820 καὶ
931 778 1072 819 πάντα
1112 780 1278 830 τρόπον
1319 777 1492 819 ἀνελεῖν
1535 777 1607 818 διὰ

253 853 333 906 τὴν
368 852 550 893 εὔνοιαν
582 850 638 904 ἣν
670 851 757 905 ἔχει
788 848 887 905 περὶ
919 851 996 891 τὸν
1015 847 1238 904 “Ηρώδην,
1270 847 1338 890 ἀεὶ
1362 849 1608 903 προγιγνώ-

255 933 423 964 σκουσα
455 922 557 970 τοὺς
588 921 845 970 κινδύνους·
892 920 1036 975 <215>
1068 919 1116 962 ἐν
1150 917 1197 961 δὲ
1228 926 1287 977 τῷ
1320 921 1505 974 παρόντι
1537 917 1608 961 καὶ

255 995 422 1048 μᾶλλον
464 991 847 1045 ἐπιβουλεύεσθαι·
900 993 1013 1046 μόνη
1058 991 1140 1046 γὰρ
1185 990 1490 1033 ἀναπείθουσα
1531 992 1608 1032 τὸν

255 1063 451 1118 ἀδελφὸν
479 1061 679 1116 ἐκβαλεῖν
705 1062 760 1116 ἣν
787 1058 874 1117 εἶχε
902 1069 1105 1116 γυναῖκα,
1131 1063 1284 1116 λαβεῖν
1311 1059 1359 1103 δὲ
1383 1060 1609 1116 θυγατέρα

254 1135 334 1189 τὴν
366 1132 595 1188 βασιλέως,
627 1135 804 1183 εἰκότως
829 1132 902 1175 ὑπ’
937 1131 1108 1175 ἐκείνου
1134 1137 1416 1188 μεμισῆσθαι.
1466 1133 1622 1186 <216>ν

255 1210 435 1247 τοιαῦτα
476 1204 709 1258 λεγούσης,
753 1202 826 1245 καὶ
866 1204 1076 1252 πολλάκις
1117 1201 1198 1258 μὲν
1239 1203 1610 1259 ἐπιδραττομένης

255 1283 344 1316 τῶν
376 1282 536 1330 τριχῶν
568 1275 779 1325 πολλάκις
812 1272 859 1316 δὲ
891 1275 1138 1329 τυπτούσης
1169 1274 1221 1316 τὰ
1254 1273 1431 1329 στέρνα,
1471 1274 1495 1329 ἡ
1530 1271 1610 1329 μὲν

257 1347 356 1396 ὄψις
388 1342 480 1400 εἶχέ
506 1362 547 1387 τι
579 1347 688 1401 πρὸς
719 1347 798 1401 τὴν
836 1347 1025 1402 ἄρνησιν
1056 1347 1272 1397 πιθανόν,
1313 1345 1338 1399 ἡ
1373 1342 1421 1387 δὲ
1453 1347 1610 1399 κακοή-

255 1421 359 1458 θεια
397 1423 476 1459 τοῦ
513 1419 679 1470 τρόπου
718 1418 797 1471 τὴν
840 1416 887 1458 έν
925 1424 1017 1466 τοῖς
1054 1415 1333 1471 γιγνομένοις
1376 1416 1610 1472 ὑπόκρισιν

256 1486 565 1541 ἀπεσήμαινεν.
627 1489 783 1542 <Ξ317>
821 1488 843 1530 ὁ
884 1485 931 1530 δὲ
973 1489 1182 1543 Φερώρας
1219 1489 1280 1538 εἰς
1318 1488 1453 1543 μέσον
1491 1487 1610 1530 ἀπεί-

257 1561 408 1612 ληπτο,
440 1555 578 1612 μηδὲν
605 1559 826 1613 εὔσχημον
853 1560 914 1608 εἰς
941 1557 1182 1612 ἀπολογιάν
1208 1560 1334 1614 ἔχων,
1364 1560 1503 1601 εἰπεῖν
1528 1556 1610 1614 μὲν

258 1629 564 1684 ὡμολογηκώς,
591 1629 777 1672 ἀκοῦσαι
805 1627 844 1671 δ’
877 1630 929 1672 οὐ
956 1632 1281 1685 πιστευόμενος.
1333 1629 1503 1685 ἐγένετο
1529 1628 1609 1685 μὲν

258 1696 341 1742 οὗν
383 1698 452 1742 ἐπὶ
492 1698 628 1742 πλέον
669 1701 695 1754 '²⁹1'
736 1716 780 1742 τε
824 1701 1034 1757 σύγχυσις
1070 1699 1142 1742 καὶ
1180 1701 1205 1755 ἡ
1243 1708 1330 1743 τῶν
1367 1703 1512 1755 λόγων
1550 1702 1611 1751 εἰς

259 1769 476 1823 ἀλλήλους
507 1772 677 1825 ἅμιλλα.
741 1772 886 1826 <218>
923 1771 1047 1822 τέλος
1085 1770 1125 1814 δ’
1161 1772 1184 1815 ὁ
1222 1774 1428 1827 βασιλεὺς
1459 1773 1537 1814 τόν
1568 1768 1605 1813 τ’

259 1842 454 1896 ἀδελφὸν
486 1840 557 1883 καὶ
590 1843 669 1896 τὴν
702 1842 902 1898 ἀδελφὴν
934 1843 1181 1898 μεμισηκὼς
1212 1842 1506 1898 ἀπεπέμπετο,
1536 1841 1610 1884 καὶ

257 1913 336 1954 τὸν
372 1913 473 1954 υἱὸν
512 1912 742 1963 ἐπαινέσας
779 1921 856 1968 τῆς
893 1913 1143 1970 ἐγκρατείας
1180 1912 1252 1956 καὶ
1283 1920 1362 1955 τοῦ
1393 1915 1502 1970 πρὸς
1533 1913 1609 1956 αὐ-
1630 1933 1644 1952 -.

258 1985 336 2025 τὸν
369 1982 621 2038 ἀνενεγκεῖν
653 1986 756 2035 τοὺς
788 1987 962 2039 λόγους,
995 1983 1075 2036 ὀψὲ
1107 1991 1181 2039 τῆς
1213 1985 1328 2040 ὥρας
1352 1983 1451 2039 περὶ
1475 1989 1609 2040 θερα-

258 2055 387 2095 πείαν
425 2060 503 2096 τοῦ
542 2055 740 2109 σώματος
777 2055 959 2109 ἐγένετο.
1028 2055 1173 2110 <219>
1210 2056 1413 2110 τοιαύτης
1450 2053 1498 2097 δὲ
1535 2061 1610 2110 τῆς

259 2124 398 2179 μάχης
417 2123 690 2180 ἐμπεσούσης
715 2133 857 2176 κακῶς
882 2128 1043 2181 ἤκουεν
1068 2126 1095 2180 ἡ
1115 2126 1308 2180 Σαλώμη
1330 2123 1450 2182 (παρ’
1476 2126 1610 2180 αὐτῆς

258 2196 341 2250 γὰρ
381 2194 523 2237 ἐδόκει
561 2200 822 2251 κεκινῆσθαι
859 2198 910 2238 τὰ
948 2195 1048 2252 περὶ
1088 2198 1168 2251 τὴν
1208 2195 1441 2253 διαβολήν)
1482 2198 1531 2238 αἴ
1564 2212 1609 2238 τε

257 2272 337 2308 τοῦ
369 2264 581 2321 βασιλέως
613 2275 817 2321 γυναῖκες
847 2268 1064 2323 ἤχθοντο,
1096 2268 1227 2324 φύσει
1260 2267 1607 2322 δυσχερεστάτην
1627 2280 1660 2306 30
1697 2256 1702 2297 '7

257 2337 421 2379 εἰδυῖαι
461 2336 533 2379 καὶ
574 2337 841 2393 γιγνομένην
885 2337 1030 2382 ἄλλοτ’
1078 2340 1238 2394 ἄλλην,
1280 2338 1389 2380 κατὰ
1428 2340 1608 2394 καιροὺς

1629 863 1661 888 10

1630 1217 1663 1242 15

1630 1573 1662 1597 2⁸)
1694 1584 1696 1586 ·

1698 2172 1703 2185 a

1691 2198 1703 2218 2

1698 2229 1702 2240 Ι
