1732 2526
672 85 888 117 EIKOETH
1368 84 1452 126 307

102 193 328 246 τριακόσια
373 189 669 245 δεκατέτταρα.
739 191 896 244 <235>
940 198 1108 244 πρῶτος
1154 190 1191 233 δ’
1235 190 1455 247 Ἀντίοχος

103 263 125 305 6
168 261 483 316 προειρημένος
526 259 598 302 καὶ
644 261 666 302 6
710 263 948 315 στρατηγὸς
989 262 1125 304 αὐτοῦ
1167 264 1338 312 Λυσίας
1377 265 1454 305 τὸν

97 331 264 386 Ὀνίαν,
297 328 330 390 ᾧ
364 331 592 381 Μενέλαος
625 330 827 385 ἐπίκλην,
858 333 1049 374 παύουσι
1083 339 1157 387 τῆς
1189 333 1454 388 ἀρχιερωσύ-

100 419 198 457 νης,
243 403 471 451 ἀνελόντες
508 401 643 443 αὐτὸν
681 401 728 443 ἐν
760 404 943 458 Βεροίᾳ,
989 402 1060 443 καὶ
1098 405 1175 445 τὸν
1212 405 1348 444 παῖδα
1380 410 1456 458 τῆς

64 475 309 528 5διαδοχῆς
358 472 651 522 ἀπελάσαντες
701 477 962 514 καθιστᾶσιν
997 471 1190 527 Ἰάκιμον
1239 473 1454 529 ἀρχιερέα,

99 544 256 598 γένους
301 541 381 598 μὲν
425 549 504 584 τοῦ
543 540 781 597 Ἀαρῶνος,
832 543 913 585 οὐκ
957 544 1062 584 ὄντα
1108 541 1155 584 δὲ
1200 550 1273 598 τῆς
1317 546 1454 594 οἰκίας

99 615 279 668 ταύτης,
331 614 474 667 <236>
513 614 585 655 διὰ
624 620 754 655 τοῦτο
794 610 843 655 δὲ
881 612 953 655 καὶ
993 614 1014 655 6
1042 613 1185 663 Ὀνίας
1222 615 1245 657 6
1278 622 1357 657 τοῦ
1389 631 1454 657 τε-

98 686 405 738 τελευτηκότος
438 679 583 726 Ὀνίου
629 683 885 739 ἐξάδελφος,
931 684 1164 739 ὁμώνυμος
1208 687 1266 742 τῷ
1310 689 1454 740 πατρί,

98 756 456 809 παραγενόμενος
501 756 560 804 εἰς
601 759 831 808 Αἴγυπτον
875 754 946 796 καὶ
992 755 1064 797 διὰ
1109 758 1258 810 φιλίας
1301 755 1454 811 ἀφικό-

49 835 82 861 1⁰
101 842 231 881 μενος
274 827 533 882 Πτολεμαίῳ
577 832 635 882 τῷ
671 827 943 880 Φιλομήτορι
986 824 1058 867 καὶ
1100 826 1359 883 Κλεοπάτρᾳ
1401 833 1452 882 τῇ

99 895 274 950 γυναικὶ
307 896 463 950 αὐτοῦ,
503 898 650 937 πείθει
684 897 868 946 τούτους
899 896 1005 937 κατὰ
1036 897 1113 938 τὸν
1138 895 1453 951 τΗλιοπολίτην

98 969 237 1022 νομὸν
276 966 566 1022 δειμαμένους
604 974 661 1022 τῷ
699 971 792 1024 θεῷ
824 969 934 1009 ναὸν
972 969 1279 1021 παραπλήσιον
1311 974 1370 1024 τῷ
1405 967 1452 1010 ἐν

89 1036 431 1093 Ἱεροσολύμοις,
458 1038 593 1079 αὐτὸν
621 1037 823 1093 ἀρχιερέα
849 1044 1126 1091 καταστῆσαι.
1172 1039 1314 1091 <237>
1342 1038 1452 1080 ἀλλὰ

97 1107 196 1161 περὶ
236 1106 316 1163 μὲν
355 1115 434 1150 τοῦ
474 1109 595 1162 [εροῦ
636 1115 714 1150 τοῦ
756 1108 1188 1157 κατασκευασθέντος
1229 1108 1276 1149 ἐν
1315 1110 1452 1162 Αἰγύ-

46 1189 80 1214 15
100 1194 192 1237 πτῳ
237 1179 447 1227 πολλάκις
491 1177 791 1232 ἐδηλώσαμεν·
849 1178 871 1220 ὁ
917 1176 964 1220 δὲ
1005 1176 1192 1232 Ἰάκιμος
1237 1180 1308 1232 ἔτη
1353 1183 1452 1233 τρία

97 1250 177 1303 τὴν
221 1249 555 1304 ἀρχιερωσύνην
598 1249 826 1303 κατασχὼν
872 1248 1160 1303 ἐτελεύτησεν.
1229 1248 1450 1299 διεδέξατο

99 1317 141 1360 δ’
186 1320 333 1369 οὐδεὶς
370 1319 527 1372 αὐτόν,
572 1318 681 1360 ἀλλὰ
721 1319 963 1360 διετέλεσεν
997 1320 1023 1373 ἡ
1065 1321 1190 1369 πόλις
1222 1319 1452 1370 ἐνιαυτοὺς

97 1388 201 1431 ἑπτὰ
241 1391 373 1444 χωρὶς
411 1388 644 1444 ἀρχιερέως
685 1386 808 1431 οὖσα.
870 1389 1014 1443 <238>
1046 1390 1178 1431 πάλιν
1212 1388 1250 1431 δ’
1289 1391 1335 1432 οἱ
1362 1397 1450 1432 τῶν

93 1458 399 1515 Ἀσαμωναιόυ
448 1461 620 1501 παίδων
671 1461 867 1514 ἔκγονοι,
922 1461 1003 1513 τὴν
1051 1463 1322 1514 προστασίαν
1371 1468 1450 1503 τοῦ

46 1543 78 1567 20
99 1533 262 1580 ἔθνους
287 1530 598 1580 πιστευθέντες
624 1529 696 1572 καὶ
722 1532 1045 1584 πολεμήσαντες
1070 1533 1346 1586 Μακεδόσιν,
1361 1528 1449 1573 Ἰω-

95 1602 243 1656 νάθην
276 1600 478 1657 ἀρχιερέα
510 1605 792 1655 καθιστᾶσιν,
829 1601 875 1650 ὃς
906 1598 1037 1655 ἧρξεν
1070 1601 1298 1651 ἐνιαυτοὺς
1331 1600 1448 1644 ἑπτά.

95 1672 240 1727 <239>
272 1674 610 1726 τελευτήσαντος
643 1670 680 1713 δ’
719 1671 761 1721 ἐξ
803 1671 1038 1726 ἐπιβουλῆς
1078 1673 1214 1714 αὐτοῦ
1252 1671 1324 1714 καὶ
1358 1671 1448 1714 ἐνέ-

97 1743 203 1797 δρας
239 1748 315 1796 τῆς
351 1742 437 1784 ὑπὸ
476 1743 717 1797 Τρύφωνος
755 1744 1102 1797 μηχανηθείσης.
1149 1742 1206 1791 ὡς
1244 1741 1446 1797 ἀνωτέρω

96 1828 182 1855 που
214 1815 552 1867 προειρήκαμεν,
584 1812 796 1867 λαμβάνει
828 1813 908 1867 τὴν
935 1812 1265 1867 ἀρχιερωσύνην
1291 1815 1447 1868 Σίμων

42 1895 74 1921 25
95 1883 285 1938 ἁδελφὸς
329 1883 476 1925 αὐτοῦ.
540 1884 696 1937 <240>
740 1881 812 1924 καὶ
855 1889 1013 1925 τοῦτον
1055 1882 1123 1936 δέ,
1169 1885 1284 1939 δόλῳ
1329 1885 1446 1939 παρὰ

95 1956 342 2009 συμπόσιον
380 1953 465 1994 ὑπὸ
505 1959 584 1995 τοῦ
621 1955 822 2007 γαμβροῦ
855 1952 1181 2008 διαφθαρέντα,
1223 1954 1445 2005 διεδέξατο

93 2031 195 2074 παῖς
227 2023 439 2080 ἿΓρκανὸς
480 2025 639 2078 ὄνομα,
683 2026 952 2079 κατασχόντα
992 2025 1072 2078 τὴν
1113 2024 1446 2080 ἀρχιερωσύνην

92 2097 276 2137 πλείονα
316 2093 540 2148 τάδελφοῦ
580 2096 744 2149 χρόνον
786 2093 985 2152 ἐνιαυτῷ.
1046 2095 1281 2149 τριάκοντα
1319 2094 1358 2137 δ’
1397 2097 1445 2137 ἓν

94 2167 166 2220 ἔτη
206 2171 282 2220 τῆς
321 2171 448 2220 τιμῆς
480 2163 692 2220 ’Υρκανὸς
729 2165 982 2215 ἀπολαύσας
1028 2169 1209 2222 τελευτᾷ
1249 2169 1444 2221 γηραιός,

39 2234 235 2293 3οἸούδᾳ
277 2241 336 2293 τῷ
381 2234 452 2277 καὶ
490 2232 809 2294 Ἀριστοβούλῳ
853 2235 1063 2290 κληθέντι
1106 2237 1186 2290 τὴν
1231 2237 1444 2291 διαδοχὴν

94 2307 353 2349 καταλιπών.
410 2306 556 2360 <241>
588 2310 854 2361 κληρονομεῖ
885 2305 933 2349 δὲ
958 2306 1030 2348 καὶ
1062 2313 1221 2349 τοῦτον
1252 2306 1444 2362 ἀδελφὸς

1160 2375 1230 2409 2οξς
