1732 2526
562 67 999 99 ENNEAKAJAEKATH
1363 63 1449 106 209

108 187 195 224 τος,
227 174 379 214 κοινὸν
412 173 527 229 αὑτῷ
559 187 603 213 τε
635 171 705 213 καὶ
738 179 796 227 τῷ
829 171 905 213 Διὶ
945 171 1171 225 γεγονέναι
1210 173 1257 213 τὸ
1296 170 1450 213 τέκνον

108 242 305 296 φάσκων,
336 241 408 284 καὶ
440 243 521 285 δύο
553 249 822 297 χειροτονεῖν
850 242 981 296 αὐτῆς
1005 242 1204 296 πατέρας,
1238 242 1451 294 ὁπότερον

107 314 284 365 μείζονα
327 313 522 367 φάμενος
566 311 612 354 ἐν
657 312 773 369 μέσῳ
811 312 1164 366 καταλιμπάνειν.
1225 313 1338 364 <12>
1380 310 1451 352 καὶ

108 380 204 423 τάδ’
242 383 469 438 ἠνείχοντο
507 383 773 437 πράττοντος
811 383 946 424 αὐτοῦ
979 383 1024 424 οἵ
1058 384 1300 435 ἄνθρωποι.
1363 380 1452 423 ἐπέ-

71 459 236 506 5τρεψε
269 451 317 495 δὲ
349 452 420 495 καὶ
452 461 542 502 τοῖς
582 451 766 502 οἰκέταις
804 456 1064 508 κατηγορίας
1101 456 1324 494 ποιεῖσθαι
1363 459 1451 492 τῶν

108 523 333 565 δεσποτῶν
377 522 443 577 ἐφ’
493 517 679 564 οἷστισιν
712 522 969 577 ἐθελήσειαν
1007 522 1258 577 ἐγκλήμασι.
1328 522 1451 562 δεινὰ

107 593 190 647 γὰρ
228 591 353 634 πάντ’
388 590 444 647 ἦν
481 593 619 635 ὁπόσα
658 592 808 647 μέλλοι
847 593 1070 647 λέγεσθαι,
1109 593 1180 634 διὰ
1219 594 1266 634 τὸ
1308 591 1455 646 χάριτί

107 678 152 704 τε
195 662 267 704 καὶ
307 664 598 717 ὑπαγορεύσει
635 669 686 718 τῇ
726 663 896 705 ἐκείνου
933 664 985 705 τὰ
1022 664 1162 705 πολλὰ
1200 664 1450 716 γίγνεσθαι·

109 734 222 786 <13>
254 731 356 775 ὥστ’
393 734 477 788 ἤδη
510 733 581 775 καὶ
613 735 841 776 Κλαυδίου
868 733 1025 788 ἐτόλμα
1057 735 1327 787 ποιήσασθαι
1360 735 1451 773 Πο-

57 816 90 841 ιο
109 803 323 857 λυδεύκης
367 804 389 846 ὁ
435 804 594 854 δοῦλος
636 807 924 859 κατηγοριάν,
966 803 1037 845 καὶ
1082 804 1214 853 Γάιος
1257 803 1450 857 ἠνείχετο

109 874 216 914 κατὰ
247 873 445 928 πάτρωος
476 881 555 916 τοῦ
582 875 717 916 αὑτοῦ
745 876 867 928 δίκης
892 874 1090 916 θανάτου
1116 873 1354 928 λεγομένης
1381 871 1445 914 ἐπ’

109 943 315 997 ἀκροάσει
355 948 612 999 συνελθεῖν,
650 944 792 986 ἐλπίδι
830 951 909 987 τοῦ
946 947 1216 998 παραλαβεῖν
1262 944 1451 996 δύναμιν

110 1013 282 1055 ἀνελεῖν
315 1014 459 1056 αὐτόν.
510 1014 563 1056 οὐ
595 1016 682 1069 μὴν
715 1013 932 1068 ἐξεγένετό
959 1011 1001 1068 γ’
1033 1015 1164 1071 αὐτῷ.
1207 1014 1320 1067 <142
1349 1013 1453 1054 ἀνα-

109 1085 378 1138 πεπληκότος
415 1083 456 1126 δ’
504 1085 640 1127 αὐτοῦ
678 1093 986 1139 συκοφαντιῶν
1027 1084 1096 1127 καὶ
1131 1092 1276 1126 κακῶν
1307 1089 1452 1125 πᾶσαν

33 1167 91 1194 ,15
109 1155 188 1207 τὴν
221 1155 483 1210 οἰκουμένην
515 1152 566 1209 ἧς
598 1155 770 1210 ἐπῆρχε,
800 1155 873 1197 καὶ
903 1156 1071 1210 πολλὴν
1098 1157 1177 1209 τὴν
1210 1155 1452 1205 δουλοκρα-

109 1226 207 1266 τίαν
252 1224 498 1280 ἐπηρμένου
538 1234 628 1276 τοῖς
670 1227 911 1279 δεσπόταις,
956 1224 1183 1280 ἐπιβουλαὶ
1221 1226 1273 1267 τὰ
1313 1224 1453 1265 πολλὰ

108 1295 192 1348 ἤδη
220 1298 499 1351 συνίσταντο,
518 1304 606 1338 τῶν
632 1294 712 1351 μὲν
738 1294 802 1338 ἐπ’
836 1296 979 1352 ἀμύνῃ
1007 1293 1069 1338 ὧν
1094 1296 1283 1338 πάθοιεν
1316 1294 1453 1347 ὀργὴν

107 1364 407 1420 ποιουμένων,
450 1374 538 1408 τῶν
582 1364 630 1408 δὲ
670 1366 774 1422 πρὶν
820 1367 1077 1422 ἐμπεσόντες
1120 1374 1266 1408 κακῶν
1306 1371 1453 1420 τυχεῖν

108 1435 310 1488 μεγάλων
335 1435 581 1491 τιθεμένων
606 1438 655 1478 τὸ
682 1439 1069 1492 μεταχειρίσασθαι
1095 1438 1171 1478 τὸν
1199 1437 1452 1490 ἄνθρωπον.

55 1506 233 1559 20<15>
271 1505 380 1548 ὅθεν
418 1505 566 1560 ἐπειδὴ
604 1514 693 1556 τοῖς
738 1505 782 1548 θ’
840 1506 1045 1549 ἁπάντων
1084 1508 1235 1560 νόμοις
1278 1504 1349 1546 καὶ
1392 1511 1453 1561 τῷ

108 1575 298 1630 ἀσφαλεῖ
343 1576 537 1630 μεγάλην
587 1578 855 1630 συνήνεγκεν
905 1577 1187 1630 εὐδαιμονίας
1238 1576 1378 1629 ῥοπὴν
1429 1576 1451 1617 ὁ

107 1646 302 1695 θάνατος
333 1646 485 1700 αὐτοῦ,
517 1648 639 1689 ἔθνει
671 1662 714 1688 τε
747 1653 806 1703 τῷ
839 1646 1030 1704 ἡμετέρῳ
1064 1645 1158 1688 οὐδ’
1203 1648 1263 1695 εἰς
1301 1646 1453 1698 ὀλίγον

110 1715 350 1770 ἐξεγεγόνει
376 1718 432 1770 μὴ
461 1717 541 1759 οὐκ
568 1716 856 1770 ἀπολωλέναι,
883 1718 940 1771 μὴ
967 1719 1138 1772 ταχείας
1164 1717 1279 1773 αὐτῷ
1309 1720 1452 1757 τελευ-

108 1793 183 1840 τῆς
225 1785 595 1841 παραγενομένης,
634 1788 849 1841 βούλομαι
883 1784 965 1839 [δὲ]
1009 1785 1064 1828 δι’
1115 1787 1336 1842 ἀκριβείας
1376 1787 1452 1827 τὸν

58 1870 90 1894 25
109 1857 249 1898 πάντα
281 1855 379 1911 περὶ
413 1857 548 1899 αὐτοῦ
580 1859 713 1910 λόγον
742 1858 953 1910 διελθεῖν,
986 1858 1100 1910 <16>
1133 1858 1274 1906 ἄλλως
1305 1872 1349 1898 τε
1381 1855 1452 1897 καὶ

110 1927 258 1981 ἐπειδὴ
303 1928 472 1981 πολλὴν
517 1929 603 1982 ἔχει
647 1930 794 1970 πίστιν
837 1934 916 1970 τοῦ
958 1932 1070 1969 θεοῦ
1114 1934 1188 1981 τῆς
1228 1928 1486 1981 δυνάμεως

108 1996 180 2038 καὶ
211 2000 499 2053 παραμυθίαν
530 2005 620 2047 τοῖς
653 1997 699 2040 ἐν
732 1999 881 2052 τύχαις
921 1996 1136 2052 κειμένοις
1174 1997 1246 2039 καὶ
1279 2009 1454 2051 σωφρο-

108 2068 268 2121 νισμὸν
304 2075 396 2117 τοῖς
434 2068 651 2121 οἰομένοις
688 2067 835 2110 ἀίδιον
872 2068 951 2121 τὴν
989 2068 1208 2123 εὐτυχίαν,
1248 2067 1358 2108 ἀλλὰ
1396 2068 1453 2121 μὴ

111 2136 180 2178 ἐπὶ
212 2139 422 2192 μήκιστον
454 2137 605 2193 φέρειν
637 2140 772 2180 κακὸν
805 2138 957 2193 ἀρετῆς
983 2138 1089 2193 αὐτῇ
1123 2139 1179 2192 μὴ
1212 2152 1455 2191 παραγενο-

57 2217 91 2246 30
110 2206 254 2262 μένης.

201 2278 315 2333 <17>
348 2278 479 2328 ὁδοὺς
504 2276 583 2333 μὲν
610 2285 724 2333 τρεῖς
750 2279 772 2322 ὁ
799 2279 990 2328 θάνατος
1016 2278 1151 2321 αὐτοῦ
1183 2278 1449 2331 παρεσκευά-
1477 2290 1498 2321 3

181 2354 348 2380 ΙοεεΡΗσε.
384 2355 437 2381 IV.
1200 2350 1243 2379 14
