1732 2526
126 332 145 361 <51

173 70 231 112 54
665 71 1029 106 ΑΡΧΑΙΟΛΟΓΙΑΣ

174 180 337 232 δεινός,
379 176 426 219 ἐν
464 176 633 235 ὑστέρῳ
674 175 721 219 δὲ
761 177 1033 234 διελεγχθεὶς
1077 177 1143 221 ἐπ’
1191 179 1340 229 ἄλλοις
1383 178 1522 228 οὕτως

172 248 381 291 ἀπέθανε.

261 320 405 374 <320>
435 321 537 369 τοὺς
579 317 627 361 δὲ
665 319 1018 374 βασανισθέντας
1055 320 1078 362 ὁ
1110 321 1317 374 βασιλεὺς
1357 318 1429 361 καὶ
1461 321 1523 369 εἰς

172 392 220 433 τὸ
259 393 429 445 πλῆθος
468 392 719 445 προήγαγεν
762 390 809 432 ἐν
847 389 1127 446 Ἱεριχοῦντι,
1169 396 1523 445 κατηγοροῦντας

172 469 259 503 τῶν
302 462 487 503 παίδων.
548 459 620 502 καὶ
658 461 842 511 τούτους
885 459 966 516 μὲν
1011 460 1056 503 ἐκ
1100 462 1243 517 χειρὸς
1282 461 1326 503 oc
1366 459 1522 503 πολλοὶ

173 533 408 587 βάλλοντες
440 530 717 574 ἀπέκτειναν·
750 532 896 587 <321>
927 531 1199 588 ὡρμημένων
1233 529 1280 573 δὲ
1318 530 1390 573 καὶ
1422 533 1524 581 τοὺς

171 601 271 657 περὶ
314 604 391 645 τὸν
432 601 721 658 Ἀλέξανδρον
766 603 927 656 ὁμοίως
970 610 1158 656 κτεῖναι,
1202 608 1331 644 τοῦτο
1377 599 1457 657 μὲν
1500 602 1522 644 ὁ

171 675 377 727 βασιλεὺς
407 675 702 728 παρῃτήσατο,
735 674 808 714 διὰ
842 675 1122 728 Πτολεμαίου
1154 672 1227 714 καὶ
1255 674 1441 729 Φερώρα
1474 674 1522 715 τὸ

170 747 341 798 πλῆθος
373 744 640 793 ἀναστείλας.
692 741 746 798 ἧν
775 741 823 785 δὲ
850 745 1024 799 φυλακὴ
1051 742 1124 786 καὶ
1157 746 1337 799 τήρησις
1362 743 1522 796 αὐτῶν,

170 813 243 856 καὶ
274 812 459 870 προσῄει
491 811 571 869 μὲν
604 813 751 864 οὐδεὶς
784 816 860 869 ἔτι,
898 815 1039 857 πάντα
1072 811 1113 856 δ’
1159 814 1438 857 ἐπεσκοπεῖτο
1470 814 1522 855 τὰ

171 887 412 940 γιγνόμενα
443 883 516 927 καὶ
560 886 831 940 λαλούμενα,
858 875 1017 928 χκαίτοι
1054 881 1095 939 γ’
1141 886 1238 940 ἄρτι
1274 885 1523 927 καταδίκων

172 952 292 1011 εἶχον
325 955 506 1007 ἀδοξίαν
538 955 610 998 καὶ
644 955 754 1006 δέος.
798 955 944 1012 <322>
977 957 1130 1011 ἅτερος
1162 954 1201 998 δ’
1238 956 1384 998 αὐτῶν
1410 951 1523 1011 Ἀρι-

171 1029 412 1082 στόβουλος
444 1025 490 1068 ἐκ
522 1029 804 1082 βαρυθυμίας
835 1027 1113 1081 ὑπαγόμενος
1148 1025 1220 1068 καὶ
1252 1028 1331 1081 τὴν
1364 1024 1522 1068 ἑαυτοῦ

169 1098 332 1152 τηθίδα
363 1096 436 1139 καὶ
467 1097 690 1152 πενθερὰν
724 1100 960 1151 συναλγεῖν
993 1097 1111 1154 αὐτῷ
1144 1104 1237 1147 ταῖς
1275 1103 1523 1152 συμφοραῖς

170 1166 242 1210 καὶ
276 1175 420 1222 μισεῖν
453 1170 530 1210 τὸν
562 1168 614 1209 τὰ
646 1174 827 1209 τοιαῦτα
858 1170 1145 1223 πειθόμενον,
1185 1167 1262 1210 e01³)
1299 1168 1405 1223 γάρ’
1438 1169 1520 1223 ἔφη

171 1239 265 1280 (καὶ
305 1237 374 1280 σοὶ
418 1239 627 1288 κίνδυνος
671 1238 903 1293 ἀπωλείας,
945 1237 1270 1294 διαβεβλημένῃ
1312 1241 1521 1296 Συλλαίῳ

170 1307 262 1350 κατ’
319 1308 472 1351 ἐλπίδα
523 1309 675 1363 γάμων
732 1309 901 1351 ἅπαντα
956 1309 1151 1352 τάνθάδε
1207 1310 1521 1364 προμηνύειν;’

171 1380 315 1433 <323>
348 1381 531 1429 τούτους
563 1379 706 1434 ἐκείνη
739 1382 847 1435 ταχὺ
887 1380 1003 1435 μάλα
1040 1380 1244 1437 τάδελφῷ
1283 1379 1522 1435 προσφέρει

170 1452 274 1500 τοὺς
305 1452 475 1505 λόγους.
539 1450 561 1492 ὃ
602 1449 640 1492 δ’
686 1449 831 1493 οὐκέτι
868 1452 1097 1506 κατασχὼν
1135 1450 1269 1493 αὑτὸν
1311 1452 1445 1505 δῆσαί
1478 1467 1522 1493 τε

170 1522 339 1563 κελεύει
382 1520 455 1563 καὶ
501 1523 820 1575 διαστήσαντας
865 1520 938 1563 ἀπ’
988 1521 1214 1576 ἀλλήλων,
1259 1521 1340 1563 ὅσα
1381 1530 1523 1572 κακῶς

171 1591 379 1646 ἐποίησαν
420 1591 488 1633 ε’πὶ
526 1598 584 1648 τῷ
624 1595 770 1648 πατρί,
807 1599 944 1634 ταῦτα
984 1591 1293 1648 γραψαμένους
1331 1594 1522 1648 Καίσαρι

170 1661 421 1718 ἀποφέρειν.
483 1663 627 1717 (324)
660 1665 706 1705 οἳ
735 1661 795 1718 δ’,
829 1662 920 1705 ἐπεὶ
947 1669 1076 1705 τοῦτο
1103 1662 1418 1719 προσετέτακτο
1446 1664 1522 1705 αὐ-

170 1740 275 1786 τοῖς,
310 1733 610 1788 ἐγγράφουσιν
644 1733 885 1789 ἐπιβουλὴν
923 1731 1004 1788 μὲν
1036 1731 1128 1775 οὔτ’
1176 1733 1383 1788 ἐννοῆσαι
1415 1735 1522 1776 κατὰ

171 1810 250 1845 τοῦ
277 1806 591 1858 γεγεννηκότος
617 1805 716 1846 οὔτε
744 1804 1118 1859 συσκευάσασθαι,
1151 1806 1331 1861 δρασμῷ
1361 1803 1402 1846 δ’
1432 1803 1522 1846 ε’πι-

171 1873 402 1928 βαλέσθαι,
434 1873 506 1916 καὶ
538 1881 668 1917 τοῦτο
702 1873 758 1917 δι’
791 1875 1004 1930 ἀνάγκην,
1032 1876 1231 1918 ὑπόπτου
1263 1874 1335 1917 καὶ
1368 1875 1521 1930 δυσχε-
1542 1888 1572 1914 J

172 1951 277 1999 ροῦς
309 1946 436 1994 ὄντος
468 1945 616 1994 αὐτοῖς
648 1952 728 1987 τοῦ
760 1947 874 1999 βίου.

262 2016 406 2069 <325>
438 2016 544 2057 κατὰ
576 2021 734 2058 τοῦτον
766 2017 844 2059 τὸν
877 2018 1038 2071 χρόνον
1063 2017 1247 2071 ἥκοντος
1273 2015 1320 2058 ἐκ
1338 2017 1521 2058 Καππα-

172 2087 322 2135 δοκίας
353 2088 624 2140 πρεσβευτοῦ
656 2085 760 2141 παρ’
794 2085 1030 2142 Ἀρχελάου
1063 2089 1200 2141 Mn'aoc
1225 2089 1359 2141 τινός,
1393 2086 1439 2136 ὃς
1466 2083 1520 2140 ἧν

172 2157 390 2211 δυνάστης
427 2164 514 2198 τῶν
553 2156 744 2211 ἐκείνου,
782 2159 1053 2212 βουλόμενος
1084 2157 1286 2213 Ἡρώδης
1328 2156 1521 2207 ἐνδείξα-

1560 475 1576 500 5

1545 828 1577 852 10

1543 1181 1575 1206 15

1542 1535 1576 1560 20

172 2231 278 2269 σθαι
310 2228 389 2281 τὴν
423 2228 636 2269 δύσνοιαν
665 2225 900 2283 Ἀρχελάου
932 2229 1040 2283 πρὸς
1072 2228 1222 2282 αὐτόν,
1261 2227 1403 2270 ἐκάλει
1442 2228 1519 2269 τὸν
1539 2241 1574 2266 3ο

267 2312 285 2350 ξ
312 2310 380 2341 320
407 2307 453 2342 cf.
480 2307 571 2342 ΒΘΗ.
598 2307 676 2342 Iud.
704 2307 720 2341 Ι
746 2311 802 2353 26,
829 2311 860 2342 3.
