1732 2526
115 831 147 855 10

112 1181 145 1207 15

116 1534 148 1559 20

116 1885 148 1911 25

639 69 1045 103 OKTQKAIAEKATH
1432 68 1515 110 165

172 194 253 219 ναι.
318 173 413 236 ὅδ’
450 176 600 232 ἐκείνῳ
634 173 714 230 μὲν
747 175 827 217 οὐκ
859 175 913 216 ἂν
946 177 1027 231 ἔφη
1061 183 1315 231 παρασχεῖν,
1350 177 1515 235 Κύπρῳ

169 246 211 289 δ’
261 248 341 290 οὐκ
388 248 580 302 ἠρνεῖτο,
630 249 708 300 τήν
752 261 796 286 τε
846 247 1114 300 φιλανδρίαν
1159 246 1290 300 αὐτῆς
1333 261 1516 289 καταπε-

167 316 414 372 πληγμένος
451 315 522 358 καὶ
563 316 642 369 τὴν
684 315 842 368 λοιπὴν
875 315 1046 357 ἅπασαν
1080 314 1250 370 ἀρετήν.
1314 317 1458 370 <16Ο>
1490 317 1516 371 ἣ

170 387 210 430 δ’
242 388 509 443 ὑπισχνεῖτο,
541 384 612 427 καὶ
646 386 668 428 ὁ
690 383 974 440 Ἀλέξανδρος
999 384 1125 427 πέντε
1153 385 1342 427 τάλαντα
1369 386 1517 437 αὐτοῖς

169 459 215 501 ε’ν
257 465 307 514 τῇ
340 456 645 513 Ἀλεξανδρείᾳ
687 457 810 510 δούς,
855 458 902 498 τὸ
946 458 1101 499 λοιπὸν
1144 456 1191 498 ἐν
1230 460 1518 514 Δικαιαρχείᾳ

168 527 389 586 γενομένῳ
421 525 624 582 παρέξειν
658 525 964 581 ἐπηγγέλλετο,
1004 527 1160 576 δεδιὼς
1198 533 1276 569 τοῦ
1304 523 1516 582 Ἀγρίππα

167 602 215 642 τὸ
248 600 309 649 εἰς
341 599 391 640 τὰ
424 597 686 652 ἀναλώματα
719 597 904 652 ἕτοιμον.
956 596 1027 638 καὶ
1059 599 1239 652 Κύπρος
1272 595 1351 652 μὲν
1384 597 1518 640 ἀπαλ-

168 670 333 720 λάξασα
358 671 435 711 τὸν
462 669 603 723 ἄνδρα
631 666 699 709 ἐπὶ
726 674 801 722 τῆς
823 664 1004 717 Ἰταλίας
1029 669 1375 723 πλευσούμενον,
1408 669 1517 722 αὐτὴ

167 741 271 795 μετὰ
291 747 378 782 τῶν
399 738 564 781 τέκνων
586 737 654 780 ἐπὶ
670 735 884 788 Ἰουδαίας
905 737 1151 789 ἀνέζευξεν·
1183 740 1327 793 <161>
1343 737 1518 795 Ἀγρίπ-

167 825 249 860 πας
282 807 321 852 δ’
358 811 419 860 εἰς
450 811 697 859 Ποτιόλους
728 810 995 864 παραβαλὼν
1033 809 1267 864 ἐπιστολὴν
1299 810 1358 859 ὡς
1395 809 1517 865 Τιβέ-

168 897 266 936 ριον
305 883 506 936 Καίσαρα
544 881 703 935 γράφει
743 881 1032 935 διαιτώμενον
1073 880 1119 922 ἐν
1160 879 1401 935 Καπρέαις,
1442 895 1518 923 πα-

167 954 353 1006 ρουσιάν
392 967 435 993 τε
475 952 554 1005 τὴν
593 951 729 993 αὑτοῦ
769 952 916 1005 δηλῶν
956 949 1024 992 ε’πὶ
1062 953 1278 1007 θεραπεία
1315 950 1386 993 καὶ
1419 953 1518 1002 ὄψει

167 1028 217 1077 τῇ
252 1021 441 1075 ἐκείνου,
484 1020 554 1063 καὶ
594 1021 726 1071 ἀξιῶν
759 1022 911 1075 ἔφεσιν
944 1021 1059 1078 αὐτῷ
1093 1019 1303 1075 γενέσθαι
1336 1023 1396 1072 εἰς
1428 1024 1518 1064 Κα-

166 1091 300 1148 πρέας
324 1094 609 1147 παραβαλεῖν.
653 1092 798 1146 <162>
831 1091 1030 1147 Τιβέριος
1057 1089 1094 1134 δ’
1129 1090 1261 1134 οὐδὲν
1290 1092 1520 1142 ἐνδοιάσας

166 1163 218 1205 τά
249 1161 284 1205 τ’
324 1164 435 1205 ἄλλα
467 1163 584 1220 αὐτῷ
622 1162 782 1218 γράφει
821 1165 1138 1220 φιλανθρωπία
1175 1164 1419 1218 χρώμενος,
1458 1164 1520 1204 ἔτι

165 1233 237 1276 καὶ
275 1236 443 1290 χαίρειν
483 1233 797 1288 ἀποσημαίνων
840 1232 908 1275 ἐπὶ
949 1239 1007 1290 τῷ
1051 1241 1141 1276 σῶν
1183 1233 1416 1288 ἐπανήκειν
1458 1234 1520 1282 εἰς

165 1305 239 1354 τὰς
271 1303 486 1360 Καπρέας.
549 1303 640 1346 ἐπεὶ
680 1301 719 1346 δ’
757 1304 1024 1359 ἀφικνεῖται,
1061 1302 1200 1359 μηδὲν
1231 1305 1408 1360 ὑφελὼν
1440 1309 1519 1346 τοῦ

167 1375 213 1417 ἐν
246 1382 336 1425 τοῖς
373 1375 594 1431 γράμμασι
632 1376 870 1430 προθύμου
910 1375 1118 1429 ἠσπάζετό
1160 1390 1203 1417 τε
1242 1373 1313 1417 καὶ
1352 1374 1522 1426 ἐξένιζε.

169 1446 324 1499 <163>
367 1452 418 1501 τῇ
465 1442 508 1487 δ’
558 1444 651 1500 ἑξῆς
697 1448 891 1501 Καῖσαρ,
935 1446 1202 1501 γραμμάτων
1247 1446 1363 1502 αὐτῷ
1410 1443 1515 1501 παρ’

161 1514 391 1571 Ἑρεννιόυ
434 1517 694 1566 Καπίτωνος
735 1515 1018 1571 ἀφικομένων
1060 1516 1126 1558 ὅτι
1163 1515 1400 1571 Ἀγρίππας
1441 1532 1521 1570 μυ-

169 1586 322 1641 ριάδας
353 1586 587 1641 τριάκοντα
620 1586 833 1641 δάνεισμα
865 1587 1158 1641 ποιησάμενος
1197 1585 1268 1628 καὶ
1306 1587 1414 1641 πρὸς
1445 1587 1520 1637 τὰς

168 1657 412 1711 καταβολὰς
450 1655 638 1698 ἐκλιπὼν
676 1658 839 1712 χρόνον
878 1658 956 1699 τὸν
994 1659 1303 1712 συγκείμενον,
1341 1658 1520 1711 ἀπαιτή-

168 1739 277 1777 σεως
315 1726 553 1781 γενομένης
591 1731 754 1782 οἴχοιτο
792 1728 935 1783 φυγὰς
973 1727 1020 1769 ἑκ
1057 1735 1144 1769 τῶν
1177 1726 1248 1769 ὑπ’
1287 1726 1403 1784 αὐτῷ
1436 1743 1520 1783 χω-

168 1799 292 1853 ρίων,
319 1799 486 1852 ἄκυρον
513 1797 647 1839 αὐτὸν
673 1799 885 1848 καθιστὰς
909 1804 985 1852 τῆς
1012 1797 1080 1840 ἐπὶ
1104 1804 1164 1855 τῷ
1193 1796 1518 1854 εἰσπραξομένῳ

170 1868 386 1922 ἐξουσίας,
425 1868 569 1923 <164>
607 1869 769 1923 ταύτην
806 1868 1026 1923 ἀναγνοὺς
1063 1870 1142 1923 τὴν
1181 1868 1414 1923 ἐπιστολὴν
1446 1882 1519 1910 πε-

168 1943 341 1995 ριαλγεῖ
385 1938 431 1980 θ’
483 1938 505 1980 ὁ
552 1941 745 1994 Καῖσαρ,
794 1938 866 1981 καὶ
911 1940 1154 1982 διάκλεισιν
1204 1937 1413 1993 γενέσθαι
1458 1944 1516 1996 τςό

162 2008 376 2066 Ἀγρίππα
416 1995 583 2051 κελεύει
624 2010 812 2052 εἰσόδων
852 2017 940 2052 τῶν
980 2012 1088 2066 πρὸς
1125 2010 1280 2064 αὐτόν,
1323 2010 1424 2065 ἄχρι
1463 2010 1518 2063 δὴ

168 2083 405 2135 καταβαλεῖ
426 2081 474 2122 τὸ
501 2078 635 2135 χρέος.
689 2080 711 2121 ὃ
739 2080 787 2122 δὲ
813 2078 951 2135 μηδὲν
977 2087 1027 2136 τῇ
1055 2080 1162 2136 ὀργῇ
1189 2086 1267 2122 τοῦ
1294 2081 1518 2135 Καίσαρος

169 2150 455 2205 καταπλαγεὶς
482 2149 716 2200 Ἀντωνιάς
748 2151 904 2205 δεῖται,
948 2157 1022 2206 τῆς
1055 2152 1330 2205 Γερμανικοῦ
1361 2165 1406 2192 τε
1439 2166 1518 2204 μη-

116 2236 150 2261 30
169 2223 270 2277 19‘05·
306 2219 378 2263 καὶ
409 2221 638 2263 Κλαυδίου
670 2226 748 2263 τοῦ
780 2221 965 2277 ὕστερον
1004 2220 1245 2276 γενομένου
1279 2222 1518 2275 Καίσαρος,

171 2292 384 2346 δάνεισμα
415 2292 531 2348 αὐτῷ
565 2292 752 2346 δοθῆναι
787 2293 862 2342 τας
899 2292 1133 2347 τριάκοντα
1171 2291 1406 2346 μυριάδας,
1444 2290 1517 2331 ἴνα
