1732 2526
84 804 117 828 10

84 1156 117 1182 15

85 1509 119 1534 20

86 1861 120 1887 25

86 2212 121 2238 30

603 52 1011 85 ΕΠΤΑΚΑῙΔΕΚΑΤΗ
1423 52 1448 94 9
1455 53 1478 93 7

135 156 208 201 ὑπ’
246 159 381 201 αὐτοῦ
413 166 502 208 τοῖς
535 156 602 200 ἐπὶ
635 159 828 215 σωτηρίᾳ
858 157 930 200 καὶ
962 163 1135 215 φυλακῇ
1174 167 1252 203 τοῦ
1292 163 1480 214 πατρίου

135 228 344 283 μέλλουσι
393 232 618 283 τελευτᾶν,
670 229 742 270 διὰ
790 230 840 270 τὸ
891 228 1037 271 ἀίδιον
1080 236 1159 272 τοῦ
1204 230 1480 273 ἐπαινεῖσθαι

135 301 286 354 φήμην
323 297 787 353 κατασκευασαμένους
827 300 875 340 ἔν
912 314 956 340 τε
995 306 1085 349 τοῖς
1121 306 1207 341 νῦν
1249 301 1481 356 ἐπαινεθή-

137 374 294 411 σεσθαι
325 368 397 411 καὶ
428 375 518 418 τοῖς
550 367 774 423 ἐσομένοις
805 367 1182 424 ἀειμνημόνευτον
1224 374 1480 413 καταλιπεῖν

136 441 213 482 τὸν
244 441 355 494 βίον.
419 438 561 492 <153>
592 441 733 481 καίτοι
765 454 812 492 γε
845 437 917 480 καὶ
955 445 1046 489 τοῖς
1084 439 1330 489 ἀκινδύνως
1368 442 1480 482 διαι-

135 508 346 564 τωμένοις
384 510 582 563 ἄφυκτον
623 505 736 551 εἶναι
775 510 855 563 τὴν
898 510 1152 564 συμφοράν,
1194 511 1301 552 ὥστε
1340 515 1481 561 καλῶς

136 582 251 635 ἔχειν
301 586 390 629 τοῖς
439 579 593 633 ἀρετῆς
643 577 956 634 ὀριγνωμένοις
1005 581 1052 622 τὸ
1098 580 1481 635 κατεψηφισμένον

136 650 272 692 αὐτοῦ
303 645 393 705 μετ’
431 649 623 691 ἐπαίνων
655 648 726 691 καὶ
761 657 899 704 τιμῶν
927 649 1178 705 δεχομένοις
1203 650 1376 693 ἀπιέναι
1402 658 1482 694 τοῦ

136 723 247 776 βίου.
309 717 452 774 (154)
486 719 638 775 φέρειν
678 718 725 762 δὲ
763 719 834 762 καὶ
875 722 1085 775 κούφισιν
1123 723 1292 776 πολλὴν
1330 723 1378 764 τὸ
1412 721 1481 764 ἐπὶ

136 795 286 841 καλοῖς
323 793 481 847 ἔργοις,
520 788 582 833 ὧν
620 798 846 846 μνηστῆρα
884 793 962 833 τὸν
1000 793 1212 835 κίνδυνον
1250 789 1378 848 εἶναι,
1416 808 1481 834 τε-

136 865 308 916 λευτᾶν,
352 860 423 903 καὶ
468 862 555 916 ἅμα
598 860 713 903 υἱέσι
757 869 848 912 τοῖς
892 862 1052 916 αὐτῶν,
1096 861 1167 904 καὶ
1205 863 1360 905 ὁπόσοι
1402 869 1481 905 τοῦ

137 939 378 987 συγγενοῦς
403 934 734 975 καταλείποιντο
761 933 920 988 ἄνδρες
945 933 971 987 ἢ
998 940 1218 987 γυναῖκες,
1237 932 1309 975 καὶ
1335 934 1481 976 τοῖσδε

135 1009 413 1058 περιποιῆσαι
447 1004 605 1058 ὄφελος
636 1003 809 1060 εὐκλείᾳ
840 1009 891 1058 τῇ
927 1001 999 1044 ἀπ’
1039 1004 1195 1046 αὐτῶν.

225 1073 371 1128 <155>
414 1071 486 1114 καὶ
530 1075 575 1115 οἳ
615 1071 695 1128 μὲν
735 1074 951 1123 τοιούτοις
994 1075 1142 1127 λόγοις
1182 1073 1338 1129 ἐξῆραν
1379 1077 1483 1125 τοὺς

136 1143 278 1199 νέους,
299 1143 547 1199 ἀφικνεῖται
567 1142 615 1186 δὲ
642 1145 772 1198 λόγος
797 1145 858 1194 εἰς
878 1144 1038 1193 αὐτοὺς
1063 1145 1277 1186 τεθνάναι
1303 1145 1481 1200 φράζων

137 1216 214 1257 τὸν
257 1213 453 1269 βασιλέα,
497 1215 519 1256 ὃ
565 1214 637 1256 καὶ
675 1213 940 1269 συνέπραττε
978 1221 1069 1264 τοϊς
1110 1221 1347 1269 σοφισταῖς.
1410 1215 1483 1257 καὶ

137 1283 271 1340 μέσης
301 1283 463 1340 ἡμέρας
500 1284 766 1335 ἀνελθόντες
802 1283 1030 1327 κατέσπων
1067 1301 1111 1327 τε
1144 1284 1215 1327 καὶ
1256 1284 1482 1328 πελέκεσιν

138 1354 350 1407 ἐξέκοψαν
381 1357 459 1398 τὸν
486 1354 629 1411 ἀετόν,
658 1359 834 1398 πολλῶν
861 1355 908 1398 ἐν
934 1362 993 1412 τῷ
1023 1357 1123 1412 ἱερῷ
1152 1357 1482 1411 διατριβόντων.

137 1426 282 1480 <156>
315 1425 387 1468 καὶ
414 1426 436 1468 ὁ
471 1428 709 1481 στρατηγὸς
739 1433 818 1469 τοῦ
848 1427 1061 1481 βασιλέως
1093 1425 1366 1483 (ἀγγέλλεται
1399 1429 1482 1482 γὰρ

139 1497 164 1551 ἡ
211 1496 475 1552 ἐπιχείρησις
518 1498 627 1551 πρὸς
671 1497 824 1554 αὐτόν)
863 1497 946 1540 ἀπὸ
986 1500 1183 1552 μείζονος
1221 1499 1420 1548 διανοίας
1456 1497 1483 1552 ἣ

139 1567 370 1622 ἐπράττετο
402 1567 639 1622 ὑπολαβὼν
671 1569 812 1610 ἄνεισι
843 1575 966 1622 χεῖρα
998 1569 1167 1622 πολλὴν
1201 1567 1483 1623 ἐπαγόμενος,

139 1639 294 1680 ὁπόσοι
326 1636 558 1688 ἀνθέξοιεν
590 1645 649 1695 τῷ
687 1640 849 1692 πλήθει
881 1645 968 1680 τῶν
1005 1637 1290 1693 πειρωμένων
1326 1643 1483 1681 καθαι-

139 1715 233 1763 ρεῖν
277 1709 325 1750 τὸ
371 1708 597 1763 ἀνάθημα·
651 1708 867 1750 ἐπιπεσών
910 1724 955 1750 τε
999 1710 1057 1763 μὴ
1101 1707 1484 1764 προσδεχομένοις,

139 1775 235 1820 ἀλλ’
271 1779 400 1821 ὁποῖα
433 1779 560 1834 ὄχλος
597 1782 729 1833 φιλεῖ,
769 1778 875 1835 δόξῃ
913 1782 1081 1834 μᾶλλον
1119 1779 1286 1833 ἀμαθεῖ
1320 1779 1346 1833 ἢ
1377 1794 1482 1833 προ-

138 1851 239 1906 νοίᾳ
271 1849 460 1904 ἀσφαλεῖ
488 1850 816 1903 τετολμηκόσιν,
847 1848 1134 1899 ἀσυντάκτοις
1164 1865 1209 1891 τε
1242 1848 1313 1891 καὶ
1345 1847 1484 1904 μηδὲν

138 1926 217 1963 τοῦ
244 1919 483 1974 ὀνήσοντος
508 1919 982 1974 προανεσκοπημένοις,
1013 1920 1158 1974 <157>
1184 1927 1272 1961 τῶν
1297 1935 1341 1961 τε
1367 1919 1483 1962 νέων

140 1990 220 2033 οὐκ
253 1989 457 2040 ἐλάττους
489 1989 788 2045 τετταράκοντ’
827 1989 1021 2045 ἀνδρῶν,
1054 1993 1098 2032 οἳ
1127 1990 1286 2046 θράσει
1326 1992 1484 2044 ἔμενον

140 2061 318 2103 ἐπιόντα
350 2062 411 2110 εἰς
449 2061 597 2116 φυγὴν
633 2067 712 2103 τοῦ
754 2064 911 2103 λοιποῦ
941 2062 1142 2115 πλήθους
1179 2060 1483 2112 καταστάντος,

140 2131 453 2186 συλλαμβάνει,
484 2130 556 2173 καὶ
588 2133 691 2181 τοὺς
723 2132 952 2186 εἰσηγητὰς
977 2137 1055 2174 τοῦ
1081 2134 1354 2186 τολμήματος
1376 2128 1484 2173 Ἰού-

141 2202 225 2244 δαν
255 2200 327 2243 καὶ
359 2204 587 2256 Ματθίαν,
619 2201 780 2252 ἄδοξον
818 2200 1093 2257 ἡγουμένους
1124 2202 1372 2256 ὑποχωρεῖν
1403 2202 1485 2254 τὴν

234 2285 253 2323 ξ
275 2285 341 2316 155
363 2282 407 2318 ef.
434 2281 525 2317 Bell,
546 2281 623 2316 Iud.
645 2281 660 2315 I
681 2286 736 2326 33,
758 2285 789 2317 3.
889 2285 908 2324 ἓ
931 2284 996 2316 157
1018 2281 1062 2316 cf.
1084 2280 1176 2317 Bell.
1197 2281 1275 2316 Iud.
1297 2281 1312 2315 I
1332 2284 1387 2325 33,
1409 2284 1442 2315 4.

209 2347 378 2373 Ioszpm-s.
410 2348 462 2373 IV.
1258 2355 1266 2373 ί
