1732 2526
0 737 11 902 v--v—wuv-
8 719 10 722 ,

570 63 1009 109 ENNEAKAIAEKATH
1384 76 1469 118 237

123 191 215 233 τοῖς
245 182 378 232 πέλας
403 182 645 236 ἐπείδομεν,
679 184 804 239 φόβῳ
839 189 918 225 τοῦ
953 179 1043 237 μετ’
1082 183 1234 238 ἀρετῆς
1265 188 1472 227 τελευτᾶν

125 250 216 308 μετ’
253 254 462 308 αἰσχύνης
492 259 567 306 τῆς
597 253 784 307 ὑστάτης
814 252 1107 307 ὑπομένοντες
1148 255 1223 304 τὰς
1260 256 1471 304 τελευτάς.

124 324 265 377 <182>
306 331 480 378 πρῶτον
522 321 569 365 δε
614 324 684 365 δεῖ
724 331 813 372 τοῖς
854 322 1087 377 ἀραμένοις
1130 326 1207 366 τὸν
1249 326 1471 378 τύραννον

125 395 251 448 τιμὰς
282 396 443 443 αι’τινες
473 393 686 448 μέγισται,
717 395 877 443 ταύτας
903 396 1183 448 εἰσενεγκεῖν,
1209 395 1393 449 μάλιστα
1424 393 1471 437 δε

91 477 108 502 5
128 464 291 521 Χαιρέᾳ
322 471 380 520 τῷ
414 466 612 521 Κασσίῳ·
645 466 729 506 σὺν
762 465 844 518 γὰρ
876 471 967 514 τοῖς
998 469 1122 514 θεοῖς
1159 468 1220 514 εἱς
1253 465 1364 518 ἀνηρ
1399 462 1471 506 οὗ·

126 551 198 584 τος
228 536 437 589 ποριστὴς
473 534 580 588 ἡμῖν
621 533 693 575 καὶ
731 535 883 590 γνώμη
921 533 993 576 καὶ
1031 534 1152 590 χερσὶ
1189 542 1264 589 τῆς
1296 535 1472 577 ἐλευθε-

127 608 223 659 ρίας
253 603 462 659 πέφηνεν,
506 604 650 658 <183>
691 601 744 646 οὗ
784 605 919 646 καλὸν
959 606 1016 658 μὴ
1056 604 1340 659 ἀμνημονεῖν,
1373 601 1467 646 ἀλλ’

127 674 196 717 ἐπὶ
227 682 302 729 τῆς
327 676 591 726 τυραννίδος
615 672 725 729 ὑπὲρ
753 674 1007 729 ἐλευθερίας
1032 681 1108 728 τῆς
1132 674 1342 729 ἡμετέρας
1366 690 1472 727 προ-

128 747 470 800 βεβουλευκότος
499 743 546 786 θ’
584 746 671 799 ἅμα
703 743 774 786 καὶ
801 746 1277 799 προκεκινδυνευκότος
1304 744 1373 787 ἐπὶ
1398 752 1473 799 τῆς

75 828 108 853 10
127 815 382 870 ἐλευθερίας
413 818 694 870 ψηφίσασθαι
726 816 801 865 τάς
828 815 906 868 [τε]
935 816 1075 870 τιμάς,
1100 817 1274 869 πρῶτόν
1299 813 1339 857 τ’
1375 816 1472 858 ἀνε-

127 886 341 935 πιτάκτως
371 891 499 927 τοῦτο
532 885 861 940 ἀποφήνασθαι.
923 887 1068 941 <184>
1095 888 1226 941 ἔργον
1253 885 1300 928 δὲ
1327 887 1473 928 κάλλι-

129 968 233 998 στον
265 955 337 998 καὶ
370 955 621 1010 ἐλευθέροις
653 956 840 1010 ἀνδράσι
871 955 1039 1010 πρέπον
1071 956 1332 1012 ἀμείβεσθαι
1370 959 1473 1006 τοὺς

121 1027 370 1082 εὐεργέτας,
402 1021 494 1076 οἷος
526 1027 579 1080 δὴ
612 1025 683 1068 καὶ
716 1026 826 1081 ἀνὴρ
861 1023 989 1076 οὗτος
1025 1026 1124 1079 περὶ
1162 1028 1273 1082 ἡμᾶς
1309 1028 1473 1077 πάντας

128 1097 326 1152 γέγονεν,
358 1094 492 1139 οὐδὲν
523 1099 834 1151 παραπλησίως
866 1098 1046 1154 Κασσίῳ
1072 1096 1144 1139 καὶ
1170 1099 1351 1154 Βρούτῳ
1384 1104 1474 1147 τοῖς

76 1180 109 1205 15
130 1168 265 1210 Γάιον
304 1166 491 1209 Ἰούλιον
536 1167 818 1222 ἀνῃρηκόσιν,
858 1167 954 1209 ἐπεί
987 1166 1028 1221 γ’
1070 1170 1115 1210 οἳ
1155 1166 1235 1222 μὲν
1285 1168 1474 1217 στάσεως

127 1237 199 1281 καὶ
230 1237 434 1293 πολέμων
466 1237 694 1293 ἐμφυλίων
720 1237 855 1292 ἀρχὰς
881 1237 1221 1293 ἐπανερρίπισαν
1253 1245 1303 1294 τῇ
1335 1241 1474 1291 πόλει,

129 1306 257 1358 οὗτος
288 1306 336 1350 δὲ
374 1309 479 1363 μετὰ
515 1314 590 1362 τῆς
626 1311 996 1362 τυραννοκτονίας
1032 1307 1103 1350 καὶ
1145 1317 1232 1351 τῶν
1265 1309 1475 1351 ἐντεῦθεν

130 1381 289 1421 δεινῶν
321 1378 538 1434 ἀπήλλαξε
571 1380 652 1433 τὴν
683 1379 841 1421 πόλιν.’

218 1450 361 1511 (185)
401 1449 583 1499 Σέντιος
619 1448 700 1505 μὲν
741 1451 957 1499 τοιούτοις
999 1449 1152 1505 ἐχρῆτο
1191 1458 1282 1499 τοῖς
1313 1452 1508 1503 λόγοις,·

77 1533 111 1558 20
130 1519 201 1564 καὶ
233 1528 321 1563 τῶν
352 1523 604 1574 βουλευτῶν
636 1520 773 1575 ἡδονῇ
808 1520 1056 1576 δεχομένων
1097 1519 1169 1562 καὶ
1203 1521 1356 1563 ὁπόσοι
1389 1527 1475 1562 τῶν

133 1591 297 1634 ἱππέων
329 1597 550 1645 παρῆσαν·
585 1591 867 1645 ἀναπηδήσας
893 1590 945 1633 δέ
967 1607 1030 1640 τις
1057 1590 1314 1646 Τρεβέλλιος
1334 1590 1476 1641 ιΜάξι-

132 1678 211 1716 μος
254 1669 540 1716 περιαιρεῖται
584 1663 661 1703 τὸν
705 1663 940 1704 δακτύλιον
978 1668 1056 1703 τοῦ
1098 1665 1285 1703 Σεντίου
1331 1662 1478 1711 (λίθος

134 1733 174 1774 δ’
213 1734 362 1774 εἰκόνα
391 1733 431 1773 Γ
427 1733 526 1773 αΐου
559 1731 878 1786 ένεγλυμμένος
910 1731 1215 1786 ἐνεδεσμεύετο
1243 1731 1378 1789 αὐτῷ)
1405 1730 1478 1773 καὶ

134 1804 303 1857 σπουδῇ
336 1810 424 1844 τῶν
457 1802 706 1856 λεγομένων
738 1801 808 1843 καὶ
841 1798 902 1844 ὧν
936 1803 1104 1844 ἐπενόει
1144 1802 1337 1858 πράξειν,
1372 1802 1478 1856 ὅπερ

81 1885 116 1911 25
135 1873 257 1931 ᾤετο,
284 1873 332 1915 ἐν
358 1874 474 1928 λήθῃ
502 1875 712 1926 γεγονότι.
758 1872 827 1914 καὶ
848 1874 873 1927 ἡ
902 1871 981 1928 μὲν
1007 1875 1153 1929 γλυφὴ
1179 1874 1479 1928 καταρρήγνυ-

135 1960 218 1998 ται,
251 1944 395 1997 <186>
428 1944 724 1998 προεληλύθει
758 1942 797 1986 δ’
835 1944 861 1997 ἡ
894 1943 972 1994 νὺξ
1006 1943 1074 1986 ε’πὶ
1107 1943 1230 1999 μέγα,
1271 1942 1342 1985 καὶ
1376 1946 1479 1984 Χαι-

136 2013 236 2068 ρέας
268 2011 317 2055 δὲ
348 2020 531 2068 σημεῖον
563 2013 656 2070 ᾔτει
688 2016 792 2064 τοὺς
822 2015 1028 2064 ὑπάτους·
1062 2017 1108 2057 οἳ
1137 2013 1174 2056 δ’
1221 2014 1480 2068 ἐλευθερίαν

136 2086 309 2127 ἔδοσαν.
372 2085 420 2126 ἐν
452 2085 646 2139 θαύματι
680 2083 718 2127 δ’
756 2083 812 2139 ἦν
844 2086 992 2135 αὐτοῖς
1032 2084 1103 2127 καὶ
1144 2086 1272 2140 ὅμοια
1305 2084 1481 2140 ἀπιστία

135 2156 188 2197 τὰ
233 2156 453 2210 δρώμενα·
505 2156 649 2210 <1³37>
693 2157 776 2197 ἔτει
814 2157 896 2211 γὰρ
937 2155 1149 2212 ἑκατοστῷ
1192 2152 1291 2210 μεθ’
1334 2155 1356 2197 ὃ
1401 2156 1481 2208 τὴν

83 2237 117 2262 30
138 2226 432 2280 δημοκρατίαν
475 2227 523 2267 τὸ
575 2233 748 2281 πρῶτον
799 2225 1108 2282 ἀφῃρέθησαν,
1159 2225 1481 2279 <ἐπέστρεψεν>

137 2294 206 2337 ἐπὶ
249 2299 350 2347 τοὺς
393 2297 587 2346 ὑπάτους
630 2299 812 2351 σημείου
855 2297 881 2351 ἡ
926 2297 1186 2350 παράδοσις·
1233 2294 1355 2338 οὗτοι
1397 2297 1479 2350 γὰρ
