1732 2526
656 101 872 135 EIKOZTH
1351 99 1438 141 309

84 207 424 263 Ἀριστόβουλον
455 205 672 261 ’Υρκανοῦ
712 215 790 250 τοῦ
828 208 913 250 ὑπὸ
948 209 1148 263 Πάρθων
1191 207 1440 263 ληφθέντος

88 280 255 321 υἱωνὸν
294 280 399 322 ὄντα
438 280 708 332 καταστήσας
745 278 968 333 ἀρχιερέα,
1012 285 1063 334 τῇ
1103 279 1269 333 ἀδελφῇ
1302 279 1439 321 αὐτοῦ

90 348 316 406 συνῴκησε
354 349 622 404 Μαριάμμῃ,
666 350 745 403 τὴν
782 356 862 391 τοῦ
899 351 1102 403 πλήθους
1141 351 1249 403 πρὸς
1282 348 1440 392 ἑαυτὸν

87 422 348 474 θηρώμενος
389 421 568 462 εὔνοιαν
610 420 682 461 διὰ
724 420 803 473 τὴν
840 418 1057 474 (Τρκανοῦ
1099 422 1286 473 μνήμην.
1348 417 1440 461 εἶτα

54 490 306 545 ὅφοβηθεὶς
343 492 401 545 μὴ
442 491 551 545 πρὸς
589 491 667 532 τὸν
695 488 1031 545 Ἀριστόβουλον
1069 491 1226 539 πάντες
1264 490 1441 532 ἀποκλί-

88 573 248 615 νωσιν,
291 561 463 603 ἀνεῖλεν
505 560 661 612 αὐτόν,
706 560 753 602 ἐν
784 559 962 616 Ἱεριχοῖ
999 566 1209 614 πνιγῆναι
1250 576 1441 615 μηχανη-

90 632 276 686 σάμενος
302 634 605 686 κολυμβῶντα,
636 632 786 680 καθὼς
811 632 895 685 ἤδη
924 632 1243 685 δεδηλώκαμεν.
1295 631 1440 684 <249>

89 702 195 756 μετὰ
238 708 397 744 τοῦτον
443 699 586 743 οὐκέτι
631 708 722 751 τοῖς
768 701 967 754 ἐκγόνοις
1009 709 1098 743 τῶν
1139 700 1441 755 Ἀσαμωναίου

88 772 260 813 παίδων
285 773 365 826 τὴν
392 771 723 827 ἀρχιερωσύνην
750 771 1018 814 ἐπίστευσεν.
1063 771 1218 824 ἔπραξε
1246 769 1285 812 δ’
1312 772 1443 826 ὅμοια

37 857 70 882 10
89 847 147 899 τῷ
175 840 354 898 “Ηρώδῃ
393 841 492 897 περὶ
531 848 607 895 τῆς
644 843 947 891 καταστάσεως
983 850 1072 884 τῶν
1112 840 1266 895 ἱερέων
1300 840 1443 897 Ἀρχέ-

91 915 195 962 λαός
226 909 272 954 θ’
310 914 332 955 ὁ
365 921 465 962 παῖς
497 913 634 954 αὐτοῦ
671 911 743 954 καὶ
783 913 829 954 οἱ
857 914 960 966 μετὰ
1000 919 1158 955 τοῦτον
1191 913 1272 966 τὴν
1305 913 1444 967 ἀρχὴν

84 981 285 1037 Ῥωμαῖοι
330 991 416 1025 τῶν
451 982 682 1025 Ἰουδαίων
727 985 1068 1038 παραλαβόντες.
1131 983 1287 1037 <250>
1332 981 1445 1024 εἰσὶν

92 1051 174 1096 οὖν
215 1055 262 1096 οἵ
301 1054 385 1096 ἀπὸ
429 1062 516 1096 τῶν
554 1053 760 1108 “Ηρώὸ“ου
813 1056 987 1109 χρόνων
1034 1053 1446 1109 ἀρχιερατεύσαντες

91 1124 216 1180 μέχρι
257 1131 332 1179 τῆς
372 1124 534 1179 ἡμέρας
574 1121 624 1178 ἧς
661 1126 738 1166 τὸν
780 1126 890 1166 ναὸν
929 1123 1000 1166 καὶ
1038 1125 1118 1177 τὴν
1154 1126 1284 1165 πόλιν
1321 1126 1447 1172 Τίτος

39 1209 72 1234 15
93 1193 205 1237 ἑλὼν
238 1195 557 1249 ἐπυρπόλησεν,
590 1196 636 1237 οἱ
664 1195 823 1244 πάντες
855 1199 992 1237 εἴκοσι
1024 1193 1095 1236 καὶ
1128 1194 1254 1247 ὀκτώ,
1290 1195 1448 1248 χρόνος

93 1264 141 1308 δὲ
183 1267 352 1308 τούτων
396 1267 467 1320 ἔτη
511 1267 622 1318 πρὸς
665 1273 756 1314 τοῖς
800 1264 954 1308 ἑκατὸν
996 1264 1111 1307 ἑπτά.
1175 1265 1331 1318 <251>
1374 1262 1447 1305 καὶ

92 1334 208 1386 τινὲς
239 1334 318 1391 μὲν
351 1337 497 1379 αὐτῶν
531 1336 866 1378 ἐπολιτεύσαντο
907 1336 980 1378 ἐπί
1015 1352 1058 1377 τε
1085 1335 1292 1390 “Ηρώόου
1325 1338 1447 1390 βασι-

93 1408 300 1457 λεύοντος
340 1406 412 1449 καὶ
454 1405 518 1449 ἐπ’
554 1407 790 1462 Ἀρχελάου
830 1414 909 1448 τοῦ
948 1408 1106 1456 παιδὸς
1143 1407 1295 1448 αὐτοῦ·
1342 1406 1448 1459 μετὰ

95 1476 144 1520 δὲ
183 1479 264 1532 τὴν
305 1479 474 1520 τούτων
511 1478 718 1531 τελευτὴν
757 1477 1066 1531 ἀριστοκρατία
1105 1475 1185 1531 μὲν
1226 1473 1280 1530 ἧν
1311 1476 1337 1530 ἡ
1370 1490 1448 1517 πο-

41 1563 75 1588 20
95 1551 253 1602 λιτειά,
296 1549 376 1602 τὴν
422 1546 469 1590 δὲ
513 1551 784 1605 προστασίαν
826 1555 905 1590 τοῦ
947 1549 1110 1597 ἔθνους
1151 1548 1196 1589 οἱ
1234 1546 1449 1602 ἀρχιερεῖς

96 1619 415 1661 ἐπεπίστευντο.

184 1689 329 1743 <252>
365 1688 464 1743 περὶ
503 1686 584 1743 μὲν
622 1685 703 1730 οὗν
741 1696 829 1730 τῶν
862 1687 1101 1743 ἀρχιερέων
1136 1687 1263 1728 ἱκανὰ
1294 1693 1441 1728 ταῦτα·
1464 1687 1517 1728 11

97 1759 279 1808 Γέσσιος
323 1757 371 1801 δὲ
419 1762 624 1813 Φλῶρος,
669 1759 691 1800 ὁ
735 1757 955 1813 πεμφθεὶς
996 1758 1199 1810 Ἀλβίνου
1244 1757 1451 1812 διάδοχος

96 1831 181 1872 ὑπὸ
229 1829 460 1883 Νέρωνος,
508 1833 686 1872 πολλῶν
736 1828 951 1882 ἀνέπλησε
1002 1835 1147 1870 κακῶν
1191 1826 1449 1877 Ἰουδαίους.

45 1913 78 1938 25
99 1898 396 1955 Κλαζομένιος
428 1898 466 1941 δ’
504 1898 560 1954 ἦν
591 1902 640 1942 τὸ
673 1898 799 1953 γένος
832 1896 981 1953 οὗτος,
1016 1898 1198 1952 ἐπήγετο
1232 1896 1280 1939 δὲ
1313 1899 1450 1939 Κλεο-

97 1972 266 2026 πάτραν
302 1978 513 2024 γυναῖκα,
558 1969 614 2012 δι’
657 1969 712 2024 ἣν
750 1972 886 2024 φίλην
925 1966 1065 2011 οὖσαν
1103 1971 1336 2018 Ποππαίας
1376 1975 1451 2022 τῆς

99 2042 310 2096 Νέρωνος
347 2043 576 2095 γυναικός,
616 2039 688 2082 καὶ
725 2043 916 2096 πονηρία
953 2037 1092 2094 μηδὲν
1131 2040 1268 2081 αὐτοῦ
1301 2037 1451 2093 διαφέ-

100 2123 284 2168 ρουσαν,
314 2118 390 2165 τῆς
422 2111 555 2166 ἀρχῆς
588 2109 808 2165 ἐπέτυχεν.
857 2110 1002 2163 <253>
1030 2110 1144 2151 οὕτω
1173 2106 1220 2150 δὲ
1246 2107 1345 2163 περὶ
1371 2110 1451 2162 τὴν

101 2183 304 2234 ἐξουσίαν
337 2181 510 2236 ἐγένετο
541 2183 672 2230 κακὸς
703 2179 775 2222 καὶ
806 2182 950 2235 βίαιος
977 2181 1086 2222 ὥστε
1114 2180 1187 2221 διὰ
1213 2180 1292 2233 τὴν
1321 2179 1451 2233 ὑπερ-

47 2266 82 2291 30
101 2254 239 2308 βολὴν
277 2260 365 2295 τῶν
402 2259 549 2294 κακῶν
575 2249 779 2305 Ἀλβῖνον
819 2249 1013 2306 ἐπῄνουν
1055 2251 1113 2300 ὡς
1143 2249 1376 2305 εὐεργέτην
1410 2249 1455 2290 οἱ

196 2337 215 2376 ς
242 2337 310 2367 252
338 2333 383 2368 ef.
409 2331 502 2367 ΒΘΗ.
527 2332 606 2367 Iud.
632 2332 666 2366 11
694 2335 748 2376 14,
776 2335 807 2366 2.
