1732 2526
135 1711 177 1741 21

209 39 295 80 330
768 38 996 71 ΙΩΣΗΠΟΥ

208 147 286 199 δῆς
330 148 518 201 ἔχοντες·
569 145 846 200 παρεκάλουν
891 161 934 187 τε
979 147 1209 194 πλείστους
1254 144 1563 200 συναχθέντας.

208 215 445 271 ἀφικέσθαι
476 217 584 270 πρὸς
617 215 790 269 αὐτούς,
823 217 896 258 ἵνα
928 217 1033 270 μετὰ
1061 217 1236 270 γνώμης
1264 222 1342 258 τοῦ
1375 227 1556 270 στρατη-

208 293 289 340 γοῦ
321 287 540 341 πράττωσι
572 288 619 329 τὸ
654 286 798 337 δόξαν.
856 288 969 341 <99>
1002 283 1108 340 ἧκον
1141 283 1222 328 οὖν
1257 286 1302 328 οἱ
1327 288 1555 328 Γαλιλαῖοι

206 359 361 398 πολλοὶ
405 359 685 412 πανταχόθεν
728 355 831 412 μεθ’
881 358 1049 411 ὅπλων,
1095 356 1167 399 καὶ
1211 358 1553 412 παρεκελεύοντό

207 443 281 481 μοι
318 431 585 483 προσβαλεῖν
623 434 672 483 τῇ
712 428 936 483 Τιβεριάδι
976 427 1047 469 καὶ
1086 429 1192 470 κατὰ
1230 427 1386 482 κράτος
1418 427 1555 482 αὐτὴν

207 497 391 552 ἐξελεῖν,
423 497 494 540 καὶ
525 505 669 540 πᾶσαν
703 498 1088 553 ε’δαφοποιήσαντα
1113 500 1216 548 τοὺς
1242 497 1440 547 ἐνοίκους
1472 500 1556 540 σὺν

207 567 380 622 γυναιξὶ
421 567 494 611 καὶ
534 568 703 619 τέκνοις
744 569 1167 624 ἀνδραποδίσασθαι.
1230 570 1556 623 συνεβούλευον

208 637 255 680 δὲ
287 646 421 681 ταῦτα
453 639 524 681 καὶ
556 648 644 682 τῶν
676 642 818 695 φίλων
845 640 891 682 οἱ
921 639 966 681 ἐκ
999 645 1073 693 τῆς
1106 639 1362 694 Τιβεριάδος
1396 640 1555 681 διασω-

205 709 372 760 θέντες.
435 710 580 764 <1ΟΟ>
615 709 697 764 ἐγὼ
732 708 770 751 δ’
808 709 861 751 οὐ
895 708 1208 761 συνεπένευον,
1243 710 1392 751 δεινὸν
1423 709 1555 763 ἡγού-

207 796 336 834 μενος
370 781 586 835 ἐμφυλιόυ
618 779 813 835 πολέμου
844 781 1091 835 κατάρχειν·
1137 779 1261 835 μέχρι
1294 782 1439 833 λόγων
1472 781 1554 835 γὰρ

207 850 330 906 ᾤμην
363 849 476 893 εἶναι
510 852 603 893 δεῖν
630 853 709 905 τὴν
735 853 998 905 φιλονικίαν.
1055 849 1127 892 καὶ
1159 852 1245 905 μὴν
1278 849 1376 892 οὐδ’
1408 850 1556 900 αὐτοῖς

206 923 400 975 ἔφασκον
433 921 674 977 συμφέρειν
707 928 837 964 τοῦτο
870 921 1043 974 πρᾶξαι,
1069 920 1292 975 Ῥωμαίων
1324 928 1416 970 ταῖς
1447 922 1555 974 πρὸς

1593 439 1608 464 5

1576 793 1609 818 10

205 992 422 1047 ἀλλήλους
455 993 659 1035 στάσεσιν
698 993 860 1042 αὐτοὺς
898 992 1159 1034 ἀπολεῖσθαι
1190 992 1554 1047 προσδοκώντων.
1599 1040 1602 1041 ⁷

204 1069 340 1104 ταῦτα
374 1061 421 1104 δὲ
454 1062 595 1117 λε’γων
627 1065 796 1105 ἔπαυσα
829 1069 904 1117 τῆς
937 1063 1070 1117 ὀργῆς
1102 1064 1203 1112 τοὺς
1235 1064 1512 1111 Γαλιλαίους.

294 1134 451 1188 <101>
496 1135 518 1177 ὁ
564 1131 611 1175 δὲ
649 1132 881 1188 Ἰωάννης,
931 1133 1152 1186 ἀπράκτου
1202 1140 1276 1187 τῆς
1321 1133 1555 1187 ἐπιβουλῆς

205 1204 321 1262 αὐτῷ
360 1206 619 1259 γενομένης,
663 1206 802 1246 ἔδεισε
842 1203 940 1259 περὶ
979 1203 1158 1257 ἑαυτοῦ,
1204 1203 1274 1245 καὶ
1312 1206 1414 1253 τοὺς
1455 1202 1553 1259 περὶ

205 1275 340 1318 αὑτὸν
384 1276 561 1325 ὁπλίτας
605 1275 838 1330 ἀναλαβὼν
883 1275 1048 1330 ἀπῆρεν
1091 1275 1137 1317 ἐκ
1177 1282 1252 1329 τῆς
1297 1275 1555 1328 Τιβεριάδος

203 1348 266 1395 εἰς
309 1347 360 1387 τὰ
399 1348 612 1401 Γίσχαλα,
656 1345 727 1388 καὶ
772 1347 929 1401 γράφει
970 1348 1078 1401 πρός
1118 1362 1169 1400 με
1212 1343 1311 1400 περὶ
1354 1352 1440 1386 τῶν
1481 1359 1555 1386 πε-

203 1415 467 1472 πραγμένων
508 1416 865 1470 ἀπολογούμενος
905 1417 963 1466 ὡς
1003 1418 1060 1471 μὴ
1105 1417 1211 1458 κατὰ
1253 1417 1433 1471 γνώμην
1474 1416 1554 1470 τὴν

205 1488 342 1529 αὑτοῦ
374 1486 643 1542 γενομένων·
686 1487 917 1540 παρεκάλει
955 1502 999 1529 τε
1038 1485 1177 1541 μηδὲν
1216 1487 1425 1529 ὑπονοεῖν
1456 1485 1549 1528 κατ’

205 1559 356 1613 αὐτοῦ,
387 1556 644 1614 προστιθεὶς
685 1558 844 1613 ὅρκους
875 1556 947 1599 καὶ
980 1557 1127 1606 δεινάς
1164 1573 1285 1606 τινας
1323 1556 1448 1612 ἀράς,
1491 1555 1550 1598 δι’

206 1626 267 1670 ὧν
300 1629 407 1686 ᾤετο
439 1630 815 1683 πιστευθήσεσθαι
853 1627 951 1682 περὶ
994 1624 1055 1669 ὧν
1088 1627 1344 1669 ἐπέστειλεν.
1407 1627 1553 1681 <102>

206 1701 251 1742 οί
274 1698 322 1741 δὲ
349 1702 577 1742 Γαλιλαῖοι
604 1697 778 1755 (πολλοὶ
805 1700 887 1754 γὰρ
914 1698 1054 1753 ἕτεροι
1079 1699 1211 1740 πάλιν
1239 1698 1284 1740 ἐκ
1312 1705 1387 1752 τῆς
1411 1699 1554 1753 χώρας

203 1771 344 1825 πάσης
375 1770 636 1825 ἀνήχθησαν
669 1768 767 1824 μεθ’
807 1768 974 1825 ὅπλων)
1007 1770 1171 1818 εἰδότες
1202 1770 1279 1811 τὸν
1311 1770 1553 1822 ἄνθρωπον

205 1842 262 1890 ὡς
306 1843 498 1896 πονηρός
543 1840 632 1882 ἐστι
672 1839 743 1881 καὶ
786 1839 1005 1895 ἐπίορκος,
1049 1840 1328 1895 παρεκάλουν
1372 1838 1551 1893 ἀγαγεῖν

205 1918 317 1966 σφᾶς
350 1909 414 1953 ἐπ’
449 1911 597 1965 αὐτόν,
630 1911 771 1965 ἄρδην
803 1910 1036 1965 ἀφανίσειν
1069 1910 1436 1965 ἐπαγγελλόμενοι
1469 1911 1552 1951 σὺν

205 1983 321 2038 αὐτῷ
363 1981 433 2023 καὶ
475 1983 526 2023 τὰ
568 1983 772 2036 Γίσχαλα.
835 1982 989 2035 <103>
1031 1981 1158 2036 χάριν
1199 1978 1279 2035 μὲν
1317 1977 1398 2022 οὖν
1437 1982 1552 2036 ἔχειν

206 2053 351 2094 αὐτῶν
391 2060 485 2101 ταῖς
525 2055 794 2107 προθυμίαις
834 2053 1093 2106 ὡμολόγουν
1132 2052 1215 2106 ἐγὼ
1254 2050 1325 2093 καὶ
1356 2052 1552 2105 νικήσειν

205 2124 351 2165 αὐτῶν
377 2124 456 2177 τὴν
482 2123 661 2164 εὔνοιαν
689 2123 1032 2177 ἐπηγγελλόμην,
1058 2122 1335 2176 παρεκάλουν
1361 2119 1402 2162 δ’
1434 2121 1552 2175 ὅμως

205 2193 399 2250 ἐπισχεῖν
441 2193 601 2242 αὐτοὺς
641 2192 795 2246 ἀξιῶν,
839 2181 910 2234 καὶ
953 2193 1299 2246 συγγιγνώσκειν
1340 2207 1414 2246 μοι
1455 2192 1548 2234 δεό-

300 2279 317 2317 g
346 2278 410 2308 101
440 2274 484 2309 cf.
511 2273 602 2308 Bell.
630 2273 708 2308 Iud.
735 2273 768 2307 Π
794 2277 849 2317 21,
879 2277 907 2308 7.

1575 1145 1608 1170 15

1573 1499 1606 1524 20

1571 1850 1604 1875 25

1569 2202 1604 2227 30
