1732 2526
246 69 331 111 162
735 69 1100 103 APXAIOAOPIAS

244 184 336 226 πῶς
379 174 418 218 τ’
467 175 614 218 αὐτῶν
657 176 891 231 διάδρασιν
936 176 1232 231 ποιησάμενος
1276 174 1345 218 ἐπὶ
1390 174 1624 230 μέγιστον,

245 247 486 301 ἀξιώματός
517 245 578 295 θ’Α
602 247 689 301 ἅμα
721 249 959 302 προκόψειε
991 245 1064 289 καὶ
1097 246 1338 301 δυνάμεως.

335 317 480 372 <143>
506 316 712 373 “Ηρώδου
749 324 829 362 τοῦ
868 316 1081 372 βασιλέως
1119 317 1272 371 ὀλίγον
1310 318 1394 372 πρὸ
1426 323 1502 372 τῆς
1533 332 1598 358 τε-

245 392 399 442 λευτῆς
425 386 662 444 Ἀγρίππας
700 387 747 429 ἐν
785 394 834 443 τῇ
861 386 1001 444 Ῥώμῃ
1036 389 1342 442 διαιτώμενος,
1383 386 1458 430 καὶ
1496 388 1598 442 ὁμο-

244 460 427 514 τροφίας
464 457 537 501 καὶ
575 461 817 513 συνηθείας
854 459 970 516 αὐτῷ
1008 462 1174 513 πολλῆς
1212 456 1450 513 γενομένης
1490 459 1599 513 πρὸς

244 532 455 584 Δροῦσον
498 531 576 572 τὸν
623 532 829 585 Τιβερίου
872 535 952 571 τοῦ
997 529 1319 585 αὐτοκράτορος
1362 529 1483 582 υἱόν,
1527 527 1599 570 καὶ

239 598 453 658 Ἀντωνίᾳ
483 607 533 656 τῇ
561 601 772 655 Δρούσου
805 607 884 643 τοῦ
916 601 1109 655 μεγάλου
1142 598 1318 654 γυναικὶ
1351 601 1413 649 εἰς
1444 600 1600 654 φιλίαν

244 670 448 726 ἀφίκετο,
489 674 726 726 Βερενίκης
757 678 831 725 τῆς
872 673 1033 727 μητρὸς
1070 670 1316 726 τιμωμένης
1354 666 1453 725 παρ’
1491 664 1599 725 αὐτῇ

243 741 315 784 καὶ
347 750 615 797 προαγαγεῖν
646 742 882 797 ἠξιωκυίας
913 744 990 784 τὸν
1022 743 1135 784 υἱόν.
1198 742 1344 796 <144>
1386 742 1518 796 φύσει
1551 738 1599 782 δὲ

244 812 377 867 μέγας
410 813 471 854 ὢν
499 810 736 866 Ἀγρίππας
767 811 840 854 καὶ
879 813 1121 867 δωρεῖσθαι
1158 814 1418 866 πολυτελής,
1463 812 1600 865 ζώσης

244 881 325 937 μὲν
369 889 443 937 τῆς
487 885 649 938 μητρὸς
693 883 772 926 οὐκ
815 881 1017 937 ἐξέφαινε
1059 889 1135 937 τῆς
1176 888 1318 937 ψυχῆς
1358 884 1406 924 τὸ
1447 880 1600 936 θέλον,

246 953 578 1008 διαδιδράσκειν
611 953 744 1007 αὐτῆς
775 952 970 1007 ἠξιωκὼς
1007 954 1087 1008 τὴν
1126 951 1195 994 ἐπὶ
1227 953 1445 1002 τοιούτοις
1476 968 1601 1006 γενο-

1621 827 1654 852 10

245 1022 383 1079 μένην
416 1023 470 1065 &v
504 1024 658 1078 ὀργήν·
710 1024 857 1079 <145>
891 1023 982 1066 ἐπεὶ
1025 1020 1062 1066 δ’
1100 1024 1125 1078 ἡ
1158 1026 1372 1079 Βερενίκη
1405 1027 1601 1080 τελευτᾷ,
1651 1082 1654 1083 ⁷

245 1097 483 1149 γενόμενος
522 1094 590 1137 ἐπὶ
630 1102 688 1152 τῷ
729 1095 867 1137 αὑτοῦ
905 1097 1073 1152 τρόπῳ,
1114 1096 1166 1137 τὰ
1205 1093 1284 1150 μὲν
1323 1096 1383 1144 εἰς
1421 1092 1602 1137 πολυτέ-

245 1169 370 1207 λειαν
402 1172 477 1220 τῆς
508 1165 608 1207 καθ’
649 1165 815 1220 ἡμέραν
848 1167 1016 1220 διαίτης
1046 1167 1098 1207 τὰ
1125 1164 1167 1207 δ’
1200 1167 1261 1215 εἰς
1286 1167 1335 1208 τὸ
1368 1166 1425 1220 μὴ
1456 1164 1598 1222 μέτρῳ

244 1243 331 1278 τῶν
366 1237 543 1291 δωρεῶν
581 1236 845 1291 προϊέμενον
884 1236 1082 1290 ἀνήλωσε
1120 1244 1207 1279 τῶν
1248 1236 1503 1291 χρημάτων,
1546 1236 1598 1278 τὰ

243 1310 423 1349 πλεῖστα
456 1305 495 1348 δ’
528 1308 590 1356 εἰς
616 1309 717 1357 τοὺς
744 1309 967 1362 Καίσαρος
998 1306 1326 1363 ἀπελευθέρους
1356 1305 1596 1349 ἐτετέλεστο

245 1377 388 1419 ἐλπίδι
426 1376 620 1432 πράξεως
657 1383 732 1432 τῆς
770 1378 928 1419 αὐτῶν.
995 1379 1123 1419 πενία
1161 1375 1197 1419 τ’
1241 1377 1288 1420 ἐν
1327 1378 1461 1435 ὀλίγῳ
1499 1375 1598 1432 περὶ

246 1447 379 1490 αὐτὸν
412 1444 489 1502 ἦν,
521 1448 674 1503 (146)
712 1446 784 1490 καὶ
816 1446 932 1490 τοῦτ’
968 1445 1024 1502 ἦν
1061 1449 1241 1503 κώλυμα
1279 1455 1353 1503 τῆς
1385 1447 1432 1490 ἑν
1458 1447 1597 1504 Ῥώμῃ

246 1520 435 1573 διαίτης,
479 1517 551 1560 καὶ
596 1519 619 1561 ὁ
668 1517 867 1573 Τιβέριος
910 1526 1002 1568 τοῖς
1045 1521 1192 1573 φίλοις
1235 1525 1315 1561 τοῦ
1358 1517 1489 1568 υίέως
1532 1534 1597 1560 τε-

245 1591 551 1644 τελευτηκότος
589 1589 786 1631 ἀπειπὼν
823 1596 983 1644 φοιτᾶν
1021 1591 1083 1640 εἰς
1120 1591 1224 1640 ὄψιν
1263 1589 1403 1647 αὐτῷ,
1445 1590 1518 1632 διὰ
1548 1591 1596 1632 τὸ

246 1659 583 1714 ἀνερεθίζεσθαι
608 1662 717 1716 πρὸς
743 1662 791 1702 τὸ
819 1664 1056 1702 λυπεῖσθαι
1082 1661 1373 1715 μνημονεύων
1399 1666 1478 1703 τοῦ
1498 1675 1597 1703 παι-

246 1731 321 1780 δὸς
353 1733 523 1787 θεωρία
554 1737 604 1786 τῇ
639 1730 831 1773 ἐκείνων.

335 1800 480 1855 <147>
515 1802 587 1843 διὰ
619 1799 699 1856 μὲν
732 1802 786 1856 δὴ
818 1808 953 1844 ταῦτα
992 1800 1062 1843 ἐπὶ
1099 1808 1174 1857 τῆς
1198 1801 1414 1851 Ἰουδαίας
1451 1800 1596 1844 πλέων

246 1870 379 1927 ᾤχετο
412 1879 701 1927 κακοπραγῶν
733 1870 805 1913 καὶ
837 1870 1205 1927 τεταπεινωμένος
1243 1870 1415 1929 ὀλέθρῳ
1447 1871 1494 1914 θ’
1532 1869 1595 1914 ὧν

245 1938 331 1997 εἶχε
375 1942 607 1997 χρημάτων
651 1941 722 1984 καὶ
767 1942 927 1999 ἀπορία
977 1949 1055 1985 τοῦ
1106 1941 1354 1992 ἐκτίσοντος
1395 1943 1447 1984 τὰ
1478 1941 1594 1998 ,χρέα

244 2019 335 2061 τοῖς
379 2013 638 2067 δανεισταῖς,
682 2016 862 2062 πολλοῖς
905 2010 940 2054 τ’
992 2009 1092 2055 οὖσι
1134 2012 1207 2055 καὶ
1251 2012 1449 2069 ἀλεωρὴν
1494 2012 1590 2056 οὐδ’

245 2082 454 2136 ἡντινοῦν
493 2082 764 2126 ἐνδιδοῦσιν·
810 2082 909 2125 ὥστ’
955 2083 1115 2141 ἀπορία
1152 2091 1238 2126 τῶν
1275 2082 1490 2137 ποιητέων
1521 2083 1594 2126 καὶ

246 2152 432 2208 αἰσχύνῃ
470 2151 623 2208 τῇέπ’
669 2153 816 2203 αὐτοῖς
856 2154 1145 2210 ὑποχωρήσας
1184 2158 1246 2204 εἵς
1285 2169 1383 2196 τινα
1423 2155 1594 2209 πύργον

1619 1178 1653 1204 15

1616 1531 1651 1556 20

1616 1883 1650 1909 25

248 2223 294 2265 ἐν
320 2223 561 2273 Μαλάθοις
592 2230 667 2277 τῆς
693 2223 944 2279 Ἰδουμαίας
975 2224 1022 2266 ἐν
1051 2226 1253 2281 περινοίᾳ
1278 2229 1356 2267 τοῦ
1388 2225 1596 2280 μεταστή-
1615 2236 1649 2261 30

246 2304 401 2343 σοντος
445 2294 580 2336 αὑτὸν
623 2298 691 2348 ἠν.
753 2295 898 2350 <148>
943 2295 1201 2338 αἰσθάνεται
1246 2293 1285 2337 δ’
1336 2294 1472 2338 αὐτοῦ
1515 2296 1596 2350 τὴν
