1732 2526
129 268 172 299 69

124 1948 168 1978 70

202 75 285 116 373
757 76 985 110 ΙῼΣΗΠΟΤ

200 184 282 238 γὰρ
313 184 422 239 πρὸς
453 185 555 233 τοὺς
593 186 805 239 Τιβεριεῖς
832 180 951 239 εἶχον
983 183 1185 239 ἀπεχθῶς
1217 185 1275 234 ὡς
1305 185 1413 240 πρὸς
1444 186 1548 234 τοὺς

201 257 502 308 Σεπφωρίτας.
566 255 722 309 (385)
767 254 851 308 ἐγὼ
897 253 936 296 δ’
985 253 1176 305 ἀκούσας
1211 255 1408 310 ἠπόρουν
1449 257 1547 297 τίνα

200 327 361 380 τρόπον
394 324 620 379 ἐξαρπάσω
652 325 732 379 τὴν
764 325 1000 380 Τιβεριάδα
1025 332 1100 380 τῆς
1120 327 1370 368 Γαλιλαίων
1402 325 1545 381 ὀργῆς.

199 394 477 449 ἀρνήσασθαι
522 396 604 449 γὰρ
650 395 730 437 οὐκ
775 395 998 450 ἐδυνάμην
1037 396 1094 450 μὴ
1134 395 1403 451 γεγραφέναι
1444 398 1546 445 τοὺς

206 468 419 520 Τιβεριεῖς
444 470 686 516 καλοῦντας
711 467 788 508 τὸν
815 466 1013 521 βασιλεά’
1048 468 1234 522 ἤλεγχον
1259 468 1342 522 γὰρ
1370 468 1417 508 αἱ
1439 465 1540 522 παρ’

200 536 370 579 ἐκείνου
401 538 509 591 πρὸς
539 537 701 586 αὐτοὺς
731 535 997 592 ἀντιγραφαὶ
1030 538 1110 591 τὴν
1142 536 1367 591 ἀλήθειαν.
1404 537 1546 591 (386)

199 608 389 657 σύννους
421 604 502 649 οὗν
533 608 702 661 πολλὴν
735 608 855 662 ὥραν
882 609 1131 662 γενόμενος,
1165 608 1251 649 ςὅτι
1284 605 1364 662 μὲν
1395 608 1546 662 ἠδική-

197 678 346 719 κασιν’
380 675 505 719 εἶπον
538 678 548 695 ‘
565 681 792 733 Τιβεριεῖς,
820 674 920 720 οἶδα
945 678 1078 732 κάγώ,
1098 680 1178 733 τὴν
1203 681 1334 721 πόλιν
1354 677 1404 720 θ’
1434 679 1547 734 ὑμᾶς

198 748 251 789 οὐ
282 749 466 789 κωλύσω
500 748 750 802 διαρπάσαι.
801 749 872 790 δεῖ
901 746 943 789 δ’
982 747 1098 802 ὅμως
1123 748 1195 790 καὶ
1227 750 1333 803 μετὰ
1364 751 1547 805 κρίσεως

197 819 248 859 τὰ
280 822 515 873 τηλικαῦτα
547 820 764 873 πράττειν.
828 819 881 861 οὐ
914 819 996 873 γὰρ
1029 821 1157 873 μόνοι
1196 821 1408 874 Τιβεριεῖς
1439 834 1544 873 προ-

198 890 322 930 δόται
368 895 445 943 τῆς
479 889 734 944 ἐλευθερίας
771 889 896 943 ἡμῶν
934 891 1190 944 γεγόνασιν,
1236 889 1345 931 ἀλλὰ
1388 889 1545 932 πολλοὶ

195 957 268 999 καὶ
306 967 395 1001 τῶν
435 960 483 1002 ἐν
523 963 735 1017 Γαλιλαία
775 960 1096 1015 δοκιμωτάτων.
1158 960 1303 1014 <387>
1339 963 1544 1016 προσμεί-

198 1045 297 1071 νατε
337 1028 385 1071 δὲ
423 1030 548 1086 μέχρι
587 1033 689 1080 τοὺς
727 1032 893 1080 αἰτίους
925 1030 1115 1085 ἀκριβῶς
1152 1030 1208 1073 ἂν
1249 1030 1441 1086 ἐκμάθω,
1473 1030 1545 1073 καὶ

196 1102 291 1142 τότε
323 1101 490 1151 πάντας
521 1101 800 1157 ὑποχειρίους
831 1101 959 1155 ἕξετε,
990 1100 1062 1143 καὶ
1090 1102 1220 1151 ὅσους
1253 1103 1344 1158 ἰδία
1376 1101 1544 1155 ἐλέγξαι

197 1171 474 1225 δυνήσεσθε.’
518 1172 662 1226 (388)
687 1170 759 1213 καὶ
786 1168 904 1214 ταῦτ’
942 1173 1077 1213 εἰπὼν
1105 1174 1253 1214 ἔπεισα
1279 1174 1327 1214 τὸ
1359 1175 1543 1226 πλῆθος,

195 1239 268 1283 καὶ
300 1242 572 1296 παυσάμενοι
604 1248 679 1296 τῆς
711 1242 844 1296 ὀργῆς
876 1243 1159 1297 διελύθησαν.
1210 1244 1287 1285 τὸν
1318 1243 1435 1298 παρὰ
1466 1245 1543 1297 βα-

196 1311 349 1362 σιλέως
383 1310 430 1353 δὲ
462 1311 720 1366 πεμφθέντα
753 1313 882 1366 δῆσαι
913 1314 1134 1367 κελεύσας,
1166 1310 1255 1367 μετ’
1294 1312 1348 1354 οὐ
1381 1314 1545 1363 πολλὰς

194 1381 356 1437 ἡμέρας
389 1382 463 1424 ἐπί
490 1399 588 1424 τινα
620 1391 707 1424 τῶν
740 1382 930 1437 ἐμαυτοῦ
961 1390 1121 1438 χρειῶν
1153 1382 1416 1437 ἐπείγουσαν
1443 1395 1544 1439 σκη-

194 1453 390 1507 ψάμενος
422 1452 627 1507 ἐκδημεῖν
658 1459 734 1507 τῆς
765 1455 1003 1508 βασιλείας,
1034 1452 1218 1503 καλέσας
1243 1455 1320 1496 τὸν
1341 1456 1543 1509 Κρίσπον

194 1523 340 1580 λάθρα
371 1523 614 1578 προσέταξα
647 1524 839 1578 μεθύσαι
870 1525 949 1566 τὸν
976 1525 1244 1579 στρατιώτην
1270 1525 1444 1579 φύλακα
1470 1524 1542 1566 καὶ

195 1601 355 1647 φυγεῖν
392 1596 500 1649 πρὸς
537 1593 735 1648 βασιλέα·
775 1596 832 1649 μὴ
866 1595 948 1649 γὰρ
989 1596 1334 1650 διωχθήσεσθαι.
1396 1595 1541 1649 (389)

194 1663 266 1706 καὶ
299 1664 321 1706 ὃ
354 1662 434 1719 μὲν
466 1672 559 1714 ταῖς
589 1664 837 1719 ὑποθήκαις
873 1663 1071 1714 πεισθεὶς
1102 1664 1299 1719 διέφυγε,
1342 1666 1544 1720 Τιβεριὰς

196 1733 244 1776 δὲ
276 1734 496 1790 μέλλουσα
531 1736 739 1790 δεύτερον
772 1735 1061 1790 ἀφανίζεσθαι
1100 1737 1337 1792 στρατηγίᾳ
1378 1741 1428 1791 τῇ
1462 1735 1541 1791 ἐμῇ

194 1804 265 1846 καὶ
303 1808 490 1862 προνοίᾳ
528 1812 578 1860 τῇ
616 1804 716 1861 περὶ
757 1805 889 1861 αὐτῆς
922 1806 1027 1857 ὀξὺν
1061 1807 1175 1848 οὕτω
1208 1807 1422 1848 κίνδυνον
1455 1806 1541 1848 διέ-

194 1891 348 1930 φυγεν.

284 1946 429 2000 (390)
454 1947 561 1988 κατὰ
587 1953 745 1989 τοῦτον
767 1944 814 1988 δὲ
840 1948 917 1989 τὸν
943 1949 1098 2002 καιρὸν
1113 1945 1302 1997 Ἰοῦστος
1323 1947 1346 1990 ὁ
1370 1950 1541 1990 Πίστου

194 2024 294 2066 παῖς
325 2017 478 2058 λαθὼν
513 2015 585 2071 ἐμὲ
618 2017 919 2071 διαδιδράσκει
951 2019 1060 2073 πρὸς
1090 2019 1168 2060 τὸν
1206 2017 1400 2072 βασιλέα.
1459 2019 1540 2073 τὴν

197 2089 339 2128 αἰτίαν
372 2085 435 2139 δέ,
468 2085 524 2127 δι’
562 2087 618 2140 ἣν
650 2094 778 2130 τοῦτο
812 2087 1009 2142 ἔπραξεν,
1042 2087 1333 2143 ἀφηγήσομαι.
1397 2088 1540 2143 <391>

194 2160 409 2212 λαβόντος
433 2157 571 2212 ἀρχὴν
590 2155 819 2208 Ἰουδαίοις
844 2165 922 2201 τοῦ
947 2157 1306 2213 πρὸςῬωμαίους
1331 2157 1540 2213 πολέμου,

201 2231 412 2283 Τιβεριεῖς
444 2228 737 2281 διεγνώκεσαν
762 2229 1003 2271 ὑπακούειν
1029 2231 1203 2283 βασιλεῖ
1231 2228 1302 2271 καὶ
1315 2227 1539 2283 Ῥωμαίων

194 2300 251 2354 μὴ
284 2298 568 2353 ἀφίστασθαι.
630 2301 775 2340 πείθει
815 2295 855 2340 δ’
897 2300 1057 2349 αὐτοὺς
1085 2296 1275 2349 Ἰοῦστος
1318 2297 1388 2354 ἐφ’
1428 2299 1540 2341 ὅπλα

1566 832 1598 857 10

1564 1183 1597 1210 15

1562 1538 1596 1563 20

1561 1889 1594 1915 25

1559 2241 1594 2267 30
