1732 2526
530 99 937 132 EnTAKAmEKATH
1095 91 1100 96 ”
1408 96 1462 139 69

119 208 298 261 ἔπραττε
342 207 422 261 τὴν
463 205 702 261 ἐπιβουλὴν
744 212 830 247 τῶν
872 204 1097 259 ἀδελφῶν,
1140 206 1188 246 τὸ
1228 203 1266 246 δ’
1310 204 1464 259 ἥπτετο

120 279 327 332 μειζόνως
370 283 448 319 τοῦ
493 276 538 319 ἐκ
582 284 740 332 χειρῶν
784 277 841 330 μὴ
887 275 1099 329 ἀφίεσθαι
1140 281 1214 328 τῆς
1253 275 1464 330 πράξεως·

120 348 481 402 ἀποθνήσκοντος
512 345 592 402 μὲν
624 347 705 401 γὰρ
731 344 937 401 “Ηρώδου
974 347 1161 400 βεβαίως
1198 345 1314 401 αὐτῷ
1347 360 1466 400 περι-

120 417 360 473 γενομένης
395 424 471 472 τῆς
508 417 660 473 ἀρχῆς,
705 415 1014 471 ἐξικνουμένου
1057 414 1094 457 δ’
1140 417 1201 465 εἰς
1241 417 1288 457 τὸ
1333 414 1466 458 πλέον

85 490 182 547 §gn
222 491 296 543 ζῆν
333 489 556 530 κινδύνων
595 487 1015 541 ἀντιπεριστάντων,
1054 485 1312 540 ἐξαγγέλτου
1345 502 1467 540 γενο-

119 558 251 614 μένης
300 564 374 612 τῆς
423 558 618 613 πράξεως
668 555 717 612 ἧς
761 556 977 612 συνθέτης
1022 557 1214 610 γεγονὼς
1256 556 1468 611 πολέμιον

122 630 331 684 ἠνάγκαζε
363 631 441 672 τὸν
472 628 636 683 πατέρα
668 634 944 682 καταστῆναι.
1009 628 1092 681 <6>
1129 626 1201 668 καὶ
1233 628 1306 668 διὰ
1338 633 1467 669 τοῦτο

118 702 372 756 χαρίζεσθαι
403 700 644 754 πολυτελὴς
682 696 737 753 ἧν
774 706 864 748 τοῖς
901 697 1000 753 περὶ
1037 699 1115 740 τὸν
1151 696 1335 752 πατέρα,
1372 696 1468 753 κέρ-

120 772 214 812 δεσι
241 770 447 826 μεγάλοις
473 769 721 824 ἐκπλήττων
748 770 795 811 τὸ
822 776 909 811 τῶν
932 768 1184 823 ἀνθρώπων
1210 775 1336 823 μῖσος
1361 770 1470 822 πρὸς

68 853 100 878 10
120 841 276 895 αὐτόν,
314 839 386 883 καὶ
424 841 609 895 μάλιστα
647 842 749 890 τοὺς
786 838 855 881 ἐπὶ
886 838 1049 894 Ῥώμης
1085 842 1244 894 φίλους
1279 847 1471 893 πομπαῖς

120 912 323 967 μεγάλων
365 912 543 966 δωρεῶν
584 912 742 961 εὔνους
782 910 1124 964 καθιστάμενος,
1167 911 1252 965 πρὸ
1292 910 1470 951 πάντων

121 980 170 1024 δὲ
196 985 505 1037 Σατουρνῖνον
531 983 609 1024 τὸν
635 988 709 1036 τῆς
735 983 903 1037 Συρίας
929 980 1202 1036 ἐπιμελητήν.
1252 982 1336 1035 <ῖ>
1363 981 1471 1022 ὑπά-

121 1052 279 1103 ξεσθαί
306 1051 340 1094 τ’
380 1050 435 1107 ἦν
467 1051 588 1102 ε’λπὶς
626 1052 741 1108 αὐτῷ
780 1050 852 1093 καὶ
889 1053 968 1093 τὸν
1000 1053 1307 1106 Σατουρνίνου
1346 1051 1472 1093 ἀδελ-

121 1125 209 1178 φὸν
247 1122 424 1178 μεγέθει
463 1124 620 1178 δώρων
659 1122 685 1164 ἃ
724 1121 895 1175 ἐδίδου,
938 1121 1009 1164 καὶ
1046 1123 1127 1176 τὴν
1165 1121 1362 1177 ἀδελφὴν
1394 1128 1471 1169 τοῦ

69 1204 102 1230 15
122 1193 356 1249 βασιλέως,
393 1193 523 1249 ἀνδρὶ
561 1194 716 1251 πρώτῳ
755 1200 842 1234 τῶν
879 1191 977 1247 περὶ
1017 1194 1093 1235 τὸν
1125 1192 1331 1247 “Ηρώδην
1369 1204 1473 1234 συν-

19 1256 24 1259 ’
123 1271 355 1319 οικοῦσαν,
394 1270 454 1322 τῷ
494 1264 610 1321 αὐτῷ
643 1266 789 1321 τρόπῳ
827 1264 1062 1319 χρώμενος.
1123 1263 1397 1317 ψευσάμενός
1428 1279 1472 1305 τε

124 1337 278 1390 φιλίαν
310 1337 419 1389 πρὸς
450 1337 553 1384 τοὺς
585 1335 847 1389 ὁμιλοῦντας
885 1335 1134 1383 δεινότατός
1171 1350 1234 1384 τις
1265 1331 1320 1388 ἧν
1351 1348 1474 1375 πεπι-

126 1410 358 1460 στεῦσθαι,
401 1404 473 1447 καὶ
514 1412 639 1459 μῖσος
679 1403 897 1459 ἀράμενος
937 1402 1005 1459 ἐφ’
1047 1403 1341 1447 οὑστινασοῦν
1383 1404 1474 1447 ε’πι-

125 1477 381 1532 κρύψασθαι
414 1476 721 1524 συνετώτατος.
783 1475 879 1529 <8>
917 1475 970 1517 οὐ
1008 1475 1095 1529 μὴν
1132 1475 1273 1528 ἠπάτα
1314 1490 1361 1529 γε
1393 1478 1474 1530 τὴν

73 1560 106 1583 20
127 1548 302 1602 τηθίδα,
333 1553 794 1601 προκατανενοηκυῖαν
827 1544 874 1587 ἐκ
905 1547 1108 1595 πλειόνος
1137 1545 1272 1587 αὐτὸν
1297 1544 1369 1587 καὶ
1396 1562 1475 1600 μη-

125 1616 219 1660 κέθ’
263 1619 361 1660 οἵαν
402 1614 541 1660 οὖσαν
581 1619 965 1671 παραλογισθῆναι
1007 1616 1080 1657 διὰ
1122 1616 1170 1657 τὸ
1212 1616 1297 1670 ἤδη
1338 1630 1475 1671 παρα-

127 1694 259 1743 σκευῇ
286 1694 336 1744 τῇ
362 1687 478 1743 πάσῃ
499 1686 802 1740 ἀντιτετάχθαι
822 1686 959 1729 αὐτοῦ
981 1688 1089 1741 πρὸς
1114 1688 1162 1728 τὸ
1188 1688 1475 1743 κακότροπον.

125 1759 209 1813 <9>
242 1761 383 1800 καίτοι
414 1759 606 1813 θυγατρὶ
638 1756 769 1811 αὐτῆς
800 1755 988 1814 συνῴκει
1019 1761 1143 1806 θεῖος
1173 1759 1282 1813 πρὸς
1313 1759 1477 1812 μητρὸς

120 1827 431 1885 Ἀντιπάτρου,
469 1831 656 1884 προνοίᾳ
687 1833 737 1883 τῇ
771 1827 948 1888 ἐκείνου·
974 1826 1047 1869 καὶ
1080 1827 1307 1883 διαπράξει
1338 1843 1475 1883 παρα-

74 1910 106 1937 25
126 1901 274 1956 λαβὼν
318 1901 398 1954 τὴν
441 1901 578 1955 κόρην
621 1901 837 1954 πρότερον
870 1896 1190 1956 Ἀριστοβούλῳ
1234 1898 1476 1954 γεγαμημέ-

127 1988 231 2026 νην,
269 1972 348 2026 τὴν
387 1968 425 2012 δ’
465 1969 615 2024 ἑτέραν
655 1970 677 2012 ὁ
712 1969 758 2011 ἐκ
789 1968 975 2024 τάνδρὸς
1007 1969 1138 2024 αὐτῆς
1169 1968 1344 2012 Καλλέα
1376 1978 1477 2020 παῖς

127 2048 314 2096 γυναῖκα
356 2038 491 2096 εἶχεν·
542 2038 638 2081 ἀλλ’
680 2037 813 2082 οὐδὲν
855 2038 924 2081 ἐπὶ
964 2046 1023 2096 τῷ
1062 2041 1120 2094 μὴ
1161 2045 1476 2082 κατανοεῖσθαι

127 2113 323 2167 πονηρὸν
364 2113 469 2153 ὄντα
508 2107 564 2165 ἦν
605 2109 631 2164 ἡ
672 2109 877 2165 ἐπιγαμία
917 2117 1078 2166 τεῖχος,
1123 2111 1266 2165 ὥσπερ
1308 2109 1403 2153 οὐδ’
1448 2111 1474 2164 ἡ

127 2184 342 2238 πρότερον
387 2180 619 2235 συγγένεια
662 2181 770 2235 πρὸς
812 2181 860 2222 τὸ
906 2181 958 2222 οὐ
1003 2185 1282 2235 μεμισῆσθαι.
1349 2181 1476 2236 <1Ο>

76 2264 109 2289 30
128 2254 208 2307 τὴν
240 2251 289 2295 δὲ
320 2253 542 2306 Σαλώμην
567 2249 785 2305 “Ηρώδης,
817 2250 1144 2294 ἐσπουδακυῖαν
1176 2254 1382 2309 Συλλαίῳ
1415 2260 1474 2309 τῷ

118 2322 274 2379 ’Ἀραβι
312 2327 567 2378 γαμηθῆναι
604 2319 696 2363 κατ’
735 2321 947 2378 ἐρωτικὴν
986 2321 1245 2377 ἐπιθυμίαν,
1285 2323 1476 2377 βιάζεται
