1732 2526
183 334 227 364 15

253 74 338 114 226
752 75 1114 108 ΑΡΧΑΙοΛοΓΙΑΣ

254 180 384 235 μένα,
422 187 472 236 τῇ
507 180 697 237 Χαιρέου
735 183 887 237 γνώμῃ
926 197 969 223 τε
1007 179 1079 222 καὶ
1120 180 1251 236 ἀρετῇ
1283 183 1607 236 προστίθεσθαι,

254 250 325 293 καὶ
356 253 479 309 πόνῳ
511 258 599 293 τῶν
630 260 801 307 χειρῶν.

344 323 488 375 <114>
525 320 598 363 καὶ
638 322 769 372 Γάιος
807 320 887 376 μὲν
926 323 1111 380 τοιούτῳ
1149 325 1294 379 τρόπῳ
1336 322 1607 378 χρησάμενος

254 398 329 446 τῆς
366 395 586 446 τελευτῆς,
631 393 716 434 ὑπὸ
754 399 833 434 τοῦ
870 396 1037 434 πολλοῦ
1076 400 1163 434 τῶν
1202 393 1463 446 τραυμάτων
1502 393 1606 435 ἀπο-

253 461 442 517 ψυχθεὶς
468 464 622 505 ἔκειτο·
667 462 812 517 <11ἴ>>
843 464 888 505 οἱ
911 461 958 504 δὲ
985 461 1083 517 περὶ
1110 464 1187 505 τὸν
1216 462 1424 518 Χαιρέαν,
1456 463 1604 518 ἐπειδὴ
1642 476 1659 502 5

254 535 538 587 κατείργαστο
578 533 726 582 αὐτοῖς
767 534 846 587 ἤδη
880 534 1031 587 Γάιος,
1074 534 1206 582 ὁδοὺς
1243 531 1324 588 μὲν
1362 535 1438 584 τὰς
1474 535 1606 584 αὐτὰς

255 605 395 653 ἰόντες
427 605 580 654 σώζειν
619 603 780 653 αὑτοὺς
817 603 1043 659 ἀμήχανον
1077 602 1248 657 ἑώρων,
1287 605 1401 661 ὄκνῳ
1441 621 1486 646 τε
1518 613 1606 647 τῶν

254 676 502 728 γεγονότων
536 673 607 719 (οὐ
640 675 722 727 γὰρ
750 675 908 729 μικρὸν
933 671 988 728 ἧν
1014 676 1091 716 τὸν
1118 674 1418 730 αὐτοκράτορα
1445 675 1606 730 ἀνῃρη-

253 747 351 786 κόσι
383 746 431 786 τὸ
464 746 758 798 κινδύνευμα,
797 745 882 786 ὑπό
923 743 956 786 τ’
995 744 1147 794 ἀνοίας
1185 752 1263 787 τοῦ
1303 746 1444 800 δήμου
1476 747 1606 800 τιμώ-

254 830 390 868 μενον
434 813 506 856 καὶ
551 816 656 856 ὄντα
700 819 942 870 προσφιλῆ,
986 814 1057 856 καὶ
1098 823 1186 857 τῶν
1229 823 1504 871 στρατιωτῶν
1546 817 1603 871 μὴ
1625 829 1658 853 10

254 884 465 939 ἀναιμωτὶ
515 884 822 940 ποιησομένων
865 886 946 939 τὴν
999 887 1173 940 ζήτησιν
1217 885 1394 942 αὐτοῦ),
1447 887 1603 941 <116>

252 957 395 1005 ἄλλως
432 972 477 997 τε
515 964 682 998 στενῶν
720 957 867 998 οὐσῶν
905 964 993 998 τῶν
1031 956 1150 998 ὁδῶν
1188 953 1290 998 καθ’
1327 957 1377 1006 ἃς
1415 956 1605 1011 ἔπραξαν

252 1029 299 1068 τὸ
327 1028 473 1081 ἔργον,
502 1026 574 1068 καὶ
600 1027 792 1081 μεγάλου
818 1029 1020 1081 πλήθους
1047 1027 1346 1082 ἐμφράξαντος
1372 1027 1505 1077 αὐτὰς
1529 1034 1606 1082 τῆς

252 1113 295 1139 τε
322 1100 574 1152 θεραπείας,
605 1097 674 1139 καὶ
710 1098 864 1140 ὁπόσοι
896 1105 984 1139 τῶν
1017 1106 1293 1152 στρατιωτῶν
1327 1096 1396 1139 ἐπὶ
1429 1101 1604 1153 φυλακῇ

252 1175 331 1210 τοῦ
358 1168 681 1223 αὐτοκράτορος
708 1168 880 1223 ἐκείνην
906 1175 1108 1223 παρῆσαν
1133 1170 1213 1222 τὴν
1239 1167 1418 1223 ἡμέραν.
1459 1169 1604 1223 <117>
1625 1181 1656 1206 15

253 1238 386 1288 ὁδοὺς
419 1236 458 1279 δ’
496 1237 643 1293 ἑτέρας
673 1245 918 1294 χωροῦντες
950 1245 1152 1293 παρῆσαν
1184 1241 1246 1289 εἰς
1277 1240 1357 1293 τὴν
1389 1241 1604 1293 Γερμανι-
1722 1258 1727 1290 ,ι

251 1316 333 1351 κοῦ
360 1307 439 1363 μὲν
467 1310 611 1351 οίκιάν
637 1316 715 1351 τοῦ
742 1311 880 1351 Γαΐου
905 1311 1082 1363 πατρός,
1109 1309 1160 1351 ὃν
1187 1311 1282 1351 τότε
1311 1309 1602 1364 ἀνῃρήκεσαν,

253 1380 535 1434 συνημμένην
569 1376 607 1421 δ’
638 1379 780 1435 ἐκείνῃ
814 1381 887 1421 διὰ
918 1382 966 1422 τὸ
999 1380 1046 1420 ἓν
1080 1381 1128 1422 τὸ
1155 1382 1380 1434 βασίλειον
1407 1380 1458 1422 ὃν
1487 1380 1603 1423 ε’ποι-

249 1451 459 1504 κοδομαῖς
486 1448 669 1492 ἑκάστου
695 1458 783 1492 τῶν
812 1450 859 1491 ἐν
885 1457 934 1505 τῇ
961 1451 1173 1507 ἡγεμονία
1198 1452 1447 1503 γεγονότων
1474 1451 1603 1506 αὐξη-

248 1518 333 1562 θεν
366 1520 449 1562 άπὸ
483 1519 642 1575 μέρους
680 1521 861 1575 ὀνόματι
899 1529 987 1563 τῶν
1020 1519 1439 1575 οἰκοδομησαμένων
1472 1521 1497 1576 ἢ
1530 1523 1608 1564 καί
1622 1534 1655 1559 20

250 1608 290 1632 τι
323 1599 470 1645 μερῶν
503 1593 711 1646 οἰκήσεως
744 1591 969 1646 ἀρξάντων
996 1593 1075 1645 τὴν
1102 1591 1357 1646 ἐπωνυμίαν
1388 1592 1602 1647 παρασχέ-

250 1665 370 1702 σθαι.
415 1661 560 1715 <118>
586 1660 658 1703 καὶ
680 1663 981 1711 διεκπεσόντες
1007 1669 1084 1704 τοῦ
1110 1664 1311 1716 πλήθους
1336 1669 1411 1717 τῆς
1436 1662 1602 1717 ἐφόδου

251 1731 297 1772 ε”ν
337 1731 462 1787 ἀδείᾳ
500 1733 548 1773 τὸ
587 1733 730 1785 παρὸν
768 1730 901 1785 ἦσαν,
944 1733 1248 1782 λανθάνοντος
1287 1732 1428 1787 ἀκμὴν
1465 1740 1601 1775 κακοῦ

249 1808 328 1843 τοῦ
366 1803 443 1843 τὸν
482 1802 783 1857 αὐτοκράτορα
822 1805 1152 1857 παρειληφότος.
1215 1802 1370 1856 <119>
1403 1804 1602 1857 πρώτους

250 1867 289 1912 δ’
326 1873 388 1921 εἰς
419 1874 521 1922 τοὺς
556 1874 807 1928 Γερμανοὺς
838 1872 863 1926 ἡ
903 1877 1110 1927 αἴσθησις
1142 1872 1320 1927 ἄφίκετο
1353 1880 1429 1928 τῆς
1461 1876 1599 1916 Γαΐου
1618 1886 1652 1912 25

247 1945 466 1995 τελευτῆς·
508 1945 749 1998 δορυφόροι
778 1942 815 1984 δ’
848 1940 961 1996 ἦσαν
988 1940 1110 1985 οὗτοι
1137 1943 1364 1997 ὁμώνυμοι
1390 1950 1449 2000 τῷ
1477 1946 1600 1986 ἔθνει

249 2008 328 2066 ἀφ’
366 2010 419 2054 οὗ
457 2012 753 2068 κατειλέχατο,
794 2014 841 2054 τὸ
881 2015 1093 2056 Κελτικὸν
1133 2013 1272 2067 τάγμα
1310 2016 1600 2069 παρεχόμενοι

249 2083 406 2124 αὑτῶν.
463 2085 607 2137 <120>
633 2088 764 2140 θυμῷ
791 2081 839 2125 δὲ
864 2088 1056 2139 χρῆσθαι
1082 2083 1266 2138 πάτριόν
1293 2083 1410 2125 ἐστιν
1436 2085 1599 2140 αὐτοῖς,

248 2154 354 2207 ὅπερ
401 2154 453 2195 οὐ
498 2154 686 2196 σπάνιον
732 2155 779 2195 ἕν
824 2166 938 2195 τισιν
984 2152 1146 2209 ἑτέροις
1190 2152 1316 2210 (τῶν)
1361 2155 1598 2210 βαρβάρων

249 2225 322 2265 διὰ
348 2225 396 2265 τὸ
422 2223 621 2277 ἡσσόνως
646 2225 858 2278 λογισμὸν
886 2223 1167 2279 ἐπιδέχεσθαι
1191 2231 1279 2266 τῶν
1304 2225 1596 2280 ποιουμένων,
1617 2237 1651 2263 30

248 2293 465 2349 ῥωμαλέοι
498 2310 542 2336 τε
574 2301 664 2344 τοῖς
697 2295 881 2349 σώμασι,
912 2294 984 2336 καὶ
1016 2301 1066 2350 τῇ
1098 2294 1245 2350 πρώτῃ
1278 2295 1389 2350 ὁρμῇ
1422 2298 1595 2339 συνιόν-
