1732 2526
738 86 851 119 13102
1384 85 1469 126 375

125 191 455 248 ἐπιμελέστερον
487 191 639 243 ἔδοξας
669 200 757 234 τῶν
788 199 923 235 ταῦτα
964 192 1314 248 συγγραψάντων
1348 193 1468 247 ἠκρι-

124 262 324 317 βωκέναι.
398 262 535 318 πέμπε
585 261 637 304 δέ
677 278 750 317 μοι
800 261 871 304 καὶ
922 264 996 312 τὰς
1045 263 1210 313 λοιπάς.
1286 265 1468 318 ἔρρωσο,

123 333 328 389 φίλτατε.’

212 405 354 459 <366>
394 404 629 453 “Βασιλεὺς
661 402 898 458 Ἀγρίππας
936 399 1128 461 Ἰωσήπῳ
1173 410 1231 461 τῷ
1275 405 1467 461 φιλτάτῳ

86 490 102 514 5
122 477 302 530 χαίρειν.
365 474 406 525 ἐξ
441 471 502 517 ὧν
541 476 733 529 ἔγραψας
771 473 977 529 οὐδεμιᾶς
1016 475 1158 524 ἔοικας
1198 474 1370 531 χρῄζειν
1405 476 1468 516 δι-

123 547 360 596 δασκαλίας
385 543 493 601 ὑπὲρ
520 551 599 587 τοῦ
625 549 787 600 μαθεῖν
812 545 923 599 ἡμᾶς
949 545 1080 594 ὅλους
1100 544 1307 600 ἀρχῆθεν.
1362 545 1467 586 ὅταν

122 614 271 670 μέντοι
311 616 528 671 συντύχῃς
565 632 663 670 μοι,
700 614 772 657 καὶ
811 615 940 665 αὐτός
982 627 1028 657 σε
1060 616 1201 657 πολλὰ
1239 617 1465 670 κατηχήσω

120 694 208 728 τῶν
241 686 581 741 ἄγνοουμένων.’

210 757 355 812 <367>
393 758 506 799 οὕτω
547 756 599 798 δέ
633 773 722 812 μοι,
763 756 1104 812 ἀπαρτισθείσης
1148 763 1222 811 τῆς
1262 757 1466 810 ἶστοριάς,

70 842 103 867 10
118 826 356 881 Ἀγρίππας
387 827 441 868 οὐ
472 827 724 869 κολακεύων
768 824 893 882 (οὐδὲ
935 827 1016 881 γὰρ
1050 825 1286 881 ἐπέβαλλεν
1331 826 1466 882 αὐτῷ)

121 896 218 939 οὐδ’
269 899 634 953 εἰρωνευόμενος,
679 898 736 946 ὡς
780 899 834 939 σὺ
877 899 1031 952 φήσεις
1074 897 1242 953 (πόρρω
1287 898 1370 951 γὰρ
1412 895 1466 951 ἧν

120 967 286 1018 ἐκεῖνος
319 970 520 1023 τοιαύτης
551 967 834 1024 κακοηθείας)
875 967 983 1010 ἀλλὰ
1021 974 1071 1023 τῇ
1111 968 1298 1025 ἀληθεία
1337 968 1466 1023 ἐμαρ-

118 1039 239 1094 τύρει
271 1039 469 1094 καθάπερ
502 1039 660 1089 πάντες
692 1039 738 1081 οἱ
765 1046 857 1088 ταῖς
890 1039 1101 1094 ἱστορίαις
1134 1037 1398 1094 ἐντυχόντες.

209 1110 354 1164 <368>
385 1109 495 1151 ἀλλὰ
527 1111 578 1151 τὰ
610 1107 690 1164 μὲν
722 1111 830 1164 πρὸς
860 1111 938 1151 τὸν
971 1108 1181 1164 Ἰοῦστον,
1222 1109 1465 1164 ἀναγκαίαν

66 1194 99 1220 15
119 1182 310 1234 λαβόντα
341 1181 421 1235 τὴν
452 1179 736 1235 παρέκβασιν,
763 1178 887 1235 μέχρι
913 1180 1081 1221 τούτων
1107 1179 1323 1235 λελέχθω·
1356 1181 1464 1222 διοι-

117 1252 252 1304 κήσας
285 1249 322 1292 δ’
356 1250 524 1305 ἐγὼιτὰ
554 1251 661 1293 κατὰ
686 1251 766 1305 τὴν
793 1250 1029 1304 Τιβεριάδα
1054 1251 1127 1291 καὶ
1158 1253 1345 1300 καθίσας
1376 1258 1464 1293 τῶν

118 1324 261 1375 φίλων
288 1320 538 1376 συνέδριον,
565 1320 865 1376 ἐβουλευόμην
891 1320 990 1375 περὶ
1016 1328 1104 1363 τῶν
1128 1322 1238 1376 πρὸς
1256 1317 1465 1376 Ἰωάννην

117 1389 510 1446 πραχθησομένων.
574 1390 716 1433 ἐδόκει
755 1389 836 1445 μὲν
869 1388 951 1433 οὖν
988 1397 1094 1433 πᾶσι
1131 1398 1222 1440 τοῖς
1261 1393 1464 1434 Γαλιλαί-

119 1477 184 1510 οις
215 1461 455 1503 ὁπλίσαντα
486 1461 650 1510 πάντας
681 1460 892 1502 ἀπελθεῖν
931 1458 1000 1502 ἐπὶ
1038 1462 1116 1502 τὸν
1150 1457 1360 1516 Ἰωάννην
1393 1461 1465 1504 καὶ

65 1546 99 1572 20
119 1534 270 1586 λαβεῖν
295 1527 397 1586 παρ’
427 1531 564 1573 αὐτοῦ
591 1532 714 1580 δίκας
740 1531 797 1581 ὡς
822 1531 963 1585 πάσης
994 1537 1070 1585 τῆς
1102 1531 1291 1581 στάσεως
1321 1533 1463 1575 αἰτίου

117 1603 365 1656 γεγονότος·
397 1602 542 1656 <369>
574 1601 654 1643 οὐκ
686 1602 933 1657 ἠρεσκόμην
966 1597 1004 1643 δ’
1036 1600 1120 1656 ἐγὼ
1146 1609 1239 1652 ταῖς
1271 1604 1464 1658 γνώμαις

117 1672 284 1726 αὐτῶν,
326 1674 581 1728 προαίρεσιν
626 1674 738 1728 ἔχων
780 1673 856 1721 τὰς
898 1673 1086 1727 ταραχὰς
1134 1673 1266 1728 χωρὶς
1309 1675 1462 1727 φόνων

116 1742 433 1785 καταστέλλειν.
508 1743 617 1785 ὅθεν
663 1744 716 1797 δὴ
758 1740 986 1798 παρῄνεσα
1029 1748 1174 1784 πᾶσαν
1219 1743 1463 1797 εἰσενέγκα-

118 1818 224 1856 σθαι
255 1816 470 1868 πρόνοιαν
502 1812 611 1869 ὑπὲρ
643 1820 722 1857 τοῦ
753 1821 921 1867 γνῶναι
952 1814 1004 1854 τὰ
1037 1813 1228 1868 ὀνόματα
1260 1822 1348 1856 τῶν
1377 1815 1461 1857 ὑπὸ

64 1898 98 1924 25
117 1890 176 1941 τῷ
218 1882 400 1940 Ἰωάννῃ
445 1886 597 1927 ὄντων.
659 1885 814 1938 <370>
857 1884 1136 1937 ποιησάντων
1178 1880 1216 1925 δ’
1265 1883 1462 1939 ἐκείνων,

117 1957 251 2009 γνοὺς
295 1954 377 2008 ἐγὼ
422 1957 525 2005 τοὺς
575 1955 842 2010 ἀνθρώπους
892 1955 1051 2004 οἵτινες
1093 1951 1228 2009 ἦσαν,
1275 1954 1461 2009 ἐξέθηκα

116 2027 393 2080 πρόγραμμα,
434 2026 507 2068 διὰ
549 2027 708 2068 τούτου
747 2028 896 2067 πίστιν
928 2023 999 2066 καὶ
1039 2024 1187 2075 δεξιὰν
1217 2028 1461 2081 προτείνων

116 2104 207 2146 τοῖς
251 2096 356 2150 μετὰ
392 2092 599 2138 Ἰωάννου
643 2098 858 2150 θελήσασι
904 2098 1054 2149 λαβεῖν
1093 2096 1346 2151 μετάνοιαν,
1389 2095 1461 2137 καὶ

116 2167 291 2222 ἡμερῶν
335 2170 472 2209 εἴκοσι
515 2169 679 2223 χρόνον
721 2167 957 2221 προύτεινα
997 2173 1087 2216 τοῖς
1131 2167 1461 2221 βουλεύσασθαι

63 2248 98 2274 30
116 2237 300 2280 θέλουσι
332 2236 430 2292 περὶ
462 2245 550 2279 τῶν
583 2237 754 2287 ἑαυτοῖς
781 2239 1109 2292 συμφερόντων.
1160 2238 1370 2291 ἠπείλουν
1398 2235 1461 2290 δέ,

117 2308 158 2348 εἰ
186 2309 243 2362 μὴ
277 2307 457 2363 ρίψουσι
488 2308 539 2348 τὰ
572 2307 699 2361 ὅπλα,
731 2309 1023 2363 καταπρήσειν
1061 2307 1206 2348 αὐτῶν
1238 2308 1312 2356 τὰς
1344 2308 1462 2360 οἰκή-

1493 1191 1536 1221 66
