1732 2526
185 51 271 93 250
674 50 1039 84 ΑΡΧΑΙΟΛΟΓΙΑΣ

184 161 415 213 κομίσειεν.
465 158 609 212 <257>
639 155 695 212 ἦν
728 156 772 199 δ’
808 157 830 199 ὁ
857 158 1059 212 Εὔτυχας
1091 154 1219 205 οὗτος
1249 156 1426 210 ἡνίοχος
1453 161 1544 197 τοῦ·

184 227 460 283 καλουμένου
493 230 727 283 πρασίνου,
757 227 1134 283 περισπούδαστος
1166 227 1207 267 Γ
1204 227 1301 283 αΐῳ,
1333 224 1404 267 καὶ
1435 223 1535 281 περὶ

184 301 259 348 τὰς
302 299 555 353 οἰκοδομίας
597 306 685 341 τῶν
724 298 919 340 στάσεων
956 304 1035 339 τοῦ
1072 294 1171 352 περὶ
1210 296 1379 338 ἐκεῖνον
1419 297 1536 338 ἱππι-

185 377 265 413 κοῦ
297 372 345 412 τὸ
380 371 690 424 στρατιωτικὸν
723 369 939 424 ἐτρίβετο,
981 368 1148 422 ἀτίμοις
1185 366 1407 421 ἐργασίαις
1445 365 1536 408 ε’πι-

184 444 395 496 κείμενος.
445 441 586 495 <258>
624 442 686 490 εἰς
716 441 824 495 ἅπερ
852 439 873 482 ὁ
903 438 1090 493 Χαιρέας
1116 438 1337 488 ὠνείδιζεν
1363 437 1536 491 αὐτούς,

185 511 257 554 καὶ
290 511 413 565 ἔτερα
444 511 585 553 πολλὰ
610 516 812 563 τοιαῦτα,
851 511 931 564 τήν
964 524 1007 551 τε
1041 508 1234 562 κεφαλὴν
1261 515 1432 562 κομιεῖν
1457 514 1536 550 τοῦ

187 583 433 624 Κλαυδίου·
480 582 628 623 δεινὸν
667 582 750 636 γὰρ
789 582 829 622 εἰ
867 581 972 635 μετὰ
1014 581 1175 634 μανιάν
1216 579 1536 634 παραφροσύνῃ

188 654 380 694 δώσουσι
412 652 492 705 τὴν
524 651 774 706 ἡγεμονίαν.
838 651 983 704 <259>
1026 649 1079 691 οὐ
1117 651 1202 704 μὴν
1241 648 1537 704 διετράπησάν

186 722 228 777 γ’
262 723 347 764 ὑπὸ
380 729 467 764 τῶν
499 723 658 775 λόγων,
691 721 801 763 ἀλλὰ
835 721 1110 775 σπασάμενοί
1137 735 1180 761 τε
1213 720 1288 769 τὰς
1323 721 1538 774 μαχαίρας

186 792 258 835 καὶ
289 793 341 834 τὰ
368 799 523 846 σημεῖα
549 791 759 847 ἀράμενοι
786 790 953 848 ᾤχοντο
985 791 1043 839 ὡς
1068 791 1146 832 τὸν
1173 791 1417 843 Κλαύδιον,
1447 805 1537 831 κοι-

188 866 462 918 νωνήσοντες
501 870 593 911 τοῖς
635 862 879 916 ὀμνύουσιν
919 861 1048 917 αὐτῷ.
1110 861 1383 902 κατελείπετο
1427 858 1466 900 δ’
1510 860 1537 913 ἥ

187 950 231 976 τε
266 934 507 987 σύγκλητος
532 930 596 974 ἐπ’
630 932 809 987 ἐρημίας
833 939 920 974 τῶν
947 931 1238 986 ἀμυνούντων
1263 928 1335 972 καὶ
1363 930 1409 972 οἱ
1430 929 1539 971 ὕπα-

1558 801 1591 826 10

189 1021 255 1046 τοι
297 1001 435 1058 μηδὲν
478 1004 666 1045 ἰδιωτῶν
708 1001 1009 1058 διαφέροντες·
1055 1001 1211 1056 <260>
1255 999 1454 1055 ἔκπληξίς
1493 1015 1540 1041 τε
1578 1030 1583 1031 ⁷

189 1074 261 1117 καὶ
292 1075 504 1129 κατήφεια
535 1070 607 1126 ἦν,
640 1072 739 1115 οὐδ’
776 1073 798 1115 ὅ
830 1088 870 1114 τι
903 1074 1140 1128 χρήσαιντο
1174 1072 1323 1120 αὑτοῖς
1350 1077 1438 1112 τῶν
1464 1070 1541 1112 ἀν-

188 1146 384 1198 θρώπων
428 1145 610 1186 εἰδότων
652 1144 724 1185 διὰ
765 1145 814 1185 τὸ
855 1143 1150 1198 ἀνηρεθίσθαι
1191 1143 1269 1184 τὸν
1311 1142 1539 1183 Κλαύδιον

189 1214 254 1258 ἐπ’
294 1215 462 1268 αὐτοῖς,
500 1213 707 1268 ἀλλήλοις
744 1212 780 1255 τ’
819 1213 1152 1268 ἐλοιδοροῦντο,
1193 1210 1265 1253 καὶ
1303 1211 1541 1266 μετάμελος

189 1284 245 1340 ἧν
278 1285 437 1335 αὐτοῖς.
499 1285 642 1339 <261>
679 1283 752 1326 καὶ
784 1287 1000 1339 Σαβῖνος,
1042 1278 1102 1332 εἷς
1134 1290 1221 1324 τῶν
1254 1284 1392 1324 Γαΐου
1431 1293 1541 1337 σφα-

190 1356 326 1411 γέων,
368 1354 549 1410 σφάξειν
586 1357 802 1409 πρότερον
840 1354 975 1396 αὑτὸν
1012 1354 1179 1407 ἠπείλει
1211 1353 1450 1405 παρελθὼν
1481 1353 1543 1402 εἰς

191 1425 352 1482 μέσους
383 1426 409 1480 ή
439 1426 667 1467 Κλαύδιον
699 1426 891 1481 ἄρχοντα
924 1427 1164 1479 στήσεσθαι
1196 1422 1268 1465 καὶ
1301 1424 1543 1478 δουλοκρα-

190 1500 289 1539 τίαν
338 1496 583 1547 ἐπόψεσθαι
632 1497 985 1549 καταλαβοῦσαν·
1035 1497 1112 1537 τόν
1156 1510 1201 1536 τε
1242 1492 1436 1548 Χαιρέαν
1480 1494 1542 1542 εἰς

191 1570 462 1623 φιλοψυχίαν
495 1565 777 1621 ἐπέπληττεν,
815 1567 856 1607 εἰ
890 1567 1225 1620 καταφρονήσας
1257 1566 1395 1606 Γαΐου
1426 1570 1542 1617 πρῶ-

191 1654 264 1688 τος
296 1638 468 1691 ἀγαθὸν
500 1637 806 1691 ὑπολαμβάνοι
837 1637 886 1678 τὸ
921 1639 1017 1690 ζῆν,
1049 1642 1123 1689 τῆς
1155 1634 1409 1689 ἐλευθερίας
1441 1631 1537 1676 οὐδ’

192 1709 332 1757 οὕτως
363 1707 642 1762 ἀποδοθῆναι
669 1706 916 1762 δυναμένης
940 1713 990 1762 τῇ
1016 1707 1205 1761 πατρίδι.
1259 1705 1403 1758 <262>
1439 1707 1543 1746 Χαι-

194 1778 294 1835 ρεάς
326 1776 373 1820 δὲ
404 1777 504 1834 περὶ
536 1775 616 1833 μὲν
647 1785 726 1820 τοῦ
751 1779 965 1831 θνήσκειν
992 1776 1250 1819 ἐνδοιαστὸν
1277 1774 1408 1818 οὐδὲν
1434 1790 1543 1830 φρο-

195 1857 289 1891 νεῖν
321 1850 461 1903 ἔλεγε,
499 1849 741 1902 βούλεσθαι
780 1847 929 1902 μέντοι
968 1848 1308 1896 διακωδωνίζειν
1341 1845 1542 1886 διάνοιαν

193 1921 273 1974 τὴν
305 1920 545 1961 Κλαυδίου.

284 1990 426 2044 <263>
466 1991 538 2031 καὶ
580 1991 623 2031 οἲ
663 1987 742 2043 μὲν
784 1988 831 2030 ἐν
871 1984 1053 2030 τοιοῖσδ’
1090 1984 1222 2042 ἦσαν,
1267 1985 1336 2028 ἐπὶ
1379 1983 1426 2027 δὲ
1463 1991 1542 2027 τοῦ

195 2059 493 2117 στρατοπέδου
525 2066 607 2109 πᾶς
635 2061 914 2114 πανταχόθεν
947 2059 1128 2101 ἐωθεῖτο
1160 2058 1268 2100 κατὰ
1299 2057 1542 2110 θεραπείαν

194 2133 275 2186 τὴν
319 2131 560 2172 Κλαυδίου.
629 2129 701 2171 καὶ
746 2137 834 2171 τῶν
876 2129 1056 2171 ὑπάτων
1101 2129 1122 2171 ὁ
1169 2128 1313 2183 ἕτερος
1357 2128 1544 2176 Κόιντος

195 2202 463 2257 Πομπώνιος
495 2198 554 2242 δι’
593 2201 731 2249 αι’τιάς
768 2198 824 2254 ἣν
860 2206 918 2256 τῷ
958 2204 1249 2255 στρατιωτικῷ
1288 2200 1455 2252 μᾶλλον
1486 2197 1542 2247 ὡς

196 2271 262 2314 ἐπ’
307 2271 564 2326 ἐλευθερίαν
604 2271 684 2324 τὴν
723 2271 967 2324 σύγκλητον
1005 2271 1290 2323 παρακαλῶν,
1335 2267 1543 2323 ὥρμησάν

1561 1151 1592 1178 15

1562 1504 1596 1530 20

1562 1856 1596 1882 25

1563 2207 1596 2233 30
