1732 2526
65 504 80 528 5

46 856 78 881 10

46 1207 77 1233 15

44 2265 78 2290 30

722 101 837 134 ΒΙοΣ
1361 99 1413 140 37
1419 99 1446 140 3

99 212 222 262 λους,
267 208 321 250 οὐ
366 208 438 250 διὰ
480 209 562 261 τὴν
605 208 714 261 πρὸς
756 208 833 249 τὸν
876 205 1057 261 βασιλέα
1101 205 1172 249 καὶ
1209 206 1448 262 Ῥωμαιόυς

99 280 292 332 εὔνοιαν,
325 279 397 320 διὰ
429 275 477 319 δὲ
509 279 588 331 τὴν
616 276 828 333 ὑμετέραν
854 277 999 319 αὐτῶν
1025 280 1258 333 πονηρίαν,
1292 276 1447 320 ἑκατὸν

100 350 370 403 ὀγδοήκοντα
402 347 528 390 πέντε
560 355 649 390 τῶν
679 351 872 390 πολιτῶν
904 348 1195 402 ἀπεκτείνατε,
1231 349 1337 390 κατὰ
1370 350 1447 390 τὸν

99 422 254 473 καιρὸν
298 419 467 462 ἐκεῖνον
512 418 619 473 ἐμοῦ
662 419 1041 473 πολιορκουμένου
1086 419 1133 460 ἐν
1174 418 1449 468 Ἰωταπάτοις

100 491 184 533 ὑπὸ
210 489 444 545 Ῥωμαίων.
507 491 651 544 <354>
683 493 728 531 τί
757 488 814 540 δ’;
853 488 949 544 οὐχὶ
987 489 1059 531 καὶ
1097 491 1204 531 κατὰ
1242 491 1322 544 τὴν
1360 497 1448 531 τῶν

93 560 411 616 Ἰεροσολύμων
454 563 712 615 πολιορκίαν
757 561 965 615 δισχίλιοι
1020 559 1256 615 Τιβεριέων
1301 560 1448 614 ἐξητά-

100 636 274 686 σθησαν
305 634 352 673 οἳ
380 629 460 686 μὲν
490 633 759 680 πεπτωκότες
791 633 836 673 οἳ
866 629 913 672 δὲ
954 630 1199 685 ληφθέντες
1231 630 1447 685 αἰχμάλω-

98 718 183 752 τοι;
228 702 338 743 ἀλλὰ
370 703 425 743 σὺ
457 701 664 756 πολέμιος
696 702 749 743 οὐ
781 699 1010 755 γεγονέναι
1042 703 1210 756 φήσεις,
1243 702 1307 743 ὅτι
1340 703 1449 756 πρὸς

99 771 278 827 βασιλέα
310 771 396 814 τότ’
435 774 602 828 ἔφυγες.
666 771 737 813 καὶ
775 778 904 814 τοῦτο
943 770 991 813 δὲ
1031 773 1103 813 διὰ
1142 774 1219 814 τὸν
1258 771 1299 822 ἐξ
1340 771 1448 826 ἐμοῦ

98 845 241 898 φόβον
273 846 389 898 φημί
417 855 463 885 σε
501 841 793 897 πεποιηκέναι.
857 843 1001 897 <355>
1041 842 1158 896 κάγὼ
1198 841 1277 897 μὲν
1316 857 1446 896 πονη-

98 916 187 968 ρός,
221 914 278 963 ὡς
310 913 465 968 λέγεις·
505 915 528 956 ὁ
561 911 609 955 δὲ
640 915 845 968 βασιλεὺς
867 911 1102 968 Ἀγρίππας
1135 913 1157 955 ὁ
1189 915 1268 968 τὴν
1300 914 1446 967 ψυχήν

98 997 168 1027 σοι
189 986 473 1040 συγχωρήσας
498 984 583 1026 ὑπὸ
606 982 913 1026 ’ὅεσπασιανοῦ
938 988 1097 1026 θανεῖν
1123 982 1448 1038 κατακριθέντι,

97 1056 120 1097 ὁ
139 1056 377 1104 ’τοσούτοις
410 1055 718 1109 δωρησάμενος
749 1056 956 1109 χρήμασι,
995 1057 1113 1103 τίνος
1145 1054 1291 1096 ἕνεκεν
1324 1054 1448 1096 ὕστε-

98 1142 177 1181 ρον
211 1124 278 1174 δὶς
309 1124 389 1180 μὲν
422 1126 564 1179 ἔδησε,
596 1125 854 1174 τοσαυτάκις
886 1123 934 1166 δὲ
960 1133 1120 1180 φυγεῖν
1152 1125 1230 1178 τὴν
1259 1125 1448 1179 πατρίδα

96 1195 346 1250 προσέταξε,
380 1195 451 1237 καὶ
484 1195 728 1237 ἀποθανεῖν
756 1193 804 1236 δὲ
832 1196 1039 1245 κελεύσας
1065 1195 1175 1245 ἅπαξ
1202 1201 1252 1249 τῇ
1280 1194 1447 1249 ἀδελφῇ

98 1268 310 1321 Βερενίκῃ
354 1266 493 1308 πολλὰ
539 1267 747 1321 δεηθείσῃ
791 1266 871 1319 τὴν
916 1266 998 1319 σὴν
1039 1267 1260 1320 σωτηρίαν
1305 1265 1447 1320 ἐχαρί-

100 1351 223 1388 σατο;
269 1338 295 1379 (
299 1337 414 1389 356>
451 1335 522 1377 καὶ
555 1337 658 1390 μετὰ
690 1342 879 1377 τοσαῦτα
918 1335 969 1377 δέ
999 1347 1079 1378 σου
1111 1338 1448 1391 κακουργήματα

98 1408 221 1458 τάξιν
254 1406 494 1448 ἐπιστολῶν
527 1418 596 1447 σοι
628 1407 874 1457 πιστεύσας,
908 1406 967 1455 ὡς
992 1405 1063 1447 καὶ
1088 1407 1246 1456 ταύτας
1273 1418 1319 1447 σε
1347 1403 1448 1461 εὗρε

100 1479 467 1534 ῥςιδιουργοῦντα,
499 1476 691 1530 ἀπήλασε
725 1482 798 1530 τῆς
824 1478 976 1526 ὄψεως.
1033 1476 1176 1530 <357>
1209 1477 1318 1518 ἀλλὰ
1346 1475 1447 1531 περὶ

46 1580 59 1586 -
99 1547 179 1603 μὲν
222 1549 390 1591 τούτων
435 1547 628 1602 ἐλέγχειν
672 1546 735 1588 ἐπ’
779 1545 952 1602 ἀκριβὲς
996 1547 1071 1600 ἐῶ,
1115 1547 1356 1602 θαυμάζειν
1402 1543 1440 1588 δ’

98 1621 241 1661 ἔπεισί
268 1635 342 1673 μοι
368 1619 447 1672 τὴν
475 1619 557 1672 σὴν
584 1617 827 1670 ἀναίδειαν,
860 1618 926 1659 ὅτι
952 1622 1115 1674 τολμᾷς
1141 1617 1285 1672 λέγειν
1311 1618 1448 1660 ἁπάν-

97 1706 185 1732 των
223 1697 310 1731 τῶν
348 1690 427 1743 τὴν
464 1691 762 1743 πραγματείαν
801 1689 963 1743 ταύτην
1000 1691 1284 1743 γεγραφότων
1317 1689 1448 1739 αὐτὸς

97 1762 280 1814 ἄμεινον
320 1758 643 1813 ἐξηγγελκέναι,
688 1761 793 1813 μήτε
835 1760 885 1800 τὰ
927 1758 1179 1813 πραχθέντα
1220 1761 1328 1802 κατὰ
1365 1762 1446 1814 τὴν

98 1832 338 1872 Γαλιλαίαν
370 1829 654 1884 ἐπιστάμενος
687 1827 755 1883 (ἧς
787 1831 869 1884 γὰρ
903 1829 950 1871 ἐν
981 1832 1167 1888 Βηρυτῷ
1201 1832 1296 1872 τότε
1327 1832 1445 1884 παρὰ

45 1932 58 1939 -
98 1904 308 1956 βασιλεῖ),
347 1898 451 1954 μήθ’
496 1899 561 1941 ὅσ’
598 1902 767 1942 ἔπαθον
792 1899 994 1955 Ῥωμαῖοι
1034 1899 1102 1942 ἐπὶ
1140 1908 1215 1955 τῆς
1241 1900 1444 1943 Ἰωταπά-

96 1988 184 2013 των
210 1972 464 2025 πολιορκίας
490 1970 515 2024 ἣ
543 1972 732 2025 ἔδρασαν
758 1971 869 2024 ἡμᾶς
893 1973 1303 2026 παρακολουθήσας,
1331 1970 1440 2026 μήθ’

97 2042 178 2084 ὅσα
204 2037 295 2083 κατ’
327 2041 516 2094 ἐμαυτὸν
543 2041 704 2096 ἔπραξα
730 2042 1102 2096 πολιορκούμενος
1128 2041 1338 2096 δυνηθεὶς
1363 2058 1444 2084 πυ-

96 2111 276 2154 θέσθαι·
309 2111 467 2161 παῖντες
498 2112 580 2165 γὰρ
608 2112 654 2154 οἱ
682 2111 1022 2166 ἀπαγγείλαντες
1053 2112 1107 2154 ἂν
1135 2113 1443 2167 διεφθάρησαν

97 2181 167 2224 ἐπὶ
197 2188 272 2236 τῆς
302 2181 577 2235 παρατάξεως
604 2182 780 2236 ἐκείνης.
832 2183 973 2236 <358>
1002 2182 1093 2225 ἀλλ’
1129 2188 1233 2233 ἴσως
1258 2184 1309 2224 τὰ
1335 2184 1443 2225 κατὰ

97 2260 186 2294 τῶν
211 2251 572 2306 Ἱεροσολυμιτῶν
610 2252 862 2306 πραχθέντα
901 2252 993 2307 μετ’
1032 2253 1252 2308 ἀκριβείας
1289 2255 1443 2308 φήσεις

98 2322 460 2378 συγγεγραφέναι.
509 2322 581 2364 καὶ
612 2331 701 2372 πῶς
728 2318 823 2365 οἷόν
849 2339 913 2374 τε;
947 2325 1047 2366 οὔτε
1073 2326 1156 2380 γὰρ
1182 2331 1240 2382 τῷ
1266 2323 1441 2381 πολέμῳ
