1732 2526
61 828 94 853 10

60 1181 92 1206 15

61 1534 95 1559 20

61 1886 95 1912 25

585 74 994 107 ΕΠΤΑΚΑΙΔΕΚΑΤΗ
1382 72 1402 112 1
1411 72 1430 113 1
1439 72 1464 113 3

116 181 340 235 ἐξουσίαν,
390 179 588 231 πένθους
637 196 681 222 τε
725 187 804 223 τοῦ
855 179 924 222 ἐπὶ
968 187 1025 237 τῷ
1070 179 1197 235 πατρὶ
1251 180 1464 234 ἀμελειάς,

114 251 186 294 καὶ
219 253 391 307 κώμους
423 249 659 294 αὐτονυκτὶ
699 257 749 306 τῇ
789 250 959 293 ἐκείνου
998 255 1174 306 τελευτῇ
1213 253 1464 304 γεγονότας·

117 323 259 376 (234)
293 321 358 376 ἐφ’
398 316 463 372 οἷς
497 323 550 376 δὴ
583 320 654 363 καὶ
685 322 765 375 τὴν
796 322 975 375 πληθὺν
1007 320 1144 375 ἀρχὴν
1182 327 1260 363 τοῦ
1293 322 1466 363 στασιά-

116 394 203 443 ζειν
235 394 403 447 λαβεῖν,
435 394 476 434 εἰ
504 399 683 435 τοιαῦτα
715 391 1081 447 εὐεργετήσαντος
1110 391 1244 433 αὐτὸν
1277 398 1354 433 τοῦ
1386 406 1464 433 πα-

116 464 218 517 τρὸς
248 461 319 504 καὶ
352 461 465 504 οὕτω
498 462 699 517 μεγάλων
730 461 965 516 ἠξιωκότος
990 460 1171 503 τοιοῖσδ’
1204 460 1463 515 ἀμείβεσθαι

116 535 193 576 τὸν
218 532 366 587 νέκυν,
400 533 544 587 ὥσπερ
573 530 642 575 ε’πὶ
668 537 831 586 σκηνῆς
861 532 1068 587 δακρύειν
1095 528 1175 585 μὲν
1200 533 1466 586 προσποιού-

115 619 251 658 μενον
283 603 358 653 τάς
389 602 565 659 ἡμέρας,
599 602 880 646 ἀπολαύοντα
913 601 951 644 δ’
989 602 1153 656 ἡδονῆς
1183 608 1259 656 τῆς
1290 601 1360 644 ἐπὶ
1391 608 1466 655 τῆς

115 673 250 729 ἀρχῆς
295 674 393 732 ὅσαι
438 675 601 723 νύκτες.
677 673 831 728 <235>
876 675 1121 728 φανεῖσθαί
1163 688 1207 714 τε
1252 671 1323 714 καὶ
1367 672 1462 726 περὶ

113 745 191 786 τὸν
218 746 421 798 Καίσαρα
453 742 617 786 τοιόνδ’
656 745 761 786 ὄντα
783 742 1015 799 Ἀρχέλαον
1046 750 1359 799 συγχωροῦντα
1385 745 1466 797 τὴν

113 817 364 869 βασιλείαν,
402 815 552 865 ὁποῖος
590 814 764 869 γένοιτο
802 814 873 856 καὶ
911 813 1009 870 περὶ
1047 815 1125 856 τὸν
1163 813 1344 869 πατέρα·
1395 831 1466 870 χο-

114 886 259 939 ρεύειν
301 886 383 940 γὰρ
425 884 496 927 καὶ
539 885 663 942 ᾄδειν
706 886 850 940 ὥσπερ
890 884 1054 940 ἐχθροῦ
1092 888 1324 940 πεσόντος,
1368 883 1462 926 ἀλλ’

114 956 195 998 οὐκ
227 955 389 1012 ἀνδρὸς
421 957 535 999 οὕτω
567 953 648 1010 μὲν
682 961 925 1009 συγγενοῦς
955 959 1191 1009 τηλικαῦτα
1225 952 1264 998 δ’
1295 956 1467 1010 εὐεργε-

112 1035 205 1068 τεῖν
232 1026 485 1081 ἐξηγμένου.
544 1027 688 1081 (236)
716 1027 972 1068 δεινότατόν
997 1041 1042 1068 τε
1068 1026 1246 1068 πάντων
1273 1024 1466 1081 ἀπέφηνε

112 1099 160 1141 τὸ
192 1104 276 1140 νῦν
308 1098 431 1151 ἣκειν
459 1095 527 1139 ἐπὶ
554 1099 772 1152 Καίσαρα,
804 1097 1061 1138 κατανεύσει
1088 1102 1138 1151 τῇ
1167 1095 1339 1137 ἐκείνου
1365 1112 1468 1151 χρη-

113 1170 303 1223 σόμενον
343 1174 394 1223 τῇ
433 1169 654 1224 βασιλείᾳ,
698 1167 877 1209 πάντων
915 1167 1031 1223 αὐτῷ
1073 1165 1467 1221 προπεποιημένων

113 1239 254 1281 ὁπόσα
298 1237 460 1293 γένοιτ’
509 1237 563 1280 ἂν
607 1235 685 1279 ὑπ’
735 1237 872 1280 αὐτοῦ
914 1236 987 1279 καὶ
1030 1238 1217 1292 βεβαίως
1260 1237 1344 1291 ἤδη
1390 1244 1468 1279 τοῦ

113 1309 434 1365 αὐτοκράτορος
473 1311 795 1364 παρεσχηκότος
835 1310 1122 1363 πραττόμενα.
1191 1307 1347 1362 <237>
1389 1309 1467 1362 μά-

113 1384 240 1422 λιστα
278 1378 326 1422 δὲ
365 1381 446 1435 τὴν
485 1381 660 1435 σφαγὴν
698 1387 786 1422 τῶν
824 1378 924 1433 περὶ
962 1381 1010 1421 τὸ
1052 1380 1170 1435 ἱερὸν
1203 1378 1376 1421 ἐδείνου
1408 1383 1466 1435 τῷ

114 1453 231 1509 λόγῳ
269 1449 342 1493 καὶ
379 1452 460 1505 τὴν
499 1449 783 1505 δυσσέβειαν,
823 1451 881 1500 ὡς
919 1449 1070 1505 ἑορτῆς
1106 1449 1141 1492 τ’
1186 1449 1468 1504 ἐνεστηκυίας

115 1519 187 1563 καὶ
220 1520 391 1575 ἱερείων
431 1520 478 1562 ἐν
515 1523 663 1578 τρόπῳ
701 1525 964 1576 σφαχθεῖεν,
1002 1522 1113 1563 ἔνιοι
1150 1517 1230 1574 μὲν
1269 1518 1386 1569 ξένοι
1424 1521 1470 1561 οἳ

116 1590 154 1633 δ’
192 1590 414 1647 ἐγχώριοι,
458 1593 676 1646 πλησθείη
717 1589 764 1632 δὲ
802 1592 851 1633 τὸ
886 1591 1006 1647 ἱερὸν
1042 1597 1232 1644 νεκρῶν,
1276 1590 1355 1645 οὐχ
1386 1588 1462 1632 ὑπ’

115 1661 386 1717 ἀλλοφύλου,
418 1661 528 1703 ἀλλὰ
559 1668 638 1704 τοῦ
669 1660 742 1703 καὶ
775 1662 880 1716 μετὰ
912 1663 1112 1716 νομίμων
1138 1661 1367 1715 ὀνομάτων
1392 1666 1467 1714 τῆς

114 1734 336 1786 βασιλείας
368 1731 600 1788 ἐφιεμένου
627 1738 702 1786 τῆς
732 1731 940 1787 πράξεως,
973 1732 1091 1781 ὅπως
1117 1732 1332 1785 δυνηθειή
1359 1733 1466 1784 πλη-

116 1811 254 1858 ρῶσαι
297 1809 373 1857 τῆς
415 1804 547 1858 φύσει
596 1804 861 1859 τυραννίδος
908 1803 989 1857 τὴν
1033 1809 1167 1844 πᾶσιν
1212 1801 1467 1856 ἀνθρώποις

116 1872 414 1928 μεμισημένην
452 1873 648 1927 ἀδικίαν,
692 1874 847 1928 <238>
887 1872 944 1915 δι’
981 1873 1037 1927 ἣν
1075 1869 1176 1927 μηδ’
1214 1873 1322 1926 ὄναρ
1363 1869 1467 1914 ποτε

117 1942 332 2000 ἑορᾶσθαι
363 1950 438 1999 τῆς
469 1946 691 1998 βασιλείας
717 1944 833 2000 αὐτῷ
866 1945 946 1998 τὴν
980 1944 1193 1999 διαδοχὴν
1226 1942 1355 1998 ἀρετῇ
1388 1949 1467 1984 τοῦ

114 2016 292 2069 πατρός·
344 2014 605 2058 ἐπίστασθαι
637 2015 720 2071 γὰρ
754 2015 890 2057 αὐτοῦ
927 2016 1005 2057 τὸν
1043 2016 1227 2068 τρόπον,
1269 2015 1467 2067 προσετί-

115 2089 189 2126 θει
233 2082 282 2126 δὲ
325 2084 398 2126 καὶ
436 2083 642 2126 Ἀντίπαν
686 2083 733 2126 ἐκ
776 2091 863 2126 τῶν
907 2085 1137 2138 διαθηκῶν
1182 2084 1467 2138 ἰσχυρότερον

116 2152 247 2197 εἶναι·
296 2159 515 2210 κληθῆναι
553 2155 635 2210 γὰρ
673 2155 759 2197 ὑπὸ
796 2161 876 2197 τοῦ
913 2155 1075 2210 πατρὸς
1113 2152 1182 2195 ἐπὶ
1222 2154 1302 2207 τὴν
1343 2155 1467 2208 βασι-

63 2239 98 2264 30
117 2228 239 2268 λείαν
271 2225 370 2282 οὐχὶ
402 2232 642 2275 νοσοῦντος
671 2226 780 2281 πρὸς
810 2231 870 2282 τῷ
899 2226 1065 2279 σώματι
1097 2223 1168 2266 καὶ
1194 2225 1274 2278 τὴν
1305 2225 1467 2278 ψυχήν,

213 2311 231 2350 g
259 2310 327 2342 234
354 2306 398 2342 cf.
426 2306 518 2341 Bell.
545 2306 623 2341 Iud.
650 2306 684 2340 Π
710 2309 742 2350 2,
770 2311 800 2342 5.

197 2372 366 2399 Iosm‘ncs.
402 2373 456 2399 IV.
1235 2367 1254 2397 S
