1732 2526
705 83 920 116 ΕΙΚΟΣΤΗ
1398 81 1450 122 27
1461 81 1482 121 'I

134 191 243 245 πρὸς
270 187 433 245 Ἰζάτην
465 190 690 246 ἀπαίρειν,
726 191 866 244 πόρον
904 188 1003 240 παρ’
1043 190 1179 232 αὐτοῦ
1217 191 1487 244 βουλόμενος

137 263 354 316 σωτηρίας
397 260 608 315 εὑρέσθαι
653 259 725 302 καὶ
767 260 967 302 κάθοδον
1012 262 1074 310 εἰς
1117 262 1198 315 τὴν
1242 260 1405 315 ἀρχήν,
1448 261 1490 302 εἰ

136 333 365 386 δυνηθείη.
427 332 541 386 <55>
579 330 650 373 καὶ
690 332 743 385 δὴ
783 330 1029 386 ἀφικνεῖται
1069 332 1126 381 ὡς
1165 332 1299 373 αὐτὸν
1333 343 1487 384 συγγε-

135 409 227 444 νῶν
258 418 302 444 τε
335 402 408 444 καὶ
440 404 621 445 οἰκετῶν
653 401 751 456 περὶ
790 404 958 457 χιλίους
995 403 1072 444 τὸν
1105 401 1298 457 ἀριθμὸν
1332 401 1488 455 ἐπαγό-

99 485 284 528 5μενος,
330 473 621 528 συντυγχάνει
664 489 708 514 τε
753 478 811 530 τῷ
850 471 986 528 Ἰζάτῃ
1030 470 1132 514 καθ’
1183 472 1309 525 ὁδόν,
1362 472 1488 526 <56>

135 544 266 593 αὐτὸς
297 542 378 598 μὲν
411 551 560 599 σαφῶς
592 543 762 586 ἐκεῖνον
796 543 1100 598 ἐπιστάμενος,
1143 541 1214 585 ὑπ’
1248 539 1409 593 Ἰζάτου
1445 540 1482 583 δ’

135 614 188 656 οὐ
221 616 587 669 γιγνωσκόμενος.
641 613 712 656 καὶ
738 616 927 667 πλησίον
953 614 1176 669 παραστὰς
1207 621 1382 667 πρῶτον
1409 611 1489 666 μὲν

132 685 241 726 κατὰ
279 686 328 727 τὸ
366 685 552 739 πάτριον
590 686 921 740 προσεκύνησεν
953 684 1110 739 αὐτόν,
1152 681 1243 725 εἶτα
1277 683 1488 738 “βασιλεῦ’

131 757 261 809 φησί,
307 754 380 810 “μὴ
419 757 619 811 περιίδῃς
657 771 707 810 με
747 757 825 798 τὸν
864 757 944 797 σὸν
984 754 1148 809 ἱκέτην,
1193 752 1294 809 μηδ’
1330 754 1490 808 ὑπερη-

80 838 112 863 10
133 827 334 882 φανήσῃς
365 825 597 881 δεομένου·
644 828 847 876 ταπεινὸς
884 827 967 881 γὰρ
1007 826 1053 868 ἐκ
1092 829 1334 881 μεταβολῆς
1366 827 1490 879 γενό-

131 911 262 950 μενος
302 896 376 939 καὶ
421 897 467 939 ἐκ
511 896 724 952 βασιλέως
770 899 963 952 ἰδιώτης,
1008 903 1083 951 τῆς
1122 904 1197 951 σῆς
1238 896 1491 950 ἐπικουρίας

132 965 287 1023 χρῄζω.
352 968 466 1022 <57>
503 967 670 1022 βλέψον
709 965 790 1010 οὖν
829 970 891 1018 εἰς
929 970 977 1010 τὸ
1018 974 1093 1022 τῆς
1125 969 1257 1023 τύχης
1287 968 1491 1020 ἄστατον,

113 1036 204 1079 καὶ
236 1039 392 1092 κοινὴν
424 1036 536 1081 εἶναι
568 1040 649 1093 τὴν
679 1040 913 1094 συμφορὰν
940 1041 1142 1093 νόμισον,
1175 1037 1245 1080 καὶ
1273 1039 1354 1092 τὴν
1381 1037 1490 1092 ἐμὴν

132 1106 242 1164 ὑπὲρ
283 1116 448 1151 σαυτοῦ
486 1106 721 1163 πρόνοιαν·
769 1109 876 1164 ἐμοῦ
914 1110 997 1163 γὰρ
1040 1109 1329 1163 ἀνεκρδικήτου
1371 1123 1492 1163 περι-

79 1190 111 1216 15
132 1178 350 1233 οφθέντος
382 1181 556 1222 ἔσονται
587 1181 857 1235 θρασύτεροι
887 1178 1045 1222 πολλοὶ
1070 1179 1142 1221 καὶ
1168 1181 1275 1221 κατὰ
1301 1187 1389 1221 τῶν
1416 1180 1491 1220 ἄλ-

132 1253 222 1292 λων
243 1249 489 1305 βασιλε’ων.’
533 1251 648 1304 <58>
669 1250 691 1292 ὃ
713 1248 793 1305 μὲν
814 1249 933 1292 ταῦτ’
961 1253 1080 1304 ἔλεγε
1109 1252 1314 1305 δακρύων
1340 1248 1412 1292 καὶ
1439 1256 1488 1305 τῇ

130 1324 298 1376 κεφαλῇ
330 1321 444 1363 κάτω
478 1322 638 1363 νεύων·
684 1322 706 1364 ὁ
742 1319 789 1363 δὲ
818 1320 976 1376 Ἰζάτης
1008 1322 1066 1372 ὡς
1097 1323 1259 1376 ἤκουσε
1293 1322 1490 1375 τοῦνομα

130 1390 202 1433 καὶ
246 1388 366 1433 εἶδεν
411 1391 556 1446 ἱκέτην
601 1392 718 1449 αὑτῷ
763 1400 1018 1448 παρεστῶτα
1071 1392 1143 1434 καὶ
1186 1393 1490 1447 ποτνιώμενον

133 1463 209 1503 τὸν
245 1459 536 1517 Ἀρτάβανον,
580 1465 880 1518 κατεπήδησεν
923 1463 1006 1506 ἀπὸ
1049 1470 1127 1506 τοῦ
1166 1464 1302 1505 ἵππου
1345 1462 1490 1517 ὀξέως,

79 1543 112 1568 20
134 1533 249 1587 <59>
281 1536 358 1575 καί
386 1533 646 1589 (θάρρησον’
680 1531 816 1587 εἶπεν,
848 1531 898 1576 ’ὦ
932 1537 1130 1589 βασιλεῦ,
1162 1533 1276 1589 μηδέ
1306 1546 1352 1576 σε
1386 1545 1490 1587 συγ-

131 1606 257 1658 χείτω
290 1606 338 1646 τὸ
370 1606 513 1659 παρὸν
546 1605 604 1654 ὡς
642 1603 900 1659 ἀνήκεστον·
946 1612 1093 1660 ταχεῖα
1132 1605 1215 1660 γὰρ
1255 1606 1376 1646 ἔσται
1415 1610 1491 1658 τῆς

130 1676 356 1730 παρούσης
387 1676 526 1730 λύπης
557 1675 582 1729 ἡ
623 1677 852 1730 μεταβολή.
916 1679 1050 1730 φίλον
1090 1674 1129 1717 δ’
1168 1673 1241 1730 ἐμὲ
1275 1674 1347 1716 καὶ
1380 1676 1489 1730 σύμ-

130 1761 271 1801 μαχον
310 1745 510 1800 εὑρήσεις
546 1748 726 1801 κρείττω
765 1753 839 1800 τῆς
877 1746 1069 1796 ἐλπίδος·
1115 1747 1140 1801 ἢ
1184 1747 1266 1801 γὰρ
1307 1747 1367 1796 εἰς
1409 1746 1490 1799 τὴν

130 1816 334 1871 Πάρθων
373 1828 420 1858 σε
460 1818 714 1871 καταστήσω
752 1812 982 1871 βασιλείαν
1013 1817 1168 1872 πάλιν,
1208 1817 1233 1871 ἢ
1272 1824 1348 1871 τῆς
1387 1816 1490 1872 ἐμῆς

79 1895 113 1921 25
134 1886 425 1942 ἐκστήσομαιῖ

218 1958 344 2011 <60>
383 1956 502 2000 ταῦτ’
540 1958 675 2000 εἰπὼν
715 1957 972 2013 ἀνεβίβαζεν
1011 1958 1080 2001 ἐπὶ
1122 1961 1200 2001 τὸν
1239 1960 1375 2002 ἵππον
1408 1961 1485 2002 τὸν
1515 1970 1534 2000 2

123 2026 413 2083 Ἀρτάβανον,
457 2031 690 2083 παρείπετο
731 2028 775 2071 δ’
811 2030 943 2080 αὐτὸς
972 2032 1118 2084 πεζός,
1163 2031 1295 2085 τιμὴν
1328 2030 1486 2073 ἀπονέ-

127 2116 222 2154 μων
254 2100 416 2154 ταύτην
450 2100 507 2149 ὡς
539 2099 593 2141 ἂν
625 2102 790 2154 μείζονι
828 2103 1011 2155 βασιλεῖ.
1072 2102 1350 2156 θεασάμενος
1383 2098 1422 2143 δ’
1459 2102 1481 2144 ὁ

122 2167 386 2225 Ἀρτάβανος
424 2169 592 2225 βαρέως
628 2172 804 2226 ἤνεγκε,
842 2170 914 2213 καὶ
953 2173 1033 2226 τὴν
1073 2171 1326 2226 ἐφεστῶσαν
1366 2172 1483 2229 αὐτῷ

75 2248 110 2274 30
141 2241 279 2296 τύχην
311 2240 402 2293 [καὶ
433 2243 579 2296 τιμὴν]
614 2241 867 2297 ἐπωμόσατο
900 2240 925 2297 ἦ
959 2244 1046 2297 μὴν
1072 2236 1398 2297 καταβήσεσθαι
1430 2245 1488 2298 μὴ

125 2311 295 2355 ἐκείνου
333 2313 466 2355 πάλιν
505 2311 751 2366 ἀναβάντος
790 2312 862 2355 καὶ
894 2313 1243 2370 προηγουμένου.
1309 2315 1423 2369 <61>
1458 2314 1481 2356 ὃ
