1732 2526
252 85 304 126 21
313 84 338 124 2
746 83 1109 116 ΑΡΧΑΙΟΛΟΓΙΑΣ

252 192 390 233 αὑτοῦ
422 191 646 246 χρώμενος
677 193 845 244 μᾶλλον
877 189 903 244 ἢ
934 195 983 244 τῇ
1025 191 1162 232 Γαΐου
1200 190 1448 243 προστάξει,
1486 189 1606 243 <29>

254 263 328 304 διὰ
356 259 405 303 δὲ
430 262 479 303 τὸ
505 262 656 316 φειδοῖ
678 264 871 316 χρῆσθαι
900 261 992 312 [τὰς
1018 261 1165 314 τύχας]
1191 257 1338 302 οἶκτον
1365 260 1602 314 λαμβάνων

253 340 341 374 τῶν
385 332 471 373 ὑπὸ
515 332 595 386 τὴν
640 330 883 386 εἴσπραξιν,
925 332 987 380 εἰς
1023 331 1162 385 ὀργὴν
1199 334 1487 385 προυκαλεῖτο
1526 332 1603 372 τὸν

256 403 408 457 Γάιον,
449 404 666 457 μαλακίαν
706 401 997 443 ἐπικαλοῦντα
1038 401 1154 458 αὐτῷ
1192 407 1271 443 τοῦ
1310 404 1443 456 σχολῇ
1477 401 1605 442 συνά-

255 478 415 527 γεσθαι
450 473 503 514 τὰ
541 474 750 528 χρήματα.
811 470 884 513 καὶ
923 472 976 526 δὴ
1016 472 1067 512 τά
1104 470 1141 513 τ’
1185 473 1295 513 ἄλλα
1335 471 1512 526 ὕβριζεν
1544 472 1606 520 εἰς

256 544 406 597 αὐτόν,
433 541 505 585 καὶ
538 543 666 585 ὁπότε
698 544 747 584 τὸ
781 549 962 596 σημεῖον
995 543 1137 595 αἰτοίη
1170 547 1246 595 τῆς
1276 540 1438 596 ἡμέρας
1469 545 1606 596 καθη-

256 615 419 669 κούσης
448 615 518 672 ,εἰς
559 613 710 666 αὐτόν,
748 612 889 665 θήλεά
926 610 961 653 τ’
1007 611 1158 654 ἐδίδου
1203 613 1254 653 τὰ
1299 612 1491 666 ὀνόματα
1534 611 1606 654 καὶ

255 683 376 727 ταῦτ’
418 685 629 739 αἰσχύνης
668 682 874 724 ἀνάπλεα.
937 682 1062 735 <3Ο>
1106 682 1179 724 καὶ
1222 689 1357 725 ταῦτα
1399 685 1607 738 ἔπραττεν

258 756 390 805 αὐτὸς
421 755 500 797 οὐκ
527 752 859 807 ἀπηλλαγμένος
886 754 933 794 ε”ν
958 769 1094 794 τινων
1119 757 1309 803 τελεταῖς
1340 755 1607 808 μυστηρίων,

260 826 311 875 ἃς
355 825 486 874 αὐτὸς
530 826 782 866 συνίστατο·
828 824 985 873 στολὰς
1026 824 1108 878 γὰρ
1154 823 1419 879 ἐνδυόμενος
1455 840 1607 877 γυναι-

258 898 377 945 κείας
429 897 506 937 καί
556 911 692 936 τινων
745 893 997 949 περιθέσεις
1060 896 1344 950 πλοκαμίδων
1405 894 1609 945 ἐπινοῶν,

260 967 370 1008 ἄλλα
401 963 448 1007 θ’
487 966 626 1008 ὁπόσα
661 965 1089 1015 ἐπικαταψεύσεσθαι
1113 966 1341 1020 θηλύτητα
1366 971 1443 1019 τῆς
1469 966 1609 1014 ὅψεως

261 1040 461 1091 ἔμελλεν,
506 1036 637 1085 αὐτὸς
680 1037 761 1089 τὴν
806 1035 875 1078 ἐπὶ
920 1037 1138 1086 τοιούτοις
1187 1037 1400 1091 αἰσχύνην
1452 1035 1609 1089 ἐτόλμα

262 1106 428 1163 Χαιρέα
465 1111 745 1160 προσκαλεῖν.
814 1108 931 1160 <31>
972 1105 1135 1163 Χαιρέα
1175 1105 1223 1148 δὲ
1260 1106 1332 1149 καὶ
1371 1107 1499 1149 ὁπότε
1531 1105 1610 1160 μὲν

261 1178 600 1232 παραλαμβάνοι
637 1179 685 1219 τὸ
725 1184 929 1232 σημεῖον,
967 1178 1075 1231 ὀργὴ
1114 1180 1367 1232 παρίστατο,
1406 1172 1612 1231 μειζόνως

264 1246 302 1289 δ’
341 1248 469 1296 ὁπότε
502 1249 783 1303 παραδιδοίη,
816 1249 1062 1302 γελώμενος
1093 1248 1178 1290 ὑπὸ
1211 1255 1299 1290 τῶν
1327 1245 1611 1302 παραλαμβα-

263 1321 451 1372 νόντων,
483 1319 592 1360 ὥστε
625 1317 697 1360 καὶ
736 1319 782 1360 οἷ
817 1321 1121 1374 συγχιλίαρχοι
1158 1319 1340 1360 παιδιὰν
1379 1318 1610 1360 ἐποιοῦντο

265 1390 417 1438 αὐτόν·
451 1389 581 1431 ὁπότε
613 1390 696 1443 γὰρ
730 1389 861 1439 αὐτὸς
893 1388 1043 1443 με’λλοι
1081 1391 1129 1431 τὸ
1168 1397 1349 1443 σημεῖον
1386 1389 1503 1443 παρὰ
1534 1394 1612 1430 τοῦ

264 1462 489 1514 Καίσαρος
520 1462 729 1513 κομίζειν,
762 1461 1010 1514 προύλεγόν
1042 1476 1140 1501 τινα
1166 1467 1254 1501 τῶν
1280 1461 1506 1501 εἰωθότων
1538 1458 1613 1513 φέ-

265 1546 360 1585 ρειν
391 1531 453 1579 εἰς
485 1530 678 1573 παιδιάν.
742 1531 856 1584 <32>
890 1530 963 1571 διὰ
995 1536 1131 1572 ταῦτα
1165 1526 1207 1571 δ’
1244 1530 1360 1586 αὐτῷ
1393 1528 1465 1571 καὶ
1502 1529 1613 1584 θρά-

266 1612 341 1650 σος
384 1603 621 1655 παρίστατο
667 1601 911 1650 κοινωνούς
954 1617 1075 1650 τινας
1127 1600 1506 1654 παραλαμβάνειν,
1558 1600 1615 1648 ὡς

267 1671 346 1713 οὐκ
380 1669 443 1712 ἐπ’
482 1671 647 1725 ὀλίγοις
680 1671 787 1726 ὀργῇ
821 1672 1056 1725 χρώμενος.
1118 1670 1189 1712 καὶ
1221 1668 1277 1725 ἧν
1315 1671 1398 1725 γὰρ
1431 1671 1615 1724 Πομπή-

267 1743 375 1795 διος,
409 1743 694 1795 συγκλητικὸς
726 1740 821 1795 με’ν,
853 1742 928 1790 τὰς
959 1741 1092 1796 άρχὰς
1134 1738 1181 1782 δὲ
1212 1741 1486 1794 διεληλυθὼς
1521 1751 1615 1795 σχε-

269 1813 349 1854 δὸν
401 1811 590 1865 ἁπάσας,
639 1811 936 1867 Ἐπικούρειος
992 1809 1030 1853 δ’
1080 1812 1238 1865 ἄλλως,
1280 1810 1352 1853 καὶ
1394 1808 1452 1852 δι’
1511 1810 1615 1852 αὐτὸ

268 1882 550 1936 ἀπράγμονος
576 1882 858 1936 ἐπιτηδευτὴς
882 1884 995 1936 βίου.
1040 1882 1153 1936 <33>
1177 1888 1335 1924 τοῦτον
1369 1881 1616 1923 ἐνδείκνυσι

273 1954 472 2007 Τιμίδιος
505 1952 664 2007 ἐχθρὸς
697 1953 759 1993 ὢν
791 1953 849 2001 ὡς
881 1953 1084 2008 λοιδορία
1121 1952 1396 2007 χρησάμενον
1437 1950 1622 2005 ἀπρεπεῖ

269 2023 377 2065 κατὰ
409 2029 488 2064 τοῦ
523 2024 564 2063 Γ
561 2024 677 2075 αΐου,
709 2022 907 2076 μάρτυρα
948 2021 1303 2076 παραλαμβάνων
1341 2022 1617 2073 Κυιντιλίαν,

271 2101 459 2148 γυναῖκα
497 2100 584 2134 τῶν
627 2091 696 2133 ἐπὶ
735 2099 809 2146 τῆς
847 2098 1029 2146 σκηνῆς,
1069 2092 1299 2147 ἐπιφανείᾳ
1337 2097 1415 2133 τοῦ
1453 2091 1617 2146 ὡραίου

271 2164 653 2219 περισπούδαστον
685 2166 867 2212 πολλοῖς
904 2160 938 2204 τ’
986 2159 1125 2204 οὖσαν
1156 2161 1227 2208 καὶ
1269 2169 1327 2218 τῷ
1360 2162 1619 2218 Πομπηδίῳ.

271 2235 388 2289 <34>
420 2233 492 2276 καὶ
524 2240 598 2287 τῆς
624 2233 867 2287 ἀνθρώπου
896 2234 1077 2286 μψεῦδος
1102 2233 1184 2288 γὰρ
1210 2230 1284 2287 ἦν)
1314 2233 1462 2274 δεινὸν
1487 2231 1619 2286 ἡγου-

274 2305 406 2360 μένης
439 2306 683 2359 μαρτυρίαν
717 2302 783 2344 ἐπὶ
817 2304 996 2361 θανάτῳ
1030 2310 1108 2345 τοῦ
1150 2302 1334 2358 ἐραστοῦ
1365 2309 1619 2359 παρασχεῖν,

1628 838 1661 862 10

1632 1188 1665 1213 15

1634 1542 1667 1566 20

1637 1892 1670 1918 25

1639 2244 1673 2270 30
