1732 2526
601 93 1008 127 ΟΚΤΩΚΑῙΔΕΚΑΤΗ
1395 91 1415 130 1
1422 90 1479 131 45

133 207 270 256 τροπῇ
311 203 453 256 φόνον
491 199 786 255 ἐργασάμενος
822 196 931 253 ὑπὲρ
971 197 1212 251 ἐκπλήξεως
1248 205 1336 240 τῶν
1375 200 1480 252 βαρ-

133 272 298 327 βάρων,
329 273 438 326 πρὸς
463 273 758 325 Κτησιφῶντα
789 270 895 323 μετὰ
921 275 1000 310 τοῦ
1026 270 1226 322 πλήθους
1252 268 1479 324 ἀναχωρεῖ.

134 343 249 396 <5Ο>
280 341 478 391 κάκεῖνος
509 339 589 396 μὲν
621 340 875 395 ἐβασίλευεν
906 340 991 393 ἤδη
1026 339 1241 393 Πάρθων,
1273 340 1481 394 Βονώνης

135 410 173 454 δ’
204 414 266 462 είς
292 410 521 467 Ἀρμενίαν
554 412 786 452 διαπίπτει.
836 407 908 451 καὶ
939 407 1031 450 κατ’
1063 408 1196 462 ἀρχὰς
1221 406 1301 463 μὲν
1334 409 1480 464 ἐφίετο

96 489 208 537 ὁτῆς
244 484 387 539 χώρας
423 481 495 524 καὶ
531 483 639 536 πρὸς
664 480 902 535 Ῥωμαίους
940 478 1219 534 ἐπρέσβευεν·
1264 479 1392 534 <51>
1425 480 1483 530 ὡς

134 551 172 595 δ’
210 553 326 610 αὐτῷ
366 552 563 607 Τιβέριος
594 549 674 606 μὲν
706 551 858 592 ἀπεῖπε
896 552 1005 604 πρός
1041 564 1085 591 τε
1123 550 1204 604 τὴν
1236 549 1482 605 ἀνανδρίαν

132 623 205 666 καὶ
245 629 323 666 τοῦ
354 623 546 678 Πάρθου
588 622 662 672 τὰς
703 621 881 670 ἀπειλάς
919 620 1267 676 (ἀντιπρεσβεύει
1306 621 1388 676 γὰρ
1428 621 1481 676 δὴ

132 689 325 749 πόλεμον
351 692 719 749 ἀνατεινόμενος),
753 692 924 747 μηχανὴ
958 689 997 732 δ’
1027 689 1082 745 ἧν
1110 689 1232 746 ἑτέρα
1262 694 1484 746 βασιλείας

133 765 316 820 οὐδεμία
354 763 444 817 (καὶ
481 765 564 819 γὰρ
603 764 649 806 οἱ
682 761 782 817 περὶ
813 762 1021 817 Νιφάτην
1060 760 1242 804 δυνατοὶ
1273 769 1361 804 τῶν
1388 761 1484 818 Ἀρ-

82 849 115 874 ιο
133 837 297 890 μενίων
325 833 575 891 Ἀρταβάνῳ
614 833 967 889 προστίθενται),
1004 834 1310 887 παραδίδωσιν
1348 833 1483 876 αὑτὸν

134 909 314 962 Σιλανῷ
347 911 406 962 τῷ
440 911 515 959 τῆς
540 907 707 960 Συρίας
737 909 976 960 στρατηγῷ.
1032 904 1147 959 <52>
1178 903 1378 953 κάκεῖνος
1403 902 1483 958 μὲν

134 972 225 1018 κατ’
257 977 366 1018 αἰδῶ
398 982 475 1030 τῆς
508 975 555 1018 ἐν
574 974 714 1031 Ῥώμῃ
745 975 928 1029 κομιδῆς
960 973 1008 1016 ἐν
1034 976 1179 1031 Συρίᾳ
1208 975 1484 1029 παρεφυλάτ-

134 1063 251 1101 τετο,
294 1047 374 1100 τὴν
418 1044 457 1087 δ’
500 1042 730 1102 Ἀρμενίαν
770 1044 936 1101 Ὀρώδῃ
981 1044 1165 1087 δίδωσιν
1205 1042 1483 1101 Ἀρτάβανος,

135 1115 202 1159 ἑνὶ
232 1123 321 1159 τῶν
353 1115 512 1159 ἑαυτοῦ
543 1117 726 1159 παίδων.

0 1194 22 1235 γ
81 1201 114 1227 15
223 1187 339 1242 <53>
379 1187 628 1242 ἐτελεύτησε
668 1184 716 1228 δὲ
753 1185 826 1228 καὶ
865 1186 887 1228 ὁ
919 1192 994 1240 τῆς
1024 1187 1322 1240 Κομμαγηνῆς
1360 1189 1484 1241 βασι-
1511 1197 1530 1228 5

134 1260 234 1308 λεὺς
259 1256 500 1314 Ἀντίοχος,
539 1257 685 1312 διέστη
725 1255 774 1299 δὲ
811 1259 859 1299 τὸ
890 1260 1061 1311 πλῆθος
1098 1258 1207 1312 πρὸς
1238 1259 1341 1307 τοὺς
1373 1274 1485 1312 γνω-

135 1331 306 1383 ρίμους,
335 1327 408 1370 καὶ
440 1329 762 1384 πρεσβεύουσιν
790 1325 865 1382 ἀφ’
898 1325 1104 1382 ἑκατέρου
1130 1327 1305 1382 μέρους,
1338 1329 1384 1370 οὗ
1406 1326 1486 1383 μὲν

136 1397 318 1441 δυνατοὶ
355 1398 642 1453 μεταβάλλειν
680 1400 728 1440 τὸ
768 1404 910 1453 σχῆμα
948 1404 1022 1452 τῆς
1059 1400 1278 1448 πολιτείας
1315 1400 1376 1448 εἰς
1415 1398 1486 1440 ἐπ-

135 1472 293 1526 αρχίαν
335 1469 579 1525 ἀξιοῦντες,
623 1471 670 1512 τὸ
715 1473 886 1524 πλῆθος
931 1467 978 1511 δὲ
1021 1470 1336 1524 βασιλεύεσθαι
1379 1471 1486 1512 κατὰ

84 1554 117 1580 20
135 1541 188 1583 τὰ
218 1541 388 1596 πάτρια.
451 1540 579 1595 <54>
610 1539 683 1582 καὶ
713 1541 943 1594 ψηφίζεται
986 1540 1008 1593 ἡ
1047 1540 1288 1595 σύγκλητος
1319 1541 1361 1581 Γ
1358 1555 1486 1595 ερμα-

135 1613 262 1654 νικὸν
305 1610 491 1666 πέμπειν
537 1612 844 1666 διορθώσοντα
888 1611 939 1652 τὰ
982 1610 1089 1651 κατὰ
1130 1611 1210 1664 τὴν
1251 1610 1486 1666 ἀνατολήν,

135 1680 549 1738 πραγματευομένης
580 1682 697 1738 αὐτῷ
723 1687 798 1735 τῆς
822 1681 953 1735 τύχης
978 1680 1205 1735 εὐκαιρίαν
1237 1687 1315 1723 τοῦ
1346 1682 1486 1723 θανά-

137 1767 236 1796 του·
281 1751 353 1794 καὶ
385 1752 468 1807 γὰρ
500 1754 737 1806 γενόμενος
762 1752 870 1793 κατὰ
895 1752 976 1806 τὴν
1003 1751 1221 1806 ἀνατολὴν
1247 1750 1320 1794 καὶ
1345 1753 1486 1794 πάντα

138 1825 390 1879 διορθώσας
433 1822 630 1878 ἀνῃρέθη
675 1823 889 1880 φαρμάκῳ
932 1822 1018 1864 ὑπὸ
1066 1823 1288 1877 Πίσωνος,
1337 1824 1487 1872 καθὼς

84 1905 117 1932 25
137 1894 185 1937 ἐν
217 1895 367 1944 ἄλλοις
399 1894 652 1948 δεδήλωται.

226 1965 339 2020 <55>
372 1968 565 2015 Πιλᾶτος
598 1962 636 2006 δ’
673 1964 696 2006 ὁ
731 1970 806 2018 τῆς
831 1960 1048 2014 Ἰουδαίας
1073 1964 1247 2018 ἡγεμὼν
1280 1965 1486 2018 στρατιὰν
1507 1965 1532 2006 3

139 2035 186 2078 ἐκ
224 2037 490 2091 Καισαρείας
528 2035 705 2089 ἀγαγὼν
747 2034 819 2077 καὶ
858 2035 1132 2091 μεθιδρύσας
1171 2035 1486 2090 χειμαδιοῦσαν

140 2106 189 2149 ἐν
207 2105 544 2162 Ἱεροσολύμοις,
578 2103 647 2147 ἐπὶ
672 2106 906 2147 καταλύσει
931 2113 1019 2147 τῶν
1044 2107 1245 2160 νομίμων
1270 2112 1357 2147 τῶν
1377 2103 1486 2148 Ἰου-

141 2178 306 2219 δαϊκῶν
339 2176 556 2233 ἐφρόνησε
581 2177 803 2232 προτομὰς
828 2178 1065 2232 Καίσαρος,
1098 2178 1146 2218 αἳ
1167 2183 1260 2226 ταῖς
1285 2177 1488 2231 σημαίαις

86 2259 122 2285 80
139 2254 383 2303 προσῆσαν,
413 2248 697 2302 εἰσαγόμενος
721 2249 782 2297 εἰς
812 2248 893 2302 τὴν
922 2249 1068 2302 πόλιν,
1100 2248 1283 2289 εἰκόνων
1309 2248 1486 2301 ποίησιν

237 2331 326 2371 §⁷55
354 2328 399 2363 cf.
425 2327 516 2363 Bell.
544 2327 621 2362 Iud.
650 2327 683 2362 Π
710 2330 741 2371 9,
767 2331 799 2363 2.

211 2393 379 2420 Ioszrxms.
409 2394 463 2419 lv.
1231 2390 1275 2421 10
