1732 2526
647 80 1054 134 OKTQKAI-AEKATH
1445 81 1524 121 161

182 189 355 237 ζῶντος·
406 187 485 240 τὴν
532 185 579 227 δὲ
624 188 874 227 Γαλιλαίων
922 188 1178 241 τετραρχίαν
1227 184 1341 240 εἶχεν
1386 185 1527 237 οὗτος.

180 257 323 310 <137>
355 257 380 310 ἡ
414 254 461 298 δὲ
493 256 694 310 θυγάτηρ
727 256 859 309 αὐτῆς
898 257 1090 310 Σαλώμη
1133 259 1337 313 Φιλίππῳ
1379 266 1527 312 γαμεῖ-

177 343 261 380 ται,
299 325 505 382 “Ηρώδου
549 325 673 368 παιδὶ
710 327 768 382 τῷ
812 326 1022 381 τετράρχῃ
1066 333 1140 380 τῆς
1188 329 1525 382 Τραχωνίτιδος·

175 396 246 438 καὶ
285 398 470 447 ἄπαιδος
512 399 850 451 τελευτήσαντος
885 393 1220 450 Ἀριστόβουλος
1257 397 1394 451 αὐτὴν
1427 400 1525 451 ἄγε-

139 483 270 521 εται,
307 466 514 522 “Ηρώδου
557 474 657 517 παῖς
708 474 785 509 τοῦ
831 466 1045 521 Ἀγρίππα
1093 466 1301 521 ἀδελφοῦ.
1375 470 1527 518 παῖδες

178 534 219 578 δ’
257 536 460 591 ἐγένοντο
493 538 642 587 αὐτοῖς
673 545 802 593 τρεῖς,
827 537 1029 592 “Ηρώδης
1065 534 1301 592 Ἀγρίππας
1333 535 1526 592 Ἀριστό-

175 610 347 661 βουλος.
411 609 554 662 (138)
588 615 718 650 τοῦτο
757 605 837 663 μὲν
877 609 929 662 δὴ
970 610 1016 649 τὸ
1052 610 1289 662 Φασαήλου
1331 607 1403 650 καὶ
1434 612 1525 650 Σα-

174 678 392 732 λαμψιοῦς
424 677 514 720 ἐστι
546 678 688 732 γένος,
722 680 887 736 Κύπρῳ
921 676 958 720 δ’
998 677 1041 728 ἐξ
1064 676 1350 733 Ἀντιπάτρου
1384 680 1523 733 θυγά-

173 763 252 802 τηρ
296 750 491 802 γίγνεται
535 750 733 803 Κύπρος,
778 747 849 790 καὶ
895 749 1031 803 αὐτὴν
1077 745 1246 799 Ἀλεξᾶς
1292 749 1314 791 ὁ
1352 747 1523 800 Ἑλκίας

120 838 152 862 10
172 826 303 872 γαμεῖ
343 825 421 861 τοῦ
460 817 631 874 Ἀλεξᾶ,
674 818 745 861 καὶ
791 819 939 869 αὐτοῖς
982 819 1182 873 θυγάτηρ
1228 816 1282 873 ἧν
1328 821 1522 875 Κύπρος.

164 884 366 943 εΗρώδης
398 887 446 931 δὲ
478 888 549 931 καὶ
577 888 877 945 Ἀλέξανδρος,
910 890 986 939 οὓς
1026 889 1246 944 ἀδελφοὺς
1284 891 1396 944 ἔφην
1425 889 1519 932 Ἀν-

171 960 398 1014 τιπάτρου,
436 962 608 1003 ἄτεκνοι
647 964 918 1002 τελευτῶσιν.
981 961 1126 1015 <139>
1162 958 1432 1018 Ἀλεξάνδρῳ
1472 960 1520 1003 δὲ

170 1036 228 1086 τῷ
255 1028 460 1084 “Ηρώδου
492 1030 617 1072 παιδὶ
649 1038 727 1073 τοῦ
759 1030 986 1085 βασιλέως,
1024 1037 1082 1087 τῷ
1122 1030 1208 1072 ὑπὸ
1247 1037 1324 1072 τοῦ
1356 1032 1519 1086 πατρὸς

171 1099 447 1158 ἀνῃρημένῳ,
464 1098 748 1155 Ἀλέξανδρος
779 1100 852 1142 καὶ
879 1101 1096 1155 Τιγράνης
1123 1099 1384 1154 ἐγεγόνεσαν
1411 1102 1520 1151 υἱεῖς

117 1187 149 1213 15
171 1170 217 1212 ἐκ
248 1177 323 1225 τῆς
337 1169 574 1227 Ἀρχελάου
606 1178 684 1214 τοῦ
706 1172 1017 1213 Καππαδόκων
1050 1169 1278 1225 βασιλέως
1302 1174 1525 1225 θυγατρός

169 1239 241 1282 καὶ
286 1242 504 1298 Τιγράνης
543 1240 623 1297 μὲν
667 1243 916 1296 βασιλεύων
955 1240 1203 1296 Ἀρμενίας,
1246 1250 1521 1297 κατηγοριῶν

170 1312 307 1354 αὐτοῦ
351 1311 421 1354 ἐπὶ
457 1311 621 1367 Ῥώμης
660 1311 929 1367 γενομένων,
970 1312 1099 1361 ἄπαις
1136 1315 1335 1368 τελευτᾷ,
1373 1313 1519 1367 <140>

166 1380 437 1441 Ἀλεξάνδρῳ
471 1381 518 1425 δὲ
564 1383 780 1439 Τιγράνης
819 1383 1050 1437 ὁμώνυμος
1090 1381 1291 1438 τάδελφῷ
1323 1385 1519 1437 γίγνεται

170 1460 284 1506 παῖς,
316 1452 389 1495 καὶ
420 1456 626 1508 βασιλεὺς
641 1451 869 1508 Ἀρμενίας
901 1453 986 1495 ὑπὸ
1008 1451 1218 1508 Νέρωνος
1247 1453 1520 1508 ἐκπέμπεται,

117 1539 151 1565 20
170 1524 265 1572 υἱός
303 1521 343 1565 τ’
381 1522 668 1579 Ἀλέξανδρος
705 1524 821 1580 αὐτῷ
861 1525 1066 1577 γίγνεται.
1136 1531 1268 1578 γαμεῖ
1303 1523 1340 1565 δ’
1392 1522 1520 1575 οὗτος

169 1592 395 1649 Ἀντιόχου
427 1600 506 1636 τοῦ
538 1596 850 1648 Κομμαγηνῶν
882 1592 1095 1648 βασιλέως
1124 1593 1348 1649 θυγατέρα
1377 1593 1518 1636 Ἰωτά-

169 1678 272 1718 πην,
316 1666 496 1719 νησῖδός
533 1680 577 1706 τε
616 1670 690 1718 τῆς
737 1664 784 1705 ἐν
828 1666 1005 1720 Κιλικίᾳ
1044 1663 1343 1715 ’ὅεσπασιανὸς
1381 1666 1517 1708 αὐτὸν

170 1738 360 1790 καθιστᾷ
385 1733 577 1788 βασιλέα.
635 1735 780 1788 <141>
806 1732 878 1775 καὶ
903 1736 951 1776 τὸ
979 1732 1058 1788 μὲν
1074 1732 1363 1790 Ἀλεξάνδρου
1390 1735 1517 1789 γένος

170 1804 308 1854 εὐθὺς
340 1805 427 1859 ἅμα
460 1811 518 1861 τῷ
551 1812 688 1860 φῦναι
719 1806 800 1859 τὴν
831 1807 1074 1859 θεραπείαν
1107 1804 1271 1855 ἐξέλιπε
1304 1813 1391 1847 τῶν
1408 1804 1516 1848 Ἰου-

115 1891 149 1916 25
172 1875 313 1924 δαίοις
340 1873 600 1930 ἐπιχωρίων,
626 1874 974 1930 μεταταξάμενον
1006 1877 1114 1929 πρὸς
1145 1877 1196 1917 τὰ
1216 1875 1398 1930 ’Έλλησι
1435 1877 1516 1918 πά-

168 1961 281 2000 τρια,
313 1953 406 1995 ταῖς
439 1943 486 1987 δὲ
528 1950 699 1995 λοιπαῖς
736 1946 1010 2000 θυγατράσιν
1036 1944 1241 1999 “Ηρώδου
1282 1953 1360 1989 τοῦ
1392 1949 1515 2000 βασιὲ

169 2013 278 2065 λε’ως
321 2015 518 2066 ἀτέκνοις
562 2020 766 2058 τελευτᾶν
811 2015 1058 2058 συνέπεσεν.
1132 2018 1288 2071 <142>
1334 2025 1420 2059 τῶν
1466 2015 1515 2058 δὲ

167 2085 418 2140 γενομένων
443 2085 650 2141 εΗρώδου
682 2085 915 2140 ἀπογόνων
947 2086 1024 2136 οὓς
1054 2085 1256 2137 κατέλεξα
1288 2089 1512 2141 μενόντων

167 2155 215 2197 ἐν
248 2152 281 2213 ᾧ
322 2159 467 2214 χρόνῳ
502 2155 739 2212 Ἀγρίππας
776 2157 798 2199 ὁ
837 2155 968 2211 μέγας
1000 2158 1078 2211 τὴν
1117 2159 1344 2211 βασιλείαν
1382 2155 1511 2211 παρέ-

113 2240 147 2266 3ο
167 2228 295 2281 λαβε,
345 2228 514 2269 τούτων
562 2226 610 2269 τέ
650 2243 724 2282 μοι
767 2233 844 2269 τοῦ
894 2226 1050 2281 γένους
1099 2226 1510 2281 προδεδηλωμένου,

167 2295 347 2352 διέξειμι
379 2299 536 2340 λοιπὸν
569 2299 724 2341 ὁπόσαι
758 2295 797 2339 τ’
830 2293 1043 2354 Ἀγρίππα
1073 2298 1198 2352 τύχαι
1232 2297 1509 2348 συνέλθοιεν,

235 2373 405 2399 Iosnpmss.
443 2374 494 2398 lv.
1254 2370 1269 2399 1
1278 2370 1294 2399 1
