1732 2526
210 1707 230 1738 2

246 101 302 142 80
736 99 1100 134 ΑΡΧΑΙΟΛΟΓῙΑΣ

241 207 527 264 Ἀντιπάτρου
553 206 732 263 μητέρα,
760 215 907 250 κακῶν
931 215 1020 250 τῶν
1047 206 1292 262 ἐπεχόντων
1318 206 1464 248 αἰτίαν
1489 211 1596 248 πᾶσι

244 278 500 334 γενομένην.
564 279 678 333 <65>
718 276 835 320 ταῦτ’
880 279 942 327 εἰς
980 277 1206 320 ἐπίστασιν
1237 275 1444 332 “Ηρώδην
1485 271 1597 330 ἄγει,

245 350 319 393 καὶ
356 351 407 392 τὰ
444 350 585 392 πάντα
623 349 833 404 βασάνοις
869 356 958 391 τῶν
996 356 1220 402 γυναικῶν
1259 347 1486 389 ἀνάπυστα
1526 343 1597 401 ἦν,

247 422 292 464 οἴ
320 438 364 464 τε
397 429 535 476 κῶμοι
561 419 633 463 καὶ
659 421 707 462 αἰ
729 417 916 473 κρυπταὶ
946 420 1146 473 σύνοδοι,
1176 417 1249 460 καὶ
1276 419 1330 472 δὴ
1356 416 1428 460 καὶ
1453 419 1599 472 λόγων

246 494 354 548 πρὸς
398 494 537 547 μόνον
581 492 659 533 τὸν
702 491 803 533 υἱὸν
852 489 1095 545 εἰρημένων
1146 489 1326 540 ἐξοίσεις
1373 490 1482 544 πρὸς
1524 489 1600 538 τὰς

252 564 436 618 Φερώρα
480 569 690 616 γυναῖκας
723 558 809 616 (ἦν
860 559 909 602 δὲ
952 561 1178 603 ταλάντων
1221 558 1376 602 ἑκατὸν
1428 559 1600 614 δωρεὰν

198 664 201 666 -
248 634 592 689 ἐπικρύπτεσθαι
634 632 852 687 [φράζειν]
899 634 1008 685 πρὸς
1053 632 1266 687 Φερώραν
1309 636 1368 687 τῷ
1402 629 1601 672 Ἀντιπά-

247 721 334 763 τρῳ
373 703 569 753 κέλευσις
609 703 694 745 ὑπὸ
737 708 816 754 τοῦ
847 700 1050 758 πατρός),
1093 702 1208 755 <66>
1248 703 1375 756 μῖσός
1410 717 1455 743 τε
1492 702 1601 755 πρὸς

247 778 326 818 τὸν
357 774 541 830 πατέρα,
579 773 651 816 καὶ
691 771 938 828 ὀλοφυρμοὶ
975 774 1084 828 πρὸς
1120 773 1200 827 τὴν
1239 771 1403 827 μητέρα
1441 772 1499 822 ὡς
1530 769 1599 813 ἐπὶ

249 850 460 902 μήκιστον
491 851 570 887 τοῦ
601 845 763 899 πατρὸς
788 846 888 898 βίου
922 842 1177 898 ἐξηγμένου,
1209 842 1280 885 καὶ
1313 843 1429 900 αὐτῷ
1462 840 1599 897 μηδὲν

251 918 480 966 ἐλάττονος
510 922 590 972 τοῦ
621 918 765 971 γήρως
798 914 1097 969 ἐπικειμένου,
1129 915 1186 964 ὡς
1217 911 1319 969 μηδ’
1356 913 1411 956 ἂν
1444 913 1602 956 ἐλθοῦ-

250 1001 332 1030 σαν
364 989 443 1042 τὴν
476 989 703 1041 βασιλείαν
737 986 898 1040 ὁμοίως
930 986 1153 1040 εὐφρᾶναί
1179 983 1278 1027 ποτ’
1314 985 1462 1027 αὐτόν.
1523 998 1601 1025 πα-

251 1058 553 1114 ρατρέφεσθαί
580 1073 624 1099 τε
656 1058 847 1107 πολλοὺς
879 1055 949 1098 ἐπὶ
974 1062 1025 1111 τῇ
1058 1058 1260 1113 βασιλείᾳ
1284 1054 1356 1098 καὶ
1383 1055 1603 1110 ἀδελφοὺς

250 1129 322 1172 καὶ
354 1129 559 1184 ἀδελφῶν
592 1129 766 1181 παῖδας,
798 1127 1002 1182 οὐδαμῶς
1034 1127 1141 1169 ἀδεᾶ
1173 1128 1252 1181 τὴν
1286 1126 1440 1168 ἐλπίδα
1472 1134 1612 1180 παρε-’

251 1199 464 1256 χομένους
501 1199 768 1254 τάσφαλοῦς·
820 1199 934 1252 <67>
972 1197 1044 1240 καὶ
1083 1199 1165 1253 γὰρ
1208 1199 1262 1252 δὴ
1304 1196 1376 1239 καὶ
1416 1203 1522 1251 νῦν,
1564 1200 1609 1239 εἴ

250 1288 292 1313 τι
332 1272 514 1326 πάσχειν
557 1271 692 1312 αὐτὸν
733 1272 945 1325 συμβαίη,
986 1268 1164 1326 ἀδελφῷ
1208 1272 1376 1323 μᾶλλον
1414 1269 1440 1323 ἢ
1478 1266 1602 1310 παιδὶ

251 1348 309 1400 τῷ
344 1343 481 1385 αὑτοῦ
513 1342 709 1384 κελεύειν
747 1341 827 1395 τὴν
866 1340 1004 1396 ἀρχὴν
1044 1341 1264 1382 δίδοσθαι.
1329 1339 1528 1394 ὠμότητά
1560 1354 1603 1380 τε

252 1415 421 1468 πολλὴν
453 1414 685 1468 κατηγόρει
717 1419 795 1454 τοῦ
827 1410 1061 1466 βασιλέως,
1099 1409 1170 1452 καὶ
1207 1411 1283 1461 τὰς
1315 1411 1486 1465 σφαγὰς
1516 1417 1604 1452 τῶν

252 1484 402 1527 υἶέων·
453 1486 580 1541 φόβῳ
612 1499 657 1525 τε
690 1484 747 1537 μὴ
779 1481 852 1524 καὶ
883 1482 1027 1524 αὐτῶν
1061 1482 1239 1524 ἅπτοιτο
1272 1482 1378 1535 ἤδη,
1415 1482 1493 1523 τὸν
1524 1478 1605 1535 μὲν

253 1554 322 1597 ἐπὶ
360 1552 523 1609 Ῥώμης
565 1555 760 1609 ἄρασθαι
804 1552 961 1607 τέχνην
1006 1552 1256 1607 ἐπινοῆσαι,
1303 1552 1516 1607 Φερώραν
1563 1547 1602 1592 δ’

254 1625 324 1668 ἐπὶ
355 1633 430 1680 τῆς
463 1627 598 1668 αὑτοῦ
631 1627 893 1680 τετραρχίας.

346 1697 460 1751 <68>
501 1702 635 1738 ταῦτα
678 1693 727 1736 δὲ
770 1695 935 1750 συνῂδε
976 1702 1066 1744 τοϊς
1104 1697 1252 1749 λόγοις
1288 1700 1364 1749 τῆς
1401 1693 1606 1748 ἀδελφῆς,

254 1766 326 1810 καὶ
358 1769 471 1810 πολὺ
503 1774 582 1809 τοῦ
622 1767 679 1821 μὴ
713 1765 918 1808 ἀπιστίαν
956 1767 1018 1808 ε”τι
1056 1766 1384 1808 ὑποπτεύεσθαι
1417 1770 1607 1820 συνῇρεν

256 1839 417 1888 αὐταῖς.
488 1837 510 1879 ὁ
553 1835 601 1879 δὲ
648 1839 854 1891 βασιλεὺς
897 1837 1224 1892 κρατυνάμενος
1271 1834 1341 1877 ἐπὶ
1382 1838 1511 1892 κακία
1555 1841 1607 1890 τῇ

251 1908 537 1963 Ἀντιπάτρου
569 1909 650 1963 τὴν
677 1909 860 1963 Δωρίδα
888 1909 968 1963 τὴν
1001 1906 1150 1962 μητέρ’
1181 1907 1332 1960 αὐτοῦ,
1364 1907 1505 1948 πάντα
1529 1907 1609 1949 τὸν
1629 1918 1658 1943 -ῖ

255 1978 354 2033 περὶ
387 1979 524 2033 αὐτὴν
551 1981 717 2033 κόσμον
742 1979 968 2021 ταλάντων
994 1982 1171 2021 πολλῶν
1204 1979 1310 2020 ὄντα
1339 1977 1610 2032 ἀφελόμενος

253 2047 386 2092 ’ἔπειτ’
432 2050 569 2104 αὐτὴν
608 2047 923 2104 ἀποπέμπεται,
964 2047 1037 2091 καὶ
1073 2055 1167 2099 ταῖς
1209 2049 1393 2104 Φερώρα
1434 2046 1609 2102 γυναιξὶ

256 2123 410 2176 φιλίαν
443 2120 684 2162 ἐσπείσατο.
741 2120 855 2175 <69>
888 2120 1073 2175 μάλιστα
1106 2116 1145 2161 δ’
1176 2118 1418 2173 ἐξώτρυνεν
1450 2120 1512 2168 εἰς
1537 2118 1610 2174 ὀρ-

258 2192 340 2246 γὴν
382 2191 489 2233 κατὰ
530 2197 608 2232 τοῦ
648 2191 804 2240 παιδὸς
843 2193 920 2233 τὸν
959 2189 1142 2245 βασιλέα
1181 2191 1459 2245 Σαμαρείτης
1497 2189 1608 2244 ἀνὴρ

1621 856 1653 880 10

1625 1210 1656 1235 15

1626 1565 1660 1590 20

251 2262 554 2316 Ἀντίπατρος,
589 2260 886 2316 ἐπιτροπεύων
919 2263 994 2304 τὸν
1027 2262 1128 2304 υῐὸν
1161 2267 1239 2303 τοῦ
1271 2260 1485 2316 βασιλέως
1511 2258 1607 2302 Ἀν-
1627 2271 1662 2297 30

353 2346 372 2384 ξ
401 2345 444 2376 68
472 2342 516 2377 ef.
541 2341 634 2377 Bell.
661 2342 738 2378 Iud.
766 2342 782 2376 Ι
809 2346 864 2386 30,
892 2347 923 2378 4.
