1732 2526
263 56 349 97 372
820 57 1048 91 ΙΩΣΗΠΟΤ

262 165 469 213 νεύοντος
503 165 705 219 φρουρὰν
741 162 912 213 ἑκόντες
947 163 1215 218 ἐσεδέξαντο,
1250 166 1611 219 καταφρονήσαν-

262 251 332 284 τες
363 234 471 289 ἐμοῦ
502 236 598 276 τότε
631 233 740 289 μέγα
773 234 1025 289 δυναμένου
1051 234 1122 276 καὶ
1148 241 1253 276 πᾶσι
1281 232 1337 276 δι’
1371 234 1611 288 ἐκπλήξεως

263 307 401 354 ὄντος.
462 305 606 359 <348>
644 305 1017 361 πολιορκουμένης
1054 321 1098 347 τε
1136 311 1212 360 τῆς
1249 307 1450 360 μεγίστης
1487 304 1611 359 ἡμῶν

263 378 430 425 πόλεως
463 373 804 431 Ἱεροσολύμων,
847 375 919 418 καὶ
959 383 1037 418 τοῦ
1078 383 1231 418 κοινοῦ
1271 376 1448 418 πάντων
1491 376 1611 430 ἱεροῦ

262 447 602 495 κινδυνεύοντος
640 445 688 488 ἐν
720 452 772 501 τῇ
809 454 898 488 τῶν
929 449 1150 502 πολεμίων
1184 446 1358 502 ἐξουσίᾳ
1389 444 1612 499 γενέσθαι,

265 519 514 572 συμμαχίαν
547 517 627 559 οὐκ
665 519 884 571 ἔπεμψαν,
922 519 980 572 μὴ
1019 520 1283 572 βουλόμενοι
1321 518 1469 558 δοκεῖν
1506 516 1613 557 κατὰ

258 585 482 641 Ῥωμαίων
525 588 637 629 ὅπλα
678 591 843 642 λαβεῖν.
905 588 1064 643 <349>
1108 588 1133 642 ἡ
1177 586 1224 629 δὲ
1267 588 1320 641 σὴ
1360 588 1536 640 πατρίς,
1580 582 1612 626 ὦ

260 655 439 710 Ἰοῦστε,
470 657 645 711 κειμένη
679 656 749 699 ε’πὶ
781 663 831 712 τῇ
862 658 1198 712 Γεννησαρίτιδι
1232 660 1378 712 λίμνῃ,
1409 656 1482 698 καὶ
1515 656 1615 698 ἀπέ-

266 739 404 782 χουσα
423 726 582 769 Ἵππου
615 725 695 781 μὲν
733 728 888 769 στάδια
929 728 1162 782 τριάκοντα
1194 728 1408 782 Γαδάρων
1442 728 1465 769 δ
1477 726 1486 742 '
1522 726 1615 780 ἑξή-

265 813 398 839 κοντα
425 799 751 847 Σκυθοπόλεως
781 795 824 839 δ’
861 802 998 839 εἴκοσι
1029 797 1101 839 καὶ
1133 797 1286 840 ἑκατὸν
1317 805 1392 853 τῆς
1417 798 1615 852 ὑπηκόου

266 871 456 922 βασιλεῖ,
494 869 708 923 μηδεμιᾶς
747 866 795 909 δὲ
832 870 999 918 πόλεως
1027 866 1254 910 Ἰουδαίων
1284 867 1616 923 παρακειμένης,

267 940 307 980 εἰ
336 940 470 992 ἤθελε
502 938 582 992 τὴν
613 940 721 993 πρὸς
739 936 977 992 “Ρωμαίους
1002 941 1149 980 πίστιν
1174 939 1424 994 φυλάττειν,
1456 939 1617 995 ῥαδίως

269 1009 470 1051 ἐδύνατο·
516 1008 661 1064 <350>
692 1007 764 1051 καὶ
796 1010 878 1064 γὰρ
912 1011 1049 1058 πολὺς
1079 1006 1152 1063 ἦτε
1191 1011 1328 1064 δῆμος
1365 1008 1436 1051 καὶ
1470 1010 1616 1051 ὅπλων

267 1080 503 1135 εὐπορεῖτε.
566 1078 661 1121 ἀλλ’
709 1081 767 1129 ὡς
811 1082 865 1122 σὺ
911 1082 1012 1135 φής,
1055 1084 1192 1129 αἴτιος
1235 1080 1340 1135 ὑμῖν
1386 1080 1469 1134 ἐγὼ
1511 1082 1617 1122 τότε.

269 1151 374 1205 μετὰ
406 1157 540 1192 ταῦτα
573 1148 620 1191 δὲ
652 1153 730 1203 τίς,
763 1148 796 1192 ὦ
825 1148 1007 1201 Ἰοῦστε;
1045 1152 1129 1204 πρὸ
1162 1152 1244 1205 γὰρ
1277 1157 1351 1205 τῆς
1376 1149 1618 1203 Ἱεροσολύ-

269 1237 364 1275 μων
395 1222 650 1275 πολιορκίας
677 1218 799 1270 οἷδας
824 1221 909 1262 ὑπὸ
930 1219 1156 1274 Ῥωμαίοις
1181 1219 1254 1275 ἐμὲ
1280 1223 1520 1275 γενόμενον
1546 1219 1619 1262 καὶ

265 1290 501 1333 Ἰωτάπατα
532 1292 639 1332 κατὰ
677 1291 833 1346 κράτος
870 1289 1119 1345 ληφθέντα,
1157 1292 1351 1346 φρούριά
1388 1307 1431 1333 τε
1463 1291 1619 1346 πολλά,

269 1362 412 1404 πολύν
448 1377 493 1402 τε
526 1363 775 1403 Γαλιλαίων
813 1363 945 1416 ὄχλον
982 1362 1089 1403 κατὰ
1126 1363 1206 1415 τὴν
1247 1362 1388 1416 μάχην
1419 1364 1618 1404 πεσόντα.

272 1432 426 1486 <351>
470 1430 555 1473 τότ’
600 1428 681 1473 οὖν
727 1431 858 1486 ἐχρῆν
901 1431 1014 1485 ὑμᾶς
1056 1432 1217 1481 παντὸς
1261 1431 1621 1486 ἀπηλλαγμένους

270 1509 349 1544 τοῦ
382 1500 436 1543 δι’
477 1499 552 1556 ἐμὲ
589 1503 732 1557 φόβου
771 1502 901 1557 ῥῖψαί
934 1517 979 1543 τε
1016 1502 1068 1543 τὰ
1101 1502 1211 1543 ὅπλα
1243 1501 1315 1544 καὶ
1346 1509 1618 1557 παραστῆσαι
1638 1516 1653 1540 ‘2

271 1579 330 1629 τῷ
368 1588 413 1614 τε
450 1574 623 1626 βασιλεῖ
650 1571 723 1613 καὶ
747 1570 974 1626 Ῥωμαίοις
1011 1572 1077 1614 ὅτι
1119 1573 1172 1626 δὴ
1205 1573 1284 1626 οὐχ
1317 1571 1489 1622 ἑκόντες
1520 1570 1614 1614 ἀλλ’

272 1642 623 1697 ἀναγκασθέντες
660 1642 730 1684 ἐπὶ
768 1644 846 1685 τὸν
884 1646 992 1697 πρὸς
1029 1643 1189 1692 αὐτοὺς
1226 1643 1451 1699 ὡρμήσατε
1493 1645 1621 1685 πόλε-

273 1729 370 1768 μον.
433 1713 576 1767 <352>
617 1713 740 1767 ὑμεῖς
779 1711 826 1754 δὲ
864 1711 936 1754 καὶ
972 1715 1270 1768 περιεμείνατε
1298 1711 1621 1768 ’ὅεσπασιανόν,

274 1784 354 1833 ἕως
386 1784 516 1833 αὐτὸς
547 1783 814 1838 ἀφικόμενος
842 1784 947 1837 μετὰ
972 1784 1112 1838 πάσης
1137 1789 1212 1838 τῆς
1238 1784 1464 1838 δυνάμεως
1488 1796 1621 1840 προσ-

275 1854 400 1896 έλθοι
431 1862 522 1903 τοῖς
552 1856 733 1909 τείχεσι,
764 1852 836 1895 καὶ
867 1855 964 1895 τότε
997 1854 1070 1895 διὰ
1101 1856 1244 1908 φόβον
1275 1855 1327 1896 τὰ
1359 1855 1470 1896 ὅπλα
1501 1853 1621 1896 κατέ-
1641 1865 1673 1891 -3

274 1928 432 1965 θεσθε·
465 1923 536 1965 καὶ
567 1924 740 1973 πάντως
765 1923 821 1965 ἂν
851 1924 976 1978 ὑμῶν
1001 1924 1027 1977 ἡ
1053 1926 1179 1974 πόλις
1203 1925 1294 1979 ἥλω
1320 1925 1427 1966 κατὰ
1451 1925 1620 1979 κράτος,

276 1995 317 2034 εἰ
347 1995 404 2047 μὴ
436 2000 494 2050 τῷ
527 1997 702 2048 βασιλεῖ
732 1993 925 2051 δεομένω
957 1993 1029 2036 καὶ
1060 1995 1140 2048 τὴν
1172 1995 1328 2036 ἄνοιαν
1359 1994 1483 2049 ὑμῶν
1513 2009 1621 2047 παρ-

277 2062 520 2121 αιτουμένῳ
553 2066 857 2119 συνεχώρησεν
884 2060 1196 2114 ’ὅεσπασιανός
1242 2065 1322 2106 οὐκ
1354 2064 1437 2118 ἐγὼ
1466 2067 1621 2106 τοίνυν

278 2138 429 2187 αἴτιος,
461 2132 555 2175 ἀλλ’
586 2133 710 2188 ὑμεῖς
741 2135 786 2176 οἱ
814 2135 1026 2189 πολεμικὰ
1057 2137 1366 2190 φρονήσαντες.
1418 2135 1562 2189 <353>
1595 2134 1620 2189 ἢ

1636 811 1668 836 10

1639 1163 1670 1188 15

280 2205 332 2246 οὐ
364 2203 589 2258 μέμνησθε
622 2204 688 2245 ὅτι
720 2206 976 2254 τοσαυτάκις
1001 2206 1124 2259 ὑμῶν
1154 2205 1362 2261 ἐγκρατὴς
1387 2207 1622 2259 γενόμενος
1640 2216 1674 2242 30
1727 2263 1729 2269 ¹

280 2274 442 2317 οὐδένα
475 2274 727 2330 διέφθειρας
766 2276 1067 2326 στασιάζοντες
1105 2275 1147 2317 δ’
1188 2277 1310 2331 ὑμεῖς
1345 2277 1453 2331 πρὸς
1491 2275 1621 2329 ἀλλή-
