1732 2526
718 63 832 96 ΒῙοΣ
1364 62 1450 103 345

106 166 155 210 δὲ
188 166 260 210 καὶ
285 170 394 223 πρός
420 184 486 222 με,
512 171 865 223 παρακαλοῦντες
890 167 1055 223 πέμψαι
1083 170 1272 224 δύναμιν
1303 169 1451 218 αὐτοῖς

106 239 296 281 ὁπλιτῶν
341 237 413 281 καὶ
458 240 560 288 τοὺς
600 238 928 293 ἀναστήσοντας
967 239 1111 281 αὐτῶν
1149 246 1198 295 τῇ
1237 242 1360 282 πόλει
1398 241 1449 281 τὰ

104 312 233 364 τείχη.
278 310 421 363 <187>
445 309 564 363 κάγὼ
590 311 700 364 πρὸς
725 308 960 364 οὐδέτερον
992 309 1197 352 ἀντεῖπον
1231 307 1292 352 ὧν
1324 310 1449 364 ἠξίω-

106 391 198 422 σαν.
261 380 494 433 ἀφίσταται
536 378 584 421 δὲ
626 386 703 422 τοῦ
745 379 957 434 βασιλέως
999 379 1071 421 καὶ
1115 381 1140 434 ἡ
1188 383 1450 430 Γαυλανῖτις

69 451 223 505 ῡχώρα
262 449 387 505 μέχρι
425 451 570 504 κώμης
609 451 828 504 Σολύμης.
891 453 1130 506 Σελευκείᾳ
1163 449 1209 492 δὲ
1242 449 1313 492 καὶ
1352 454 1449 492 Σω-

105 521 217 575 γάνῃ
249 521 380 576 φύσει
404 522 568 575 κώμαις
594 520 888 575 ὀχυρωτάταις
914 519 1175 577 ᾠκοδόμησα
1203 524 1342 576 τείχη·
1374 521 1450 569 τάς

104 607 149 632 τε
181 592 288 633 κατὰ
319 593 399 646 τὴν
431 592 521 633 ἄνω
556 593 796 633 Γαλιλαίαν
833 592 993 645 κώμας,
1030 591 1101 633 καὶ
1139 592 1255 634 πάνυ
1287 593 1449 645 πετρώ-

105 662 196 710 δεις
228 657 377 715 οὔσας,
409 661 595 717 ἐτείχισα
631 664 962 716 παραπλησίως·
1002 662 1146 716 <188>
1181 662 1372 716 ὀνόματα
1406 657 1444 702 δ’

104 731 254 781 αὐταῖς
287 730 476 786 Ἰάμνεια
517 732 697 786 ᾸΜηρὼθ
730 729 961 787 Ἀχαβάρη.
1029 733 1241 787 ὠχύρωσα
1286 730 1333 773 δὲ
1378 731 1449 773 καὶ

52 816 84 841 10
105 802 178 851 τὰς
210 802 257 844 ἐν
288 808 338 857 τῇ
370 802 484 844 κάτω
517 804 745 858 Γαλιλαία,
776 804 924 852 πόλεις
955 800 1035 857 μὲν
1070 805 1302 858 Ταριχαίας
1327 805 1449 856 Τιβε-

105 873 236 925 ριάδα
269 871 526 927 Σέπφωριν,
558 874 705 927 κώμας
737 871 785 914 δὲ
814 869 1038 927 Ἀρβήλων
1071 874 1301 926 σπήλαιον,
1333 875 1449 927 Βηρ-

105 943 247 997 σάβην
286 942 484 996 Σελαμὶν
517 941 753 985 Ἰωτάπατα
790 944 1064 998 Καφαρεκχὼ
1106 942 1177 985 καὶ
1216 943 1338 996 Σιγὼ
1377 941 1449 983 καὶ

99 1009 222 1068 Ἰαφὰ
265 1011 337 1054 καὶ
381 1014 428 1055 τὸ
462 1011 708 1067 Ἰταβύριον
747 1014 859 1067 ὄρος.
921 1015 983 1062 εἰς
1024 1014 1180 1062 ταύτας
1217 1011 1289 1054 καὶ
1328 1020 1450 1054 σῖτον

105 1081 331 1137 ἀπεθέμην
364 1084 506 1125 πολὺν
547 1082 618 1124 καὶ
661 1083 772 1124 ὅπλα
809 1084 918 1137 πρὸς
950 1082 1196 1137 ἀσφάλειαν
1233 1084 1314 1137 τὴν
1346 1083 1450 1136 μετὰ

0 1167 4 1172 ’
52 1167 84 1192 15
104 1160 250 1195 ταῦτα.

178 1224 337 1278 Δ<189>
366 1221 546 1279 Ἰωάννῃ
579 1221 627 1265 δὲ
659 1229 718 1280 τῷ
752 1229 830 1265 τοῦ
850 1224 963 1265 Λευῒ
992 1225 1040 1265 τὸ
1067 1222 1160 1265 κατ’
1191 1224 1298 1278 ἐμοῦ
1324 1231 1450 1278 μῖσος

104 1297 271 1349 μᾶλλον
309 1294 576 1349 προσηύξετο
614 1293 782 1349 βαρέως
825 1292 1007 1349 φέροντι
1038 1295 1117 1348 τὴν
1150 1293 1259 1348 ἐμὴν
1291 1294 1450 1347 εὐπρα-

104 1367 217 1418 γίαν.
280 1364 554 1420 προθέμενος
592 1362 674 1407 οὖν
710 1365 884 1413 πάντως
928 1364 1128 1406 ἐκποδών
1173 1381 1224 1419 με
1268 1367 1448 1419 ποιήσα-

106 1440 226 1488 σθαι,
259 1441 308 1490 τῇ
341 1433 421 1489 μὲν
447 1435 584 1477 αὑτοῦ
610 1436 789 1488 πατρίδι
815 1442 906 1484 τοῖς
929 1435 1161 1489 Γισχάλοις
1186 1435 1450 1477 κατασκευά-

52 1519 86 1544 20
108 1508 164 1556 ζει
197 1508 331 1561 τείχη,
363 1506 507 1559 <190>
538 1507 614 1547 τὸν
646 1505 842 1558 ἀδελφὸν
875 1503 923 1546 δὲ
950 1508 1133 1559 Σίμωνα
1164 1504 1236 1547 καὶ
1268 1507 1344 1547 τὸν
1371 1513 1450 1548 τοῦ

104 1575 297 1618 Σισέννα
332 1574 549 1630 Ἰωνάθην
586 1574 658 1618 καὶ
697 1576 875 1625 ὁπλίτας
906 1574 1005 1628 περὶ
1047 1574 1201 1618 ἑκατὸν
1233 1578 1294 1626 εἰς
1319 1575 1450 1630 Ἱερο-

105 1649 273 1701 σόλυμα
316 1646 472 1701 πέμπει
515 1648 624 1701 πρὸς
667 1648 742 1688 τὸν
790 1652 868 1688 τοῦ
918 1648 1200 1700 Γαμαλιήλου
1251 1649 1450 1701 Σίμωνα,

104 1716 486 1771 παρακαλέσοντας
517 1717 652 1758 αὐτὸν
691 1724 837 1759 πεῖσαι
874 1718 922 1759 τὸ
961 1717 1113 1759 κοινὸν
1151 1725 1239 1759 τῶν
1263 1715 1450 1771 Ἱεροσο-

105 1791 314 1842 λυμιτῶν,
346 1788 426 1842 τὴν
458 1787 597 1843 ἀρχὴν
628 1787 928 1843 ἀφελομένους
969 1785 1042 1842 ἐμὲ
1080 1795 1167 1829 τῶν
1200 1790 1449 1830 Γαλιλαίων

52 1871 86 1896 25
105 1858 222 1915 αὐτῷ
253 1860 534 1912 ψηφίσασθαι
566 1860 645 1913 τὴν
678 1858 881 1909 ἐξουσίαν
913 1859 1095 1900 τούτων.
1159 1859 1302 1911 <191>
1346 1858 1368 1900 ὁ
1401 1856 1450 1900 δὲ

105 1931 260 1984 Σίμων
293 1926 421 1978 οὗτος
452 1926 507 1983 ἦν
538 1931 705 1978 πόλεως
736 1926 816 1983 μὲν
841 1927 1183 1983 Ἱεροσολύμωνζ
1214 1928 1370 1983 γένους
1402 1927 1450 1971 δὲ

107 2000 279 2053 σφόδρα
312 2002 528 2053 λαμπροῦ,
559 2005 634 2053 τῆς
667 1996 714 2040 δὲ
749 2001 1005 2053 Φαρισαίων
1037 1998 1256 2053 αἱρέσεως,
1283 2002 1329 2042 οἳ
1351 1998 1449 2052 περὶ

105 2069 264 2122 πάτρια
295 2071 459 2123 νόμιμα
491 2069 672 2111 δοκοῦσι
697 2076 785 2110 τῶν
811 2069 958 2110 ἄλλων
984 2068 1182 2125 ἀκριβείᾳ
1211 2068 1450 2124 διαφέρειν.

107 2140 252 2194 <192>
283 2136 339 2193 ἧν
372 2136 411 2180 δ’
449 2136 576 2188 οὗτος
609 2138 720 2194 ἀνὴρ
752 2141 919 2193 πλήρης
951 2137 1166 2189 συνέσεώς
1196 2155 1241 2181 τε
1273 2139 1345 2181 καὶ
1378 2144 1450 2181 λο-

53 2223 87 2248 30
106 2216 280 2265 γισμοῦ,
315 2210 561 2264 δυνάμενός
592 2225 636 2251 τε
660 2209 892 2264 πράγματα
917 2216 1058 2259 κακῶς
1083 2212 1259 2264 κείμενα
1285 2211 1451 2265 φρονή-

202 2294 221 2332 g
243 2293 309 2324 187
331 2288 694 2332 ef.Ben.1ud.1120‚
711 2292 741 2324 6.
793 2292 812 2331 ξ
828 2291 894 2323 189
911 2289 955 2325 ef.
971 2289 1155 2325 Be11.1u‹1.
1176 2290 1209 2323 Π
1224 2293 1278 2334 20,
1295 2294 1330 2334 62
1347 2294 1401 2335 -21,
1420 2294 1450 2327 τ.

1476 1238 1521 1269 38
