1732 2526
197 80 301 116 xxx
617 64 897 114 ADNOTATIO
924 77 1122 114 CRITICA.

203 187 258 221 ed.
286 198 352 231 pr„
379 182 631 231 ἐγγραφέντας
657 184 763 220 codd.
791 206 834 210 —
861 189 880 227 ξ
908 188 975 219 170
1002 180 1067 219 ε’ᾶν
1092 190 1164 219 τῶν
1185 184 1313 229 Huds.,
1340 184 1481 220 δόντων
1499 185 1545 231 A,

203 245 363 280 δεόντων
383 245 488 280 MW.
510 265 552 279 —.
574 248 593 287 ξ
613 247 679 278 171
707 243 985 289 καταστησάσης
1003 243 1131 288 finds„
1158 243 1412 284 καταστάσεως
1436 244 1543 279 codd.

200 303 425 349 Impeditum
451 303 574 339 locum
599 302 655 337 ita
682 303 874 338 constituit
901 302 998 337 Hw.:
1033 307 1108 343 τοῖς
1139 304 1265 350 πρεσβ.
1296 302 1367 337 κᾶν
1400 301 1434 338 εἰ
1463 301 1544 338 δέοι
1575 335 1580 339 ,

199 369 270 398 τῶν
297 364 331 398 ἀ.
352 363 387 398 ἀ.
415 360 454 398 ἐν
481 362 511 398 ὁ.
537 376 568 407 γ.
596 367 836 408 μεταστῆναι,
870 360 963 407 μέγα
995 361 1036 397 δὲ
1068 366 1143 402 τοῖς
1168 376 1199 398 ν.
1226 375 1263 397 π.
1297 375 1332 397 α.
1364 361 1542 405 καταστή-

199 434 293 457 σασα
320 421 371 462 εἰς
395 427 569 457 τοσοῦτον
597 421 746 466 ἀγαθόν
772 417 843 456 κτὲ.
876 441 920 446 -
952 424 971 462 ξ
999 424 1065 455 171
1099 417 1314 465 ἐλεύθερον·
1349 419 1542 466 αἰδέσιμον

199 493 272 526 mg.
292 482 335 516 A.
363 502 406 506 —
433 484 452 522 ξ
480 484 546 515 172
574 479 642 520 οἷς·
669 485 744 520 τοῖς
762 480 847 515 Ern.
869 500 912 504 —
934 483 952 522 ἓν
980 483 1046 513 172
1073 479 1294 514 κωλύουσαι·
1321 480 1544 515 κολούουσαι

199 540 263 576 NS.
290 561 335 566 -
361 545 380 583 ξ
408 543 474 574 172
501 540 605 584 ὀργῇ·
639 539 731 584 ὁρμῇ
758 538 874 573 Huds.
903 559 944 563 —
972 542 991 580 ξ
1019 542 1086 573 174
1119 538 1356 584 ἐπιψηφίζειν
1383 539 1429 584 Ε,
1463 536 1543 574 ε’πι-

201 598 371 645 φημίζειν
398 599 503 634 codd.
530 619 574 624 —
601 602 619 640 ξ
647 601 713 631 175
747 595 976 640 ἐπεδείξατο·
1010 595 1206 640 ἀπέδειξεν
1231 598 1273 634 Ε.
1305 619 1347 623 -
1382 603 1400 641 ξ
1428 602 1494 632 175
1521 597 1541 633 ὃ

202 658 315 699 Γάϊος
340 659 411 692 del.
437 658 499 693 Ns.
533 678 576 682 —
610 662 628 699 ξ
664 660 728 691 175
762 656 875 701 ὀργήν
908 656 962 691 ed.
996 668 1066 701 p1·.,
1103 657 1311 701 ὠργικότων
1342 658 1390 702 Α,
1426 658 1541 702 ὠργη-

199 717 317 752 κότων
343 717 447 752 MW.
481 738 524 742 -—-
557 721 575 759 §
604 720 669 750 175
697 716 850 755 ἀδίκως·
884 719 932 762 τῷ
958 713 1096 756 ἀδίκως
1120 715 1199 750 Hw.
1234 737 1275 741 —
1309 720 1328 759 ξ
1362 720 1428 751 176
1461 730 1541 761 κερ-

200 778 401 811 δαίνεσθαι
427 775 554 820 Huds.,
584 776 820 818 κερδαίνεται
845 774 951 810 codd.
979 795 1022 799 —
1048 778 1067 816 ξ
1095 778 1161 810 176
1188 773 1332 820 ἀπόχρη
1359 774 1441 811 οὐδ’
1470 776 1542 821 Df.,

128 856 135 862 ·
200 836 408 880 ἀποχρῆται
434 836 500 869 οὐκ
527 834 633 869 codd.
659 855 703 859 —
730 837 750 876 ξ
778 837 845 868 176
872 832 1135 878 διοχλουμένου
1163 834 1243 879 Bk,
1270 833 1543 880 διοχλουμένων

199 895 274 939 vlg.
301 915 344 919 —
372 898 391 936 ἓ
419 898 485 928 177
514 894 608 938 (οὐκ)
637 889 676 927 ἐν
703 893 811 939 ὀλίγῳ
837 892 957 928 Herw.
985 913 1028 917 —
1055 898 1073 935 ἕ
1101 896 1167 928 177
1200 892 1270 928 κᾶν
1301 890 1437 929 ἐκεῖνοι
1461 894 1543 939 Bk,

200 954 368 989 κάκεῖνοι
386 953 460 996 vlg.
482 974 525 978 —
547 957 565 995 ἓ
587 956 653 986 177
681 950 731 986 ὧν
755 951 954 997 πράξειαν·
982 950 1042 987 οἶα
1068 952 1250 997 πράξειαν
1269 952 1348 988 Hw.
1371 975 1412 978 —
1435 958 1453 996 ξ
1475 957 1543 988 177

135 1025 142 1033 ’
201 1014 392 1058 αἴρεσθαι·
421 1010 612 1056 αἷρεῐσθαι
632 1011 736 1046 codd.
765 1032 807 1036 ——
834 1015 853 1053 ἓ
882 1011 948 1045 178
975 1010 1375 1052 ὑποτελεῖς·,ἰσοτελεῖς
1393 1012 1472 1048 Hw.
1499 1034 1541 1038 ——

201 1076 220 1114 ξ
238 1075 302 1107 178
318 1073 427 1115 αἵπερ
447 1073 640 1106 πολιτειῶν
654 1067 945 1116 ἐχεγγυώταται·
965 1068 1059 1115 ἤπερ
1079 1073 1272 1106 πολιτειῶν
1293 1068 1543 1117 ἕχεγγυωτάτη

200 1131 279 1166 Hw.
304 1152 342 1156 ——
364 1134 384 1173 ξ
411 1133 478 1164 178
506 1129 583 1178 ἰδίᾳ
603 1129 733 1174 Huds.‚
759 1129 824 1164 διὰ
849 1129 954 1165 codd.
978 1150 1019 1155 ——-
1041 1133 1060 1172 ἓ
1090 1133 1154 1164 179
1181 1129 1297 1175 φέρον
1319 1130 1389 1175 Df.,
1416 1129 1542 1175 φέρων

202 1190 326 1234 codd,
359 1188 548 1234 φέρουσαν
574 1189 689 1224 Huds.
718 1210 761 1214 —
788 1193 807 1231 ξ
834 1192 901 1223 180
928 1187 1053 1233 ἕτερον
1078 1188 1160 1234 Nr.,
1193 1189 1371 1235 νεώτερον
1397 1190 1470 1235 vlg.
1497 1211 1542 1216 —-
1606 1198 1610 1199 ⁷

202 1253 220 1291 ξ
258 1252 323 1282 180
358 1247 382 1293 ἤ
416 1261 453 1283 τε
489 1249 617 1293 ἀργία·
658 1248 740 1283 οὔτε
776 1247 915 1293 ἄρρενα
950 1247 1053 1283 MW.
1091 1269 1133 1273 —-
1169 1252 1188 1290 ξ
1226 1252 1291 1283 181
1328 1246 1368 1284 ἐν
1402 1248 1540 1296 τρόπῳ·

199 1307 321 1355 τρόπῳ
348 1308 434 1343 Cob.
467 1329 510 1333 —
545 1311 564 1350 ἓ
597 1311 663 1342 181
698 1305 828 1342 ὁπόσοι
858 1320 896 1342 τε
929 1303 1139 1352 ἐπάθομεν·
1176 1308 1242 1342 οὐκ
1273 1303 1320 1352 ἦν
1353 1307 1449 1348 ὅπως
1474 1309 1543 1343 οὐκ

201 1368 311 1402 αὐτοί
332 1380 369 1402 τε
397 1364 590 1412 ἐπάθομεν
616 1366 694 1402 Hw.
729 1387 771 1391 —
805 1371 823 1409 ἓ
850 1370 916 1400 181
948 1371 1077 1406 κακοῖς
1107 1380 1143 1401 τε
1176 1371 1252 1407 τοῖς
1282 1365 1410 1407 πέλας·
1444 1366 1543 1402 κακά

199 1440 237 1461 τε
263 1432 335 1461 τῶν
360 1424 472 1466 πέλας
497 1426 613 1461 Huds.
640 1447 683 1451 —
711 1430 729 1469 ἓ
757 1429 822 1460 181
849 1423 1111 1471 ὑπομένοντες·
1144 1424 1378 1471 ὑπομένομεν
1402 1427 1469 1462 Bk.
1497 1448 1542 1453 —

201 1489 219 1528 ξ
253 1489 318 1519 182
352 1486 413 1520 δεῖ
433 1485 541 1520 inser.
567 1485 626 1520 Df.
659 1507 701 1511 —
735 1489 753 1527 ξ
787 1488 855 1519 184
880 1486 1157 1529 παραπλησίως·
1196 1485 1452 1530 παραπλήσιος
1477 1485 1541 1522 Ns.

197 1546 242 1569 '—
265 1549 284 1586 ξ
307 1547 372 1578 185
393 1544 574 1589 γεγονότι·
602 1544 794 1589 γεγονότος
813 1544 928 1578 Huds.
950 1565 993 1569 ——
1015 1548 1034 1586 ξ
1056 1547 1122 1578 186
1149 1544 1446 1589 καταρρήγνυται
1465 1545 1541 1590 Nr.,

200 1617 295 1638 κατα
317 1632 322 1638 .
346 1633 352 1639 .
375 1632 381 1638 .
403 1617 510 1648 γυται
535 1604 577 1648 Α,
613 1603 894 1647 καταπήγνυται
918 1603 1022 1638 MW.
1050 1624 1094 1629 -—
1121 1607 1140 1646 ἓ
1168 1606 1234 1638 187
1262 1602 1334 1638 ἔτει
1359 1603 1428 1649 γὰρ
1455 1600 1542 1639 ἕκα-

200 1667 312 1709 τοστῷ
337 1662 466 1707 Terry,
503 1661 555 1697 ἔτι
585 1662 655 1708 γὰρ
689 1661 839 1702 ἕκαστος
870 1666 918 1709 τῷ
950 1662 1056 1697 codd.
1088 1683 1130 1688 —
1165 1666 1184 1705 ξ
1218 1665 1284 1696 187
1316 1659 1541 1708 ἐπέστρεψεν

199 1722 309 1755 inser.
337 1721 453 1756 Huds.
489 1743 532 1747 —-
568 1725 586 1764 ξ
624 1725 690 1756 189
727 1718 889 1761 ἐλπίδος·
926 1719 1004 1766 μετ’
1040 1718 1188 1761 ἐλπίδος
1218 1721 1303 1757 Ern.
1341 1743 1383 1747 —
1419 1726 1438 1765 ξ
1475 1725 1541 1756 189

201 1779 329 1825 μεστός
362 1781 471 1816 inser.
507 1780 564 1816 Df.
602 1801 644 1806 —
681 1785 699 1823 ξ
736 1784 800 1814 191
841 1780 1074 1825 προύθεσαν·
1113 1780 1340 1824 περιέθεσαν
1374 1781 1459 1817 Em.
1498 1802 1540 1807 —

201 1843 220 1881 ξ
247 1842 312 1873 191
340 1843 550 1874 κοινωνεῖν·
577 1845 766 1874 κοινωνῶν
791 1839 890 1883 Ern.,
919 1843 968 1886 τῷ
993 1845 1138 1884 πρῶτον
1165 1838 1381 1887 συνθεμένῳ
1406 1839 1470 1875 Ns.
1497 1860 1542 1865 --

201 1901 220 1940 ξ
248 1901 314 1932 192
340 1896 364 1942 ἤ
389 1911 426 1932 τε
452 1897 536 1942 Bk,
568 1911 606 1932 τε
634 1899 705 1943 vlg.
739 1920 782 1923 —
815 1902 834 1941 ξ
862 1901 927 1932 192
961 1898 981 1933 ὅ
1005 1912 1040 1933 τι
1064 1900 1144 1932 καί·
1178 1897 1197 1933 ὅ
1223 1911 1258 1933 τι
1281 1911 1350 1942 περ
1377 1897 1464 1933 Cob.
1497 1919 1541 1924 —

201 1961 220 1999 ξ
248 1959 314 1990 193
342 1953 480 2003 ἐκείνῃ·
516 1954 663 2001 ἐκείνην
689 1958 753 1992 Ns.
787 1978 828 1982 ——
861 1961 880 1999 ξ
914 1960 981 1991 193
1013 1957 1091 2001 (καὶ
1121 1956 1204 2002 γὰρ)
1236 1957 1435 2002 φάρμακον
1461 1957 1540 1993 Hw.

202 2036 245 2041 —
267 2020 286 2058 ξ
307 2019 374 2050 193
401 2015 515 2062 δούσῃ
535 2016 620 2050 Ern.
641 2017 780 2051 δοῦσαν
800 2016 873 2061 vlg.
895 2037 938 2041 —
959 2020 978 2058 ς
1005 2019 1074 2050 194
1099 2015 1182 2051 ὥστ’
1206 2015 1337 2060 αὐτήν·
1365 2016 1480 2060 αὐτήν
1500 2016 1541 2052 Ε.

203 2096 245 2100 -
273 2079 292 2117 ξ
319 2078 387 2109 194
417 2073 650 2120 ποιουμένων
676 2075 730 2119 M,
765 2074 1025 2120 πεποιημένων
1050 2075 1149 2110 AW.
1182 2096 1226 2100 —
1258 2079 1277 2118 ξ
1310 2078 1376 2109 195
1408 2089 1542 2120 χαμαιή

202 2138 293 2178 πετῆ
314 2134 376 2169 Nr.
398 2133 497 2179 Cob.‚
524 2138 750 2179 χαμαιπετεῖ
763 2134 835 2179 vlg.
863 2155 906 2159 —
933 2138 952 2177 ἓ
981 2138 1046 2169 196
1072 2132 1375 2180 προστιθεμένων
1396 2134 1453 2170 ed.
1473 2146 1540 2179 pr„

202 2191 491 2238 προστιθέμενοι
517 2194 554 2227 et
578 2192 885 2238 προστιθεμένοις
911 2194 1016 2228 codd.
1043 2214 1087 2218 —
1113 2197 1132 2236 ξ
1159 2197 1226 2228 196
1259 2193 1348 2237 (καὶ)
1374 2192 1422 2238 μὴ
1448 2193 1537 2237 παρ’

203 2252 323 2287 αὐτῶν
350 2251 428 2286 Hw.
456 2273 499 2277 —
526 2256 545 2294 ἓ
572 2255 638 2286 196
664 2251 753 2297 παρ’
783 2253 919 2287 αὐτῶν·
953 2251 1125 2297 παραυτά
1151 2252 1212 2287 Nr.
1240 2273 1282 2278 —
1312 2256 1331 2295 ἓ
1359 2255 1425 2287 196
1451 2252 1543 2297 χρώ-

203 2323 331 2355 μενον·
367 2309 564 2357 χρωμένων
595 2311 679 2347 Ern.
717 2332 757 2337 —-
795 2316 814 2354 ξ
848 2315 914 2346 199
945 2311 1147 2357 προθύμως
1177 2312 1358 2357 (παρεῖχε)
1382 2310 1462 2346 HW.
1499 2330 1541 2337 -—-
