1732 2526
184 71 270 113 262
678 72 1040 106 APXAIOAOPIAE

186 179 330 233 <334>
357 177 379 219 ὃ
402 176 439 219 δ’
468 179 606 220 εἰπεῖν
628 180 738 234 ἔχων
765 177 898 222 οὐδὲν
923 186 1071 234 τυχεῖν
1093 178 1232 220 ε’δεῖτο
1259 178 1531 232 συγγνώμης.
1552 184 1557 189 ’

185 247 257 290 καὶ
290 249 312 291 ὁ
344 251 551 303 βασιλεὺς
581 253 748 291 θᾶττον
774 249 799 304 ἢ
825 248 1125 305 προσεδόκησέ
1147 265 1211 298 τις
1238 248 1530 302 διηλλάττετο,

184 320 263 373 τὴν
295 321 516 375 πραότητα
553 322 717 374 κρίνων
756 319 1099 375 βασιλικωτέραν
1138 320 1284 374 ὀργῆς,
1327 317 1399 360 καὶ
1430 318 1531 374 πρέ-

183 405 281 432 πειν
313 390 440 439 εἰδὼς
471 398 562 440 τοῖς
587 390 793 445 μεγέθεσι
819 395 970 446 θυμοῦ
996 389 1130 433 πλεόν
1158 390 1403 432 ἐπιείκειαν.
1453 391 1530 432 τὸν

183 463 368 515 Σίμωνα
400 467 511 515 γοῦν
543 460 615 503 καὶ
649 462 815 517 δωρεᾶς
852 464 971 511 τινὸς
1009 461 1195 512 ἀξιώσας
1237 459 1529 515 ἀπεπέμψατο.
1567 476 1584 502 5

134 542 154 573 5
274 532 418 586 <335>
451 536 631 582 πολλοῖς
664 530 712 574 δὲ
743 533 1067 582 κατασκευάσας
1103 532 1244 574 πολλὰ
1285 534 1531 587 Βηρυτίους

183 601 408 657 ἐξαιρέτως
447 602 630 657 ἐτίμησε.
697 602 890 658 θέατρον
933 605 1015 659 γὰρ
1054 603 1202 652 αὐτοῖς
1242 603 1529 644 κατεσκεύασε

181 675 439 730 πολυτελείᾳ
471 689 515 714 τε
548 672 619 714 καὶ
658 674 805 715 κάλλει
837 677 1013 716 πολλῶν
1047 672 1275 728 διαφέρον,
1313 672 1530 728 ἀμφιθέα-

181 746 287 799 τρόν
318 759 363 786 τε
402 747 578 786 πολλῶν
617 743 931 798 ἀναλωμάτων,
975 744 1184 798 βαλανεϊά
1216 760 1260 786 τε
1292 745 1400 799 πρὸς
1431 744 1529 786 τού-

181 830 272 863 τοις
303 813 375 855 καὶ
408 814 550 867 στοάς,
583 813 631 855 ἐν
665 813 815 857 οὐδενὶ
847 822 933 857 τῶν
965 817 1106 870 ἔργων
1139 817 1362 868 στενότητι
1394 815 1529 856 δαπα-
1550 831 1582 855 10

181 884 389 939 munium}
421 884 446 938 ἢ
480 886 527 926 τὸ
560 885 719 935 κάλλος
751 885 961 940 ἀδικήσας
993 884 1019 939 ἢ
1051 887 1100 927 τὸ
1133 884 1332 940 μέγεθος.
1387 885 1530 939 <336>

183 954 553 1006 ἐπεδαψιλεύσατο
589 954 627 997 δ’
665 956 810 998 αὐτῶν
843 957 921 1010 τὴν
954 955 1224 1009 καθιέρωσιν
1264 959 1529 1010 μεγαλοπρε-

180 1033 286 1080 πῶς,
319 1025 366 1067 ἐν
398 1032 456 1083 τῷ
489 1026 664 1083 θεάτρῳ
697 1024 777 1080 μὲν
810 1029 1000 1082 θεωρίας
1027 1026 1251 1080 ἐπιτελῶν,
1282 1024 1416 1068 πάνθ’
1449 1026 1529 1068 ὅσα
1579 1046 1582 1047 ’

181 1102 392 1151 μουσικῆς
418 1098 522 1151 ἔργα
548 1098 759 1151 παράγων
785 1096 857 1139 καὶ
882 1100 1083 1151 ποικίλης
1102 1097 1305 1151 ποιητικὰ
1325 1096 1529 1152 τέρψεως,

183 1166 230 1208 ἐν
273 1165 320 1209 δὲ
362 1173 419 1222 τῷ
461 1166 748 1225 ἀμφιθεάτρῳ
782 1169 943 1221 πλήθει
976 1168 1240 1223 μονομάχων
1278 1169 1358 1222 τὴν
1391 1167 1527 1210 αὑτοῦ
1549 1182 1580 1208 15

182 1238 356 1287 δεικνὺς
389 1239 697 1292 μεγαλόνοιαν,
730 1239 873 1293 <337>
912 1239 1023 1279 ἔνθα
1061 1236 1134 1279 καὶ
1172 1239 1251 1292 τὴν
1283 1238 1390 1279 κατὰ
1421 1241 1528 1292 πλῆ-

180 1313 263 1358 θος
313 1307 534 1358 ἀντίταξιν
584 1307 822 1363 βουληθεὶς
881 1308 1090 1362 γενέσθαι
1146 1316 1232 1350 τῶν
1287 1308 1528 1363 θεωμένων

180 1378 334 1433 τέρψιν
368 1377 653 1428 ἑπτακοσίους
683 1379 848 1434 ἄνδρας
889 1378 1159 1429 ἑπτακοσίοις
1199 1377 1530 1435 μαχησομένους

181 1451 358 1504 ἔπεμψε,
402 1450 676 1504 κακούργους
720 1449 851 1499 ὅσους
889 1447 1005 1504 εἶχεν
1044 1449 1259 1500 ἀποτάξας
1300 1451 1362 1499 εἰς
1397 1450 1529 1504 τήνδε

179 1520 258 1573 τὴν
285 1519 458 1575 πρᾶξιν,
485 1517 542 1562 ἵν’
576 1523 620 1563 οἳ
643 1517 723 1575 μὲν
749 1524 1017 1574 κολασθῶσι,
1043 1522 1091 1562 τὸ
1117 1519 1311 1575 πολέμου
1332 1519 1370 1562 δ’
1398 1522 1529 1576 ἔργον
1549 1537 1582 1562 20

179 1590 357 1645 γένηται
388 1590 537 1646 τέρψις
573 1592 759 1646 εἰρήνης.

134 1662 159 1703 8
269 1662 414 1715 <338>
445 1662 629 1711 τούτους
661 1659 741 1716 μὲν
774 1663 828 1716 δὴ
857 1662 1022 1704 σύνδυο
1057 1660 1330 1717 διέφθειρεν,
1362 1661 1410 1704 ἐν
1441 1665 1528 1717 Βη-

181 1738 296 1788 ρυτῷ
331 1731 379 1774 δὲ
419 1731 593 1781 τελέσας
632 1733 683 1774 τὰ
721 1731 1016 1787 προειρημένα
1053 1736 1272 1786 μετῆλθεν
1305 1734 1367 1782 εἰς
1404 1735 1528 1787 Τιβε-

181 1802 311 1856 ριάδα
356 1804 485 1844 πόλιν
529 1809 603 1857 τῆς
641 1804 886 1852 Γαλιλαίας.
955 1800 1010 1857 ἦν
1051 1801 1092 1844 δ’
1136 1803 1220 1859 ἄρα
1257 1811 1348 1853 τοῖς
1379 1804 1528 1852 ἄλλοις

180 1875 407 1926 βασιλεῦσι
439 1875 736 1929 περίβλεπτος.
798 1870 873 1927 ἧκε
907 1880 1017 1927 γοῦν
1048 1871 1149 1929 παρ’
1185 1873 1319 1916 αὐτὸν
1346 1875 1525 1928 Κομμα-
1545 1887 1578 1913 25

181 1949 317 1997 γηνῆς
348 1941 428 1997 μὲν
461 1945 665 1998 βασιλεὺς
690 1942 927 1999 Ἀντίοχος,
955 1942 1145 1999 Ἐμεσῶν
1172 1941 1221 1986 δὲ
1246 1942 1527 1999 Σαμψιγέρα-

182 2029 274 2067 μος,
320 2012 391 2055 καὶ
436 2016 579 2064 Κότυς
620 2013 714 2071 (τῆς
751 2021 907 2070 μικρᾶς
942 2010 1168 2070 Ἀρμενίας
1212 2012 1341 2064 οὗτος
1384 2014 1527 2069 ἐβασί-

182 2081 351 2140 λευσε),
390 2083 461 2126 καὶ
504 2083 720 2139 Πολέμων
758 2086 838 2139 τὴν
877 2087 1055 2127 Πόντου
1096 2084 1356 2140 κεκτημένος
1394 2086 1527 2127 δυνα-

182 2157 349 2208 στείαν,
381 2153 583 2210 “Ηρώδης
619 2168 680 2196 ve·
727 2152 854 2205 οὗτος
898 2155 1089 2210 ἀδελφὸς
1132 2153 1187 2210 ἧν
1228 2155 1377 2209 αὐτοῦ,
1421 2152 1526 2212 ἦρχε

182 2223 230 2267 δὲ
267 2232 342 2281 τῆς
384 2227 611 2276 Χαλκίδος.
674 2226 819 2280 <339>
857 2227 1047 2281 ὡμίλησε
1086 2224 1135 2268 δὲ
1171 2232 1277 2269 πᾶσι
1317 2227 1424 2268 κατὰ
1450 2227 1526 2277 τὰς
1544 2241 1579 2267 30

182 2297 404 2352 ὑποδοχὰς
430 2295 501 2338 καὶ
527 2298 872 2353 φιλοφρονήσεις
898 2298 955 2347 ὡς
980 2297 1165 2352 μάλιστα
1186 2297 1398 2348 διαδεΐξαι
1418 2313 1527 2354 φρο-
