1732 2526
208 84 234 125 2
699 83 1061 116 ΑΡΧΑΙΟΛΟΓΙΑΣ

212 189 275 234 ἐπ’
314 191 432 248 αὐτῷ
467 191 695 239 δυσνοίας·
753 190 837 242 <6>
878 189 925 231 ἐν
964 187 1012 231 δὲ
1049 190 1190 247 τούτῳ
1228 194 1287 246 τῷ
1320 194 1457 245 καιρῷ
1491 187 1564 230 καὶ

207 264 285 305 τὸν
329 263 391 312 είς
435 261 515 315 τὴν
554 258 743 302 Ἰταλίαν
786 263 930 302 πλοῦν
975 259 1231 314 ἐποιήσατο,
1283 261 1478 314 Καίσαρί
1518 275 1563 301 τε

209 340 442 388 συντυχεῖν
476 329 688 386 ὁρμηθεὶς
719 329 791 372 καὶ
822 331 1077 372 θεάσασθαι
1109 332 1211 380 τοὺς
1242 332 1401 380 παῖδας
1434 329 1482 372 έν
1513 332 1584 385 τῇ

201 403 341 459 Ῥώμῃ
375 404 694 458 διατρίβοντας.
755 403 929 456 Καῖσαρ
963 399 1011 443 δὲ
1042 401 1095 443 τά
1132 397 1170 443 τ’
1207 402 1317 443 ἄλλα
1349 402 1565 456 φιλοφρό-

209 490 296 523 νως
336 473 471 515 αὐτὸν
514 471 756 526 ἐξεδέξατο,
799 470 871 513 καὶ
912 474 1015 521 τοὺς
1054 472 1233 525 παῖδας,
1278 472 1336 521 ὡς
1375 473 1459 526 ἤδη
1500 487 1567 513 τε·
1604 486 1620 512 5

211 542 477 593 λειωθέντας
519 543 566 585 ἐν
610 549 702 592 τοῖς
746 544 1026 597 μαθήμασιν,
1072 541 1296 584 ἀπέδωκεν
1340 544 1464 597 ἄγειν
1506 543 1569 592 εἰς

210 616 289 670 τὴν
317 616 497 657 οἰκείαν.
554 614 641 668 <7>
669 613 727 662 ὡς
754 611 793 654 δ’
825 610 935 667 ἧκον
961 612 1045 656 ἀπὸ
1071 619 1147 667 τῆς
1166 615 1366 667 Ἰταλίας,
1396 613 1566 667 σπουδὴ

210 685 309 741 περὶ
342 686 393 727 τὰ
427 684 630 739 μειράκια
661 691 749 725 τῶν
782 685 926 739 ὄχλων
958 681 1035 738 ἦν,
1068 682 1142 725 καὶ
1172 686 1401 739 περίοπτοι
1433 690 1568 726 πᾶσιν

213 756 497 810 ἐγεγόνεσαν,
546 756 605 810 τῷ
650 770 694 796 τε
739 753 917 809 μεγέθει
961 761 1036 809 τῆς
1084 753 1184 809 περὶ
1229 754 1390 805 αὐτοὺς
1437 755 1568 809 τύχης

212 827 531 881 κοσμούμενοι,
563 824 636 867 καὶ
667 828 901 880 βασιλικοῦ
933 827 1041 867 κατὰ
1073 826 1149 874 τὰς
1180 826 1352 880 μορφὰς
1383 824 1568 880 ἀξιώμα-
1589 841 1622 866 10

213 913 286 946 τος
318 897 398 939 οὐκ
425 895 700 946 ἀποδέοντες.
757 896 842 950 <8>
877 895 1121 951 ε’πίφθονοί
1149 895 1185 937 τ’
1217 896 1355 945 εὐθὺς
1382 895 1568 939 ἐδόκουν

215 969 409 1024 Σαλώμῃ
442 983 485 1008 τε
513 973 563 1022 τῇ
596 973 674 1009 τοῦ
707 966 921 1022 βασιλέως
948 967 1114 1022 ἀδελφῇ
1141 966 1213 1009 καὶ
1244 974 1335 1016 τοῖς
1360 967 1570 1022 Μαριάμ-

216 1055 303 1093 μην
333 1045 426 1087 ταῖς
454 1039 682 1092 διαβολαῖς
707 1039 1124 1092 κατηγωνισμένοις·
1167 1035 1290 1080 οὗτοι
1316 1038 1399 1093 γὰρ
1427 1037 1569 1095 ᾤοντο

215 1110 579 1151 δυναστευόντων
617 1108 764 1150 αὐτῶν
803 1109 931 1163 δίκην
971 1109 1132 1151 δώσειν
1162 1116 1252 1150 τῶν
1284 1110 1346 1158 είς
1378 1109 1458 1163 τὴν
1490 1124 1569 1163 μη-

214 1179 316 1235 τέρα
354 1181 435 1234 τὴν
473 1178 653 1221 ἐκείνων
690 1178 1113 1235 παρανομηθέντων.
1176 1179 1274 1234 <9>
1311 1180 1391 1234 τὴν
1430 1179 1569 1234 αὐτὴν
1590 1194 1622 1220 15

216 1247 298 1293 οὖν
330 1251 492 1304 ταύτην
524 1250 744 1292 ὑπόθεσιν
775 1257 854 1292 τοῦ
887 1249 1013 1300 δέους
1046 1252 1106 1300 ειῖς
1143 1251 1224 1305 τὴν
1256 1248 1347 1292 κατ’
1387 1249 1570 1292 ἐκείνων

217 1322 431 1376 διαβολὴν
474 1319 735 1376 μετέφερον,
778 1325 1119 1375 λογοποιοῦντες
1164 1321 1216 1363 οὐ
1259 1319 1360 1363 καθ’
1408 1321 1573 1375 ἡδονὰς

219 1400 417 1434 συνεῖναι
455 1398 515 1448 τῷ
551 1391 681 1447 πατρὶ
719 1392 793 1434 διὰ
830 1393 908 1434 τὸν
939 1398 1015 1446 τῆς
1052 1394 1215 1447 μητρὸς
1246 1392 1466 1445 θάνατον,
1514 1391 1573 1441 ὡς

218 1461 318 1518 μηδ’
358 1463 483 1505 ὅσιον
527 1460 639 1505 εἶναι
679 1464 827 1505 δοκεῖν
867 1461 936 1504 ε’πὶ
974 1462 1134 1505 ταύτὸν
1174 1462 1373 1504 συνιέναι
1405 1468 1463 1519 τῷ
1497 1469 1573 1517 τῆς

219 1535 427 1588 τεκούσης
463 1541 605 1588 φονεῖ.
666 1534 780 1587 <10>
817 1539 953 1575 ταῦτα
990 1534 1073 1589 γὰρ
1117 1533 1200 1575 ἀπὸ
1243 1540 1319 1588 τῆς
1362 1533 1573 1588 ἀληθείας
1592 1549 1626 1574 20

220 1603 290 1647 ἐπὶ
322 1606 369 1646 τὸ
401 1606 597 1647 πιθανὸν
629 1610 704 1658 τῆς
736 1606 877 1654 αἰτίας
905 1603 1114 1660 φέροντες
1144 1610 1310 1647 κακοῦν
1343 1604 1572 1659 ἐδύναντο,

218 1675 291 1717 καὶ
333 1682 409 1730 τῆς
451 1675 627 1725 εὐνοίας
670 1672 721 1729 ἧς
763 1672 881 1730 εἶχεν
918 1677 980 1725 είς
1016 1677 1119 1725 τοὺς
1154 1676 1314 1725 παῖδας
1354 1674 1570 1730 ἀφαιρεῖν.

221 1744 325 1788 οὐδὲ
363 1747 446 1801 γὰρ
485 1747 593 1800 πρὸς
631 1745 766 1788 αὐτὸν
811 1747 1019 1801 ἄντικρυς
1063 1748 1237 1800 ἔλεγον,
1282 1742 1376 1788 ἀλλ’
1417 1748 1481 1796 εἰς
1523 1748 1571 1789 τὸ

222 1818 378 1859 λοιπὸν
409 1820 580 1870 πλῆθος
617 1815 874 1871 ἐσκόρπιζον
912 1819 1015 1866 τοὺς
1052 1817 1278 1866 τοιούτους
1309 1819 1491 1871 λόγους,
1529 1817 1572 1868 ἐξ

223 1884 276 1930 οὗ
307 1888 416 1942 πρὸς
440 1888 518 1928 τὸν
543 1885 753 1942 “Ηρώδην
779 1886 1123 1943 ἀναφερομένων
1152 1888 1571 1938 ὑποκατεσκευάζετο
1593 1901 1627 1927 25

223 1965 364 2012 μῖσος,
396 1957 498 1999 οὐδ’
527 1958 635 2012 αὐτῇ
662 1963 712 2013 τῇ
744 1958 876 2012 φύσει
902 1960 1047 2015 χρόνῳ
1073 1959 1331 2013 νικώμενον.
1382 1959 1498 2013 <11>
1525 1958 1573 2001 ἐν

223 2027 372 2083 μέντοι
409 2033 468 2084 τῷ
506 2030 601 2069 τότε
639 2028 780 2083 πάσης
816 2029 1008 2078 ὑποψίας
1044 2027 1116 2070 καὶ
1159 2030 1367 2083 διαβολῆς
1406 2031 1573 2083 μείζονι

223 2100 446 2154 χρώμενος
473 2098 495 2140 ὁ
522 2101 728 2153 βασιλεὺς
752 2105 803 2154 τῇ
830 2106 909 2141 τοῦ
934 2099 1242 2154 γεγεννηκέναι
1268 2102 1572 2156 φιλοστοργίᾳ,

224 2169 295 2212 καὶ
333 2174 458 2224 τιμῆς
494 2166 544 2222 ἧς
582 2170 670 2211 ἔδει
709 2171 940 2224 μετεδίδου
978 2169 1049 2212 καὶ
1087 2177 1298 2224 γυναῖκας
1338 2170 1385 2212 έν
1425 2170 1573 2227 ἡλικία

226 2242 459 2295 γεγονόσιν
500 2239 745 2294 ἐζεύγνυεν,
772 2238 1094 2298 Ἀριστοβούλῳ
1133 2238 1213 2295 μὲν
1244 2241 1324 2294 τὴν
1356 2241 1573 2296 Σαλώμης
1593 2255 1628 2280 30

321 2325 339 2363 >3
367 2324 409 2355 11
437 2322 482 2357 cf.
509 2321 602 2356 Bell.
628 2321 706 2355 Iud.
734 2322 749 2355 Ι
776 2325 831 2365 23,
861 2325 891 2357 1,
