1732 2526
61 831 94 856 10

61 1183 94 1208 15

60 1535 94 1560 20

61 1888 94 1914 25

61 2241 96 2267 30

575 75 985 109 οΚΤΩΚΑῐΔΕΚΑΤΠ
1375 75 1396 115 1
1405 75 1459 115 41

108 185 338 239 πρόσχημα
369 190 448 226 τοῦ
480 184 720 224 Γαλιλαίου
752 183 927 235 παντός,
962 184 1291 235 προσηγόρευεν
1323 182 1461 237 αὐτὴν

110 254 480 309 αὐτοκρατορίδα,
516 255 835 308 Βηθαραμφθᾶ
874 252 927 294 δέ
960 250 1106 308 (πόλις
1142 250 1198 306 ἧν
1230 252 1301 294 καὶ
1334 252 1463 310 αὕτη)

110 327 241 380 τείχει
267 325 517 379 περιβαλὼν
538 322 757 365 Ἰουλιάδα
783 323 867 365 ἀπὸ
894 329 973 365 τοῦ
993 323 1315 379 αὐτοκράτορος
1333 335 1463 378 προσ-

112 396 314 451 αγορεύει
350 401 427 449 τῆς
464 397 684 448 γυναικός.
747 394 874 449 <28>
920 396 1137 443 Φίλιππος
1174 392 1222 435 δὲ
1253 396 1465 436 Πανεάδα

113 466 194 520 τὴν
219 467 328 520 πρὸς
352 472 446 515 ταῖς
472 473 631 520 πηγαῖς
656 472 734 507 τοῦ
754 463 985 520 Ἰορδάνου
1010 464 1336 514 κατασκευάσας
1366 466 1466 508 ὀνο-

111 537 233 591 μάζει
265 536 556 591 Καισάρειαν·
598 537 750 590 κώμην
790 533 837 577 δὲ
870 536 1154 590 Βηθσαϊδάν,
1192 537 1302 589 πρὸς
1333 538 1466 591 λίμνῃ

112 605 161 649 δὲ
192 612 243 662 τῇ
272 607 625 662 Γεννησαρίτιδι,
655 609 823 656 πόλεως
848 607 1086 661 παρασχὼν
1112 606 1278 661 ἀξίωμα
1303 609 1466 661 πλήθει

110 675 147 719 τ’
191 679 434 732 οἰκητόρων
473 676 545 719 καὶ
583 684 633 732 τῇ
672 679 782 733 ἄλλῃ
827 677 1031 731 δυνάμει,
1073 674 1235 734 Ἰουλία
1274 676 1466 732 θυγατρὶ

110 754 160 804 τῇ
193 751 416 800 Καίσαρος
448 749 686 803 ὁμώνυμον
718 748 936 790 ἐκάλεσεν.

201 819 318 874 <29>
359 821 610 861 Κωπωνίου
652 816 699 860 δὲ
740 817 1078 873 τὴνἸουδαίαν
1121 818 1370 874 διέποντος,
1415 819 1466 861 ὃν

113 892 225 944 ἔφην
258 892 459 948 Κυρινίῳ
493 895 909 945 συνεκπεμφθῆναι,
940 890 1041 932 τάδε
1073 891 1317 945 πράττεται.
1378 897 1465 932 τῶν

113 960 288 1015 ἀζύμων
319 967 394 1015 τῆς
426 959 579 1016 ἑορτῆς
610 959 842 1016 ἀγομένης,
873 961 928 1014 ἣν
964 961 1108 1016 πάσχα
1140 965 1382 1016 καλοῦμεν,
1420 960 1466 1002 ἐκ

113 1030 246 1086 μέσης
277 1033 434 1081 νυκτὸς
467 1031 514 1074 ἐν
547 1033 640 1073 ε”θει
673 1039 764 1081 τοῖς
797 1032 989 1086 ἱερεῦσιν
1017 1028 1073 1085 ἧν
1098 1030 1362 1085 ἀνοιγνύναι
1387 1038 1466 1074 τοῦ

115 1091 236 1157 ἶεροῦ
267 1104 369 1152 τοὺς
399 1106 615 1152 πυλῶνας.
667 1102 781 1157 <30>
813 1101 885 1143 καὶ
917 1100 1004 1144 τότ’
1037 1098 1119 1144 οὗν
1151 1100 1243 1144 ἐπεὶ
1274 1103 1323 1144 τὸ
1350 1110 1466 1157 πρῶ-

113 1188 191 1215 τον
216 1175 382 1227 γίνεται
408 1173 434 1227 ἡ
461 1173 628 1223 ἄνοιξις
653 1173 814 1227 αὐτῶν,
839 1174 997 1228 ἄνδρες
1020 1176 1291 1228 Σαμαρεῖται
1317 1173 1466 1228 κρύφα

113 1245 175 1294 εἰς
199 1242 486 1299 Ἱεροσόλυμα
513 1243 721 1293 ἐλθόντες
748 1244 976 1298 διάρριψιν
1003 1243 1297 1298 ἀνθρωπείων
1324 1244 1466 1286 ὀστῶν

113 1314 161 1356 ἐν
199 1322 292 1365 ταῖς
331 1321 478 1364 στοαῖς
514 1321 762 1357 ποιοῦνται·
809 1315 879 1356 διὸ
916 1313 988 1356 καὶ
1026 1314 1192 1364 πάντας
1231 1321 1310 1356 τοῦ
1344 1315 1466 1369 ἱεροῦ

113 1382 282 1440 εἶρξαν,
324 1387 382 1441 μὴ
419 1387 636 1442 πρότερον
675 1384 745 1427 ἐπὶ
782 1386 1000 1435 τοιούτοις
1030 1387 1301 1440 νομίζοντες,
1341 1386 1393 1427 τά
1425 1383 1462 1427 τ’

113 1457 224 1498 ἄλλα
257 1457 330 1498 διὰ
362 1460 560 1511 φυλακῆς
591 1458 789 1511 μείζονος
819 1453 930 1510 ἦγον
961 1458 1009 1498 τὸ
1044 1456 1176 1511 ἱερόν.
1239 1457 1354 1511 <31>
1393 1455 1466 1498 καὶ

114 1527 358 1577 Κωπώνιος
389 1525 480 1581 μετ’
519 1527 572 1570 οὐ
603 1528 716 1569 πολὺ
749 1528 811 1576 εἰς
836 1525 1004 1581 Ῥώμην
1037 1526 1329 1582 ἐπαναχωρεῖ,
1372 1526 1467 1568 διά-

114 1599 243 1653 δοχος
287 1595 327 1639 δ’
364 1598 481 1654 αὐτῷ
520 1604 595 1652 τῆς
636 1597 769 1652 ἀρχῆς
809 1600 1122 1652 παραγίγνεται
1154 1600 1340 1653 Μᾶρκος
1367 1595 1466 1652 Ἀμ-

112 1670 274 1723 βιέιος,
318 1667 391 1723 ἐφ’
438 1665 491 1711 οὗ
534 1667 607 1710 καὶ
648 1669 840 1724 Σαλώμη
885 1675 964 1711 τοῦ
1007 1667 1221 1722 βασιλέως
1259 1667 1465 1724 “Ηρώδου

114 1738 283 1794 ἀδελφὴ
322 1745 566 1794 μεταστᾶσα
593 1737 755 1795 Ἰουλίᾳ
781 1737 1000 1794 Ἰάμνειάν
1031 1755 1076 1781 τε
1114 1742 1361 1781 καταλείπει
1393 1738 1464 1782 καὶ

113 1811 193 1865 τὴν
225 1813 466 1866 τοπαρχίαν
497 1816 657 1864 πᾶσαν,
688 1811 768 1864 τήν
799 1808 835 1851 τ’
874 1809 922 1852 ἐν
952 1816 1012 1867 τςό
1039 1811 1176 1868 πεδίῳ
1206 1812 1466 1865 Φασαηλίδα

113 1880 187 1922 καὶ
214 1879 489 1937 Ἀρχελαΐδα,
529 1883 641 1923 ἔνθα
678 1885 894 1936 φοινίκων
931 1883 1111 1935 πλείστη
1153 1882 1363 1936 φύτευσις
1392 1880 1465 1923 καὶ

114 1954 278 2008 καρπὸς
309 1952 455 1994 αὐτῶν
487 1953 676 2006 ἄριστος.
737 1952 851 2006 <32>
891 1950 1137 2007 διαδέχεται
1176 1950 1224 1993 δὲ
1261 1950 1334 1994 καὶ
1364 1959 1466 1995 τοῦ·

115 2038 194 2065 τον
214 2022 391 2073 ’Ἀννιος
416 2022 620 2078 Ῥοῦφος,
658 2018 727 2077 ἐφ’
764 2019 817 2065 οὗ
857 2023 910 2077 δὴ
950 2021 1021 2064 καὶ
1059 2026 1240 2079 τελευτᾷ
1278 2025 1468 2078 Καῖσαρ,

115 2094 320 2149 δεύτερος
360 2091 440 2149 μὲν
470 2092 695 2148 Ῥωμαίων
735 2093 1017 2149 αὐτοκράτωρ
1059 2096 1315 2148 γενόμενος,
1359 2092 1465 2136 ἑπτὰ

116 2162 165 2206 δὲ
196 2163 268 2207 καὶ
299 2167 569 2220 πεντήκοντα
601 2171 678 2220 τῆς
709 2164 843 2220 ἀρχῆς
874 2166 967 2220 ἔτη,
1004 2166 1112 2220 πρὸς
1149 2159 1215 2215 οἷς
1252 2170 1384 2219 μῆνες
1421 2164 1464 2216 ἓξ

115 2234 300 2291 ἡμέραιν
332 2236 461 2278 δυοῖν
497 2238 697 2286 πλείονες
736 2234 914 2292 (τούτου
953 2234 995 2277 δ’
1039 2235 1156 2292 αὐτῷ
1189 2242 1269 2279 τοῦ
1300 2238 1463 2291 χρόνου

115 2303 489 2363 τετταρεσκαι’δεκ’
537 2308 608 2362 ἔτη
643 2306 859 2363 συνῆρξεν
885 2303 1162 2363 Ἀντώνιος),
1195 2308 1359 2362 βιώσας
1391 2308 1463 2361 ἔτη
