1732 2526
252 81 308 121 12
743 80 1108 113 APXAIOAOPIAZ

249 194 341 237 ταῖς
374 193 450 242 τῆς
475 188 637 243 μητρὸς
662 186 907 242 ἁμαρτίαις,
934 185 1030 229 οὐδ’
1061 190 1238 229 οἴεσθαι
1266 187 1413 228 δίκαια
1438 190 1602 229 παθεῖν

249 258 439 312 ἐκείνην,
483 258 668 314 ἄσχετον
711 256 826 301 εἶναι
870 259 979 313 πρὸς
1021 258 1068 299 τὸ
1114 258 1171 312 μὴ
1216 259 1294 299 τὸν
1340 261 1481 299 αἴτιον
1530 258 1602 300 δο-

248 335 414 371 κοῦντα
446 331 783 384 τιμωρήσασθαι
815 328 887 371 καὶ
915 326 974 370 δι’
1008 327 1295 383 αὐτοχειρίας.
1340 328 1455 382 <71>
1481 325 1604 378 τέλος

219 396 331 442 ὀὖν
371 399 622 455 ἐνεπλήσθη
667 405 784 441 πᾶσα
822 399 848 453 ἡ
886 401 1014 448 πόλις
1056 405 1144 440 τῶν
1181 398 1397 440 τοιούτων
1442 400 1601 453 λόγων,

201 1117 221 1147 2

247 468 320 512 καὶ
351 470 552 525 καθάπερ
587 470 634 512 ἐν
667 477 758 520 τοῖς
789 469 1108 524 ἀγωνίσμασιν,
1141 470 1309 523 ἠλεεῖτο
1342 466 1422 523 μὲν
1454 469 1480 523 ἡ
1512 476 1601 511 τῶν

247 543 488 596 μειρακίων
521 540 712 595 ἀπειρία,
749 543 953 596 κατίσχυε
994 537 1035 581 δ’
1080 539 1105 593 ἡ
1151 545 1227 593 τῆς
1259 540 1478 594 Σαλώμης
1511 539 1602 581 ἐπι-

247 611 412 667 μέλεια,
444 610 516 654 καὶ
547 609 648 667 παρ’
685 612 833 653 αὐτῶν
866 611 1048 653 ἐκείνων
1079 611 1156 660 τὰς
1188 609 1391 666 ἀφορμὰς
1431 617 1511 653 τοῦ
1543 611 1601 664 μὴ

246 684 389 737 ψευδῆ
423 681 567 736 λέγειν
599 682 858 737 ἐλάμβανεν.
928 682 1044 736 <72>
1086 681 1132 723 οἱ
1168 681 1251 735 γὰρ
1290 680 1429 730 οὕτως
1467 680 1603 736 ἀχθό-

247 769 374 808 μενοι
417 759 477 810 τῷ
522 753 702 810 θανάτῳ
748 759 822 806 τῆς
865 754 1040 807 μητρός,
1088 751 1237 805 ἐπειδὴ
1282 751 1491 806 κάκείνην
1530 749 1604 793 καὶ

249 830 363 879 σφᾶς
395 825 556 873 αὐτοὺς
586 831 729 873 κακῶς
761 826 930 877 ἔλεγον,
962 822 1247 877 ἐφιλονίκουν
1276 821 1473 876 ἐλεεινὴν
1505 821 1600 877 μέν,

248 895 394 950 ὥσπερ
433 892 505 948 ἦν,
543 894 809 949 ἀποφαίνειν
847 895 928 948 τὴν
965 893 1275 949 καταστροφὴν
1312 899 1389 947 τῆς
1427 895 1603 947 μητρός,

249 965 468 1014 ἐλεεινοὺς
495 963 534 1006 δ’
572 964 748 1017 αὑτούς,
781 966 825 1006 οἳ
853 971 946 1013 τοῖς
972 963 1140 1018 ἐκείνης
1165 969 1381 1018 φονεῦσιν
1414 963 1603 1018 ἀναγκά-

250 1038 394 1086 ζονται
429 1037 563 1089 συζῆν
594 1033 667 1076 καὶ
698 1042 787 1076 τῶν
820 1035 966 1076 αὐτῶν
999 1034 1363 1089 μεταλαμβάνειν.

339 1106 455 1161 <73>
487 1112 622 1148 ταῦτα
659 1103 818 1161 προῄει
856 1107 1080 1160 μειζόνως,
1118 1107 1274 1157 καιρὸν
1308 1104 1491 1160 ἐχούσης
1528 1112 1603 1160 τῆς

249 1177 440 1226 στάσεως
472 1175 519 1218 ἐν
553 1176 776 1232 ἀποδημία
807 1182 885 1217 τοῦ
912 1173 1137 1230 βασιλέως.
1183 1175 1241 1225 ὡς
1268 1176 1294 1216 δ
1304 1174 1313 1189 ’
1349 1175 1601 1231 ἐπανῆλθεν

240 1245 444 1302 Ἠρώδης
475 1246 547 1289 καὶ
580 1253 638 1304 τῷ
677 1248 840 1301 πλήθει
879 1245 1116 1300 διελέξατο,
1154 1247 1304 1296 καθὼς
1341 1250 1602 1303 προειρήκα-

247 1334 342 1373 μεν,
374 1316 672 1373 προσέπιπτον
698 1317 836 1367 εὐθὺς
862 1317 908 1359 οἱ
936 1319 1061 1371 λόγοι
1086 1317 1203 1372 παρά
1234 1333 1279 1359 τε
1306 1324 1384 1360 τοῦ
1415 1318 1601 1373 Φερώρα

245 1388 318 1431 καὶ
349 1395 425 1444 τῆς
456 1389 690 1442 Σαλώμης,
721 1387 860 1443 μέγαν
887 1387 1004 1444 αὐτῷ
1032 1389 1110 1430 τὸν
1141 1389 1356 1430 κίνδυνον
1383 1385 1498 1430 εἶναι
1522 1390 1601 1431 τὸν

245 1460 363 1515 παρὰ
396 1467 484 1501 τῶν
521 1461 783 1513 νεανίσκων,
823 1458 1084 1514 ἀναφανδὸν
1123 1458 1505 1513 διαπειλουμένων
1543 1460 1602 1509 ὡς

246 1531 327 1572 οὐκ
372 1529 601 1581 ἀνέξονται
643 1530 701 1584 μὴ
745 1530 970 1584 τισάμενοι
1014 1536 1090 1584 τῆς
1128 1531 1290 1585 μητρὸς
1327 1531 1404 1572 τὸν
1442 1532 1599 1585 φόνον.

245 1602 360 1655 <74>
391 1604 714 1656 προσετίθεσαν
748 1597 788 1642 δ’
825 1602 886 1642 ἔτι
918 1598 991 1642 καὶ
1024 1601 1082 1650 ὡς
1107 1608 1201 1650 ταῖς
1226 1599 1327 1655 παρ’
1360 1598 1599 1656 Ἀρχελάου

244 1679 323 1714 τοῦ
366 1672 665 1721 Καππάδοκος
709 1671 881 1713 ἐλπίσιν
926 1670 1180 1726 ἐπανέχοιεν
1225 1672 1284 1721 ὡς
1322 1670 1379 1713 δι’
1426 1672 1599 1715 ἐκείνου

243 1744 352 1797 πρός
382 1758 427 1784 τε
460 1745 664 1797 Καίσαρα
702 1740 961 1797 ἀφιξόμενοι
1000 1741 1073 1783 καὶ
1111 1743 1490 1797 κατηγορήσοντες
1519 1750 1599 1785 τοῦ

243 1815 418 1869 πατρός.
453 1814 568 1867 <75>
593 1811 797 1867 “Ηρώδης
830 1811 868 1853 δ’
903 1811 1159 1866 ἐτετάρακτο
1186 1810 1267 1867 μὲν
1299 1813 1438 1863 εὐθὺς
1469 1813 1599 1855 ἀκού-

245 1896 322 1934 σας
364 1884 600 1937 τοιούτων,
646 1882 933 1937 ἐξεπέπληκτο
979 1881 1027 1925 δὲ
1072 1887 1241 1938 μᾶλλον
1286 1883 1353 1925 ὅτι
1395 1882 1468 1926 καὶ
1508 1892 1597 1927 τῶν

243 1955 391 1997 ἄλλων
423 1952 538 2004 τινὲς
577 1954 865 2008 ἀπήγγελλον.
929 1952 1172 2009 ἀνέκαμπτε
1212 1952 1260 1996 δὲ
1298 1960 1348 2009 τῇ
1391 1962 1598 2013 συμφορᾷ

242 2026 294 2068 τά
326 2041 371 2067 τε
404 2033 553 2081 πρῶτα
584 2027 990 2079 καταλογιζόμενος,
1024 2025 1082 2074 ὡς
1113 2025 1214 2067 οὔτε
1246 2032 1334 2066 τῶν
1375 2026 1597 2080 φιλτάτων

243 2097 342 2139 οὔτε
381 2102 456 2150 τῆς
495 2095 786 2150 στεργομένης
823 2095 940 2152 αὐτῷ
980 2097 1189 2149 γυναικὸς
1227 2096 1368 2137 ὤνατο
1411 2096 1484 2137 διὰ
1521 2097 1598 2146 τὰς

243 2165 532 2221 ἐγγενομένας
568 2167 758 2221 ταραχὰς
795 2167 904 2208 κατὰ
941 2167 1021 2221 τὴν
1060 2167 1219 2219 οἰκίαν,
1257 2168 1306 2208 τό
1345 2181 1388 2208 τε
1434 2165 1597 2221 μέλλον

241 2245 320 2280 τοῦ
347 2239 740 2290 προσπεπτωκότος
766 2238 849 2291 [ἤδη
877 2238 1124 2292 βαρύτερον
1144 2235 1216 2278 καὶ
1240 2239 1386 2291 μεῖζον
1413 2238 1595 2279 ἔσεσθαι

338 2323 356 2361 ξ
386 2322 427 2352 73
455 2318 502 2355 ef.
527 2317 620 2354 Bell.
646 2317 724 2353 Iud.
753 2317 768 2351 Ι
796 2321 851 2361 23,
880 2321 911 2353 1.

1620 837 1654 863 10

1623 1190 1690 1216 15-

1620 1545 1654 1570 20

1617 1898 1651 1924 25
1698 1918 1705 1925 ,ν

1615 2251 1650 2278 30
