1732 2526
613 86 1022 118 EHTAKAIAEKATH
1413 83 1493 126 107

144 190 323 247 φέροιεν
356 192 650 246 ἐπικουφίζειν
687 194 770 246 βοῇ
808 192 1046 246 χρώμενοι,
1088 194 1134 234 οἳ
1163 190 1201 234 δ’
1241 189 1295 234 αὗ
1329 193 1493 247 δεσμω-

144 270 232 304 τῶν
274 265 319 305 οἳ
356 260 432 318 ὑφ’
471 261 676 316 “Ηρώδου
719 260 921 304 ἐδέδεντο
963 263 1136 311 (πολλοὶ
1179 259 1217 304 δ”
1260 260 1372 316 ἦσαν
1412 261 1493 304 κάκ

142 337 318 375 πολλῶν
356 333 546 389 χρόνων)
588 332 824 374 ἀπόλυσιν·
876 333 1020 387 <205>
1060 331 1143 374 εἰσὶ
1185 331 1222 374 δ’
1263 336 1306 375 οἳ
1347 334 1493 388 ἄρσεις

142 411 230 445 τῶν
261 407 413 458 τελῶν,
445 403 471 445 ἃ
504 401 572 445 ἐπὶ
598 403 810 458 πράσεσιν
842 403 868 457 ἢ
896 403 1030 452 ὠναῖς
1056 403 1286 457 δημοσίαις
1313 403 1492 458 ἐπεβάλ-

109 477 242 516 5λετο
273 475 548 528 πραττόμενα
579 480 758 527 πικρῶς,
793 471 990 528 ᾐτοῦντο.
1053 472 1260 527 ἀντέλεγέ
1288 472 1324 515 τ’
1361 474 1494 515 οὐδα-

142 552 232 598 μῶς
270 542 520 599 Ἀρχέλαος,
572 542 664 585 ε’πεὶ
712 543 871 599 ἤρξατο
923 544 1092 598 ὁμίλοις
1142 545 1382 593 σπουδαῖος
1432 544 1494 586 ὢν

141 622 285 656 ποιεῖν
321 614 484 668 πάντα,
529 615 602 656 διὰ
639 615 687 656 τὸ
725 616 920 668 νομίζειν
963 613 1072 669 μέγα
1109 620 1285 669 πρᾶγμα
1323 616 1384 664 εἰς
1422 616 1493 668 τή-

141 695 271 738 ρησιν
310 690 386 739 τῆς
425 684 560 740 ἀρχῆς
601 687 868 739 γενήσεσθαι
908 685 988 739 τὴν
1029 686 1210 728 εὔνοιαν
1256 685 1373 742 αὐτῷ
1418 691 1494 739 τῆς

141 754 354 808 πληθύος.
416 754 625 797 ἐντεῦθεν
671 753 719 796 δὲ
761 756 905 804 θύσας
947 761 1006 811 τῷ
1049 759 1140 812 θεῷ
1187 753 1251 797 ἐπ’
1303 756 1492 811 εὐωχίαν

88 838 121 862 10
140 823 341 881 τρέπεται
373 826 478 879 μετὰ
511 832 598 867 τῶν
631 827 787 880 φίλων.

230 896 386 949 (206)
431 895 478 937 ἐν
522 896 661 953 τούτῳ
711 894 763 937 δέ
802 911 918 945 τινες
961 902 1049 937 τῶν
1088 894 1339 951 Ἰουδαίων,
1387 899 1536 940 συν-9

141 968 348 1016 ελθόντες
391 964 618 1020 νεωτέρων
663 965 877 1022 ἐπιθυμία
925 967 1214 1021 πραγμάτων,
1264 967 1490 1022 ὠδύροντο

140 1039 354 1079 Ματθίαν
387 1035 458 1078 καὶ
490 1038 594 1086 τοὺς
626 1038 710 1079 σὺν
743 1036 859 1093 αὐτῷ
892 1033 971 1092 ὑφ’
1000 1035 1206 1092 “Ηρώδου
1240 1037 1492 1080 ἀποθανόν-

139 1123 230 1162 τας,
263 1109 307 1150 οἳ
335 1113 597 1162 παραχρῆμα
629 1113 704 1161 τῆς
737 1107 783 1149 ἐκ
809 1113 888 1149 τοῦ
914 1111 1181 1150 πενθεῖσθαι
1209 1114 1334 1162 τιμῆς
1365 1110 1490 1165 φόβῳ

27 1225 32 1229 1
88 1190 120 1216 15
139 1183 198 1234 τῷ
237 1177 407 1220 ἐκείνου
446 1176 756 1233 ἀπεστέρηντο·
800 1175 913 1232 ἦσαν
952 1176 991 1220 δ’
1030 1178 1076 1221 οἱ
1108 1186 1196 1220 τῶν
1234 1177 1304 1220 ε’πὶ
1335 1183 1491 1221 καθαι-

140 1247 258 1302 ρέσει
290 1254 368 1290 τοῦ
399 1255 567 1304 χρυσοῦ
606 1248 735 1291 ἀετοῦ
775 1247 1139 1303 δεδικαιωμένων.
1204 1247 1274 1291 ἐπὶ
1306 1248 1415 1304 μέγα
1447 1265 1491 1291 τε

138 1325 189 1374 τῇ
221 1321 303 1374 βοῇ
337 1317 408 1360 καὶ
442 1320 608 1374 οἰμωγῇ
647 1320 885 1375 χρώμενοι,
923 1322 1001 1361 καί
1027 1335 1146 1373 τινα,
1187 1319 1245 1370 ὡς
1282 1320 1492 1375 κούφισιν

140 1388 331 1444 φέροντα
363 1397 453 1439 τοῖς
484 1394 742 1444 τεθνεῶσιν,
774 1389 1070 1445 ἀπερρίπτουν
1103 1391 1164 1440 εἰς
1189 1391 1266 1432 τὸν
1298 1390 1492 1445 βασιλέα.

140 1460 285 1514 (207)
327 1461 523 1502 συνόδου
561 1458 596 1502 τ’
635 1461 785 1510 αὐτοῖς
816 1458 1056 1515 γενομένης
1092 1459 1245 1514 ἠξίουν
1277 1464 1490 1516 τιμωρίαν

86 1542 122 1567 20
143 1530 293 1580 αὐτοῖς
318 1528 390 1573 ὑπ’
419 1529 651 1585 Ἀρχελάου
676 1530 886 1584 γενέσθαι
911 1531 1117 1573 κολάσεσι
1143 1539 1230 1573 τῶν
1256 1530 1330 1586 ὑφ’
1352 1531 1491 1585 ‘Hpcb-

142 1601 224 1642 δου
261 1599 539 1656 τιμωμένων,
579 1600 651 1643 καὶ
689 1602 866 1644 πάντων
904 1618 951 1656 γε
989 1601 1062 1644 καὶ
1099 1609 1274 1658 πρῶτον
1311 1601 1384 1644 καὶ
1426 1602 1492 1645 ἐκ-

142 1673 358 1725 δηλότατα
384 1673 460 1713 τὸν
485 1669 559 1713 ὑπ’
591 1671 727 1714 αὐτοῦ
754 1671 956 1728 ἀρχιερέα
981 1676 1234 1714 καθεστῶτα
1263 1673 1492 1715 παύσαντα

141 1743 444 1797 νομιμώτερόν
481 1740 529 1783 θ’
566 1743 653 1796 ἅμα
690 1741 763 1784 καὶ
799 1744 999 1798 καθαρὸν
1038 1743 1327 1798 ἀρχιερᾶσθαι
1359 1741 1485 1799 ἄνδρ’

141 1813 377 1867 αἱρεῖσθαι.
441 1813 598 1868 (208)
641 1813 812 1862 τούτοις
847 1809 1094 1868 Ἀρχέλαος,
1137 1815 1291 1869 καίπερ
1337 1815 1492 1864 δεινῶς

88 1894 122 1921 25
141 1882 290 1939 φέρων
322 1884 403 1938 τὴν
435 1883 577 1937 ὁρμὴν
609 1881 769 1937 αὐτῶν,
802 1881 999 1937 ἐπένευε,
1036 1884 1148 1938 ἔχων
1185 1884 1267 1937 τὴν
1299 1882 1369 1926 ἐπὶ
1394 1883 1492 1926 Ῥώ-

141 1970 223 2009 μης
255 1954 362 1997 ὁδὸν
395 1953 612 1995 ἀνύεσθαι
636 1952 928 2009 προκειμένην
961 1954 1077 2011 αὐτῷ
1108 1955 1237 2010 τάχος
1269 1953 1339 1997 ἐπὶ
1370 1970 1492 2010 περι-

142 2026 350 2079 σκοπήσει
386 2031 475 2066 τῶν
515 2022 738 2074 δοξάντων
776 2026 977 2080 Καίσαρι.
1039 2025 1194 2079 (209)
1231 2024 1404 2079 πέμψας
1443 2023 1491 2068 δὲ

140 2096 219 2136 τὸν
256 2095 500 2149 στρατηγὸν
538 2098 693 2136 πειθοῖ
725 2099 918 2150 χρῆσθαι
957 2094 1176 2149 ἐκέλευεν,
1216 2096 1273 2145 ὡς
1309 2102 1384 2150 τῆς
1422 2095 1492 2138 ἐπὶ

141 2166 357 2215 τοιούτοις
388 2167 552 2220 μωρίας
585 2164 855 2215 ἀποστάντας
893 2173 1071 2208 σκοπεῖν
1109 2166 1308 2208 θάνατόν
1340 2182 1405 2221 τε,
1445 2167 1492 2217 ὃς

89 2246 123 2272 30
141 2242 232 2285 τοῖς
271 2237 418 2290 φίλοις
459 2235 603 2277 αὐτῶν
648 2234 881 2290 συνέλθοι,
925 2236 1030 2290 μετὰ
1071 2238 1221 2291 νόμων
1263 2239 1491 2292 γεγονότα,

239 2319 258 2358 ἓ
286 2319 353 2350 209
380 2315 424 2351 cf.
452 2314 545 2350 Bell.
571 2315 649 2351 Iud.
676 2316 710 2350 H
737 2320 767 2361 1,
795 2320 826 2351 3.
