1732 2526
623 77 1032 111 OKTSQKAIAEKATH
1424 78 1509 119 155

162 185 208 226 τὸ
253 182 455 238 μέγεθος,
494 181 711 226 Ἰουδαῖον
744 185 792 225 τὸ
826 182 953 237 γένος
978 182 1235 239 Ἐλεάζαρον
1275 187 1428 240 ὄνομα,
1462 185 1510 235 ὃς

163 255 235 296 διὰ
273 256 321 297 τὸ
355 253 542 309 μέγεθος
575 256 710 309 Γίγας
741 253 1000 296 ἐπεκαλεῖτο.
1065 256 1209 309 <104>
1243 255 1311 297 ἐπὶ
1338 257 1510 306 τούτοις

155 323 381 375 ’((ίιτέλλιος
418 323 498 379 μὲν
541 322 608 366 ἐπ’
643 323 904 380 Ἀντιοχείας
941 323 1025 380 ᾔει,
1052 323 1319 380 Ἀρτάβανος
1357 325 1394 368 δ’
1438 324 1508 368 ἐπὶ

156 402 231 450 τῆς
274 398 551 450 Βαβυλῶνος.
620 394 823 450 εΗρώδης
863 393 910 437 δὲ
954 397 1224 450 βουλόμενος
1266 395 1323 438 δι’
1371 397 1507 439 αὑτοῦ

121 467 331 521 5πρώτου
374 465 582 520 γενέσθαι
626 467 785 508 πύστιν
831 468 1021 521 Καίσαρι
1064 474 1152 508 τῶν
1204 467 1382 521 ὁμήρων
1433 473 1508 521 τῆς

155 539 341 591 λήψεως,
368 536 571 592 ἐκπέμπει
603 539 1015 593 γραμματοφόρους,
1047 538 1098 579 τὰ
1139 537 1279 579 πάντα
1312 537 1508 592 ἀκριβῶς

153 607 324 661 γράψας
366 609 428 657 εἰς
479 606 713 662 ἐπιστολὴν
763 606 835 650 καὶ
876 606 1014 662 μηδὲν
1063 608 1387 662 ὑπολιπόμενος
1433 607 1502 650 ἐπὶ

155 678 340 732 μηνύσει
371 685 430 735 τῷ
468 678 678 735 ὑπατικῷ.
741 678 885 732 <1Οό>
923 680 1030 733 πρὸς
1060 675 1288 721 ’ὃιτελλιόυ
1329 677 1368 719 δ’
1413 678 1505 720 ἐπι-

151 752 440 803 πεμφθεισῶν
491 748 745 803 ἐπιστολῶν,
794 747 866 790 καὶ
911 755 989 791 τοῦ
1033 750 1257 804 Καίσαρος
1296 748 1504 803 ἐπισημή-

100 831 132 856 10
150 835 309 869 ναντος
350 821 459 874 πρὸς
502 819 636 862 αὐτὸν
676 820 733 869 ὡς
772 820 883 874 δῆλα
919 820 1034 877 αὐτῷ
1073 819 1260 876 γένοιτοζ
1286 823 1502 875 πρότερον

150 890 308 932 πύστιν
339 889 437 945 περὶ
477 890 622 932 αὐτῶν
648 889 854 946 (Ηρώδου
880 892 1230 946 προτεθεικότος,
1266 889 1503 946 ταραχθεὶς

151 960 173 1002 ὁ
203 957 426 1010 ’ὅιτέλλιος
469 961 680 1016 μεγάλως,
723 960 795 1002 καὶ
839 961 1111 1003 πεπονθέναι
1146 977 1186 1003 τι
1232 963 1440 1015 μειζόνως
1475 960 1501 1015 ἢ

153 1030 392 1087 ἐπέπρακτο
413 1031 753 1086 ὑπολαμβάνων,
780 1032 945 1086 ἄδηλον
971 1033 1050 1085 τὴν
1077 1027 1142 1073 ἐπ’
1169 1032 1318 1081 αὐτοῖς
1343 1033 1502 1086 ἔκρυπ-

152 1118 225 1144 τεν
270 1102 422 1157 ὀργήν,
466 1101 590 1157 μέχρι
630 1103 683 1156 δὴ
722 1100 793 1144 καὶ
835 1105 1024 1156 μετῆλθε
1058 1104 1196 1143 Γαΐου
1240 1103 1322 1156 τὴν
1361 1101 1501 1156 ἀρχὴν

98 1186 131 1212 15
150 1174 483 1229 παρειληφότος.

238 1244 384 1299 <106>
417 1245 512 1286 τότε
546 1241 593 1285 δὲ
625 1241 695 1285 καὶ
720 1245 938 1293 Φίλιππος
957 1242 1181 1299 ((Ηρώδου
1216 1241 1258 1285 δ’
1289 1240 1345 1297 ἦν
1371 1243 1498 1285 ἀδελ-

151 1314 253 1371 φός)
273 1318 453 1372 τελευτᾷ
477 1315 554 1356 τὸν
585 1316 701 1368 βίον,
734 1315 914 1371 εἰκοστῷ
948 1312 1028 1368 μὲν
1062 1313 1246 1371 ἐνιαυτῷ
1273 1320 1348 1368 τῆς
1375 1316 1498 1368 Τιβε-

150 1388 250 1440 ρίου
281 1385 428 1441 ἀρχῆς,
461 1385 736 1439 ἡγησάμενος
768 1383 806 1426 δ’
844 1384 975 1434 αὐτὸς
1007 1383 1112 1426 ἑπτὰ
1151 1383 1223 1426 καὶ
1264 1384 1498 1439 τριάκοντα

150 1462 226 1510 τῆς
272 1456 594 1512 Τραχωνίτιδος
635 1454 706 1497 καὶ
758 1456 1077 1505 Γαυλανίτιδος
1120 1453 1192 1496 καὶ
1237 1461 1315 1497 τοῦ
1356 1458 1497 1497 Βατα-

97 1540 131 1565 20
151 1529 288 1569 ναίων
333 1528 494 1576 ἔθνους
537 1527 646 1581 πρὸς
683 1525 846 1579 αὐτοῖς,
890 1525 1068 1581 μέτριον
1113 1524 1153 1566 δ’
1199 1525 1247 1567 ἐν
1289 1519 1354 1575 οἷς
1391 1523 1496 1581 ἦρχε

146 1598 384 1653 παρασχὼν
415 1598 493 1639 τὸν
525 1598 689 1650 τρόπον
721 1595 793 1637 καὶ
825 1596 1097 1650 ἀπράγμονα.
1145 1596 1291 1649 <107>
1324 1596 1498 1639 δίαιταν

148 1666 229 1722 μὲν
260 1668 343 1722 γὰρ
375 1668 423 1709 τὸ
455 1672 542 1708 πᾶν
576 1665 623 1707 ἐν
654 1672 704 1720 τῇ
738 1672 791 1720 γῇ
818 1671 868 1721 τῇ
896 1666 1100 1708 ὑποτελεῖ
1123 1665 1332 1708 ἐποιεῖτο·
1364 1668 1496 1721 πρόο-

148 1739 219 1781 δοι
252 1737 292 1779 δ’
332 1735 445 1792 ἦσαν
477 1736 593 1793 αὐτῷ
622 1739 705 1778 σὺν
732 1736 897 1790 ὀλίγοις
922 1744 1010 1778 τῶν
1037 1735 1287 1791 ἐπιλέκτων,
1318 1736 1391 1778 καὶ
1416 1744 1496 1780 τοῦ

147 1810 319 1864 θρόνου
352 1809 413 1857 εἰς
445 1807 496 1849 ὃν
529 1808 672 1861 ἔκρινε
704 1808 997 1860 καθεζόμενος
1030 1805 1076 1848 ἐν
1108 1815 1202 1856 ταῖς
1243 1808 1364 1857 ὁδοῖς
1397 1806 1496 1850 ἑπο-

95 1893 128 1918 25
149 1879 300 1934 μένου,
339 1878 467 1920 ὁπότε
512 1894 576 1926 τις
619 1877 888 1927 ὑπαντιάσας
925 1876 973 1918 ἐν
1004 1879 1128 1934 χρεία
1164 1876 1336 1931 γένοιτο
1377 1878 1493 1935 αὐτῷ

151 1951 407 2004 ἐπιβοηθεῖν
451 1945 584 1990 οὐδὲν
627 1949 689 1997 εἰς
733 1947 952 2002 ἀναβολὰς
1001 1946 1096 1989 ἀλλ’
1151 1947 1197 1990 ἐκ
1247 1955 1325 1990 τοῦ
1376 1947 1496 1999 ὀξέος

151 2021 363 2076 ἱδρύσεως
393 2025 472 2061 τοῦ
502 2020 674 2073 θρόνου
707 2013 734 2074 ᾗ
771 2016 843 2060 καὶ
884 2019 1007 2073 τύχοι
1039 2017 1277 2073 γενομένης
1314 2021 1495 2070 καθεζό-

149 2106 279 2146 μενος
317 2091 527 2145 ἠκροᾶτο,
565 2087 637 2130 καὶ
675 2091 884 2143 τιμωρίας
924 2087 959 2130 τ’
1007 2088 1184 2144 ἐπετίμα
1215 2096 1306 2139 τοῖς
1337 2090 1493 2132 ἁλοῦσι

148 2160 220 2203 καὶ
240 2161 360 2216 ἠφίει
385 2162 487 2210 τοὺς
513 2159 676 2209 ἀδίκως
702 2158 748 2201 ἐν
776 2158 1013 2214 ἐγκλήμασι
1039 2159 1315 2215 γενομένους.
1347 2160 1492 2214 <108>

93 2245 127 2270 30
147 2235 326 2287 τελευτᾷ
359 2228 398 2272 δ’
437 2230 485 2273 ἐν
501 2226 724 2283 Ἰουλιάδι,
755 2228 825 2271 καὶ
859 2230 995 2272 αὐτοῦ
1027 2230 1316 2285 κομισθέντος
1349 2229 1417 2272 ἐπὶ
1443 2231 1492 2272 τὸ

147 2310 383 2357 μνημεῖον,
421 2301 443 2343 ὃ
490 2303 551 2343 ἔτι
594 2302 809 2356 πρότερον
852 2300 1134 2358 ᾠκοδόμησεν
1176 2301 1321 2355 αὐτός,
1358 2299 1494 2355 ταφαὶ

1545 1327 1697 1362 Ὤσνὶψ
