1732 2526
241 75 296 116 14
731 72 1097 106 APXA‘IOAOPIAZ

238 181 374 237 μένου
418 189 512 230 ταῖς
557 182 804 235 διαβολαῖς,
848 180 1227 235 εὐμεταχειρίστου
1272 177 1311 220 δ’
1363 180 1486 229 ὄντες
1529 180 1592 229 εἰς

241 253 348 307 ὅπερ
381 251 660 305 ἐσπουδάκει,
695 251 782 307 (τὸ)
815 253 928 293 πολὺ
956 251 1259 306 χαλεπώτερον
1286 248 1354 291 ἀεὶ
1380 247 1592 304 γενέσθαι

238 330 330 372 τοῖς
362 321 735 378 διαβεβλημένοις.
798 322 913 376 <8:2>
951 318 1064 375 ἦσαν
1102 318 1184 363 οὖν
1223 320 1277 363 οὐ
1308 318 1410 375 παρ’
1453 317 1590 362 αὐτοῦ

239 396 380 449 μόνου
425 394 470 435 οἱ
510 395 657 447 λόγοι,
700 390 1034 447 φυλαττομένου
1081 389 1137 432 δι’
1185 391 1322 433 αὑτοῦ
1364 390 1489 441 δόξαι
1537 392 1590 433 τὰ

239 471 420 507 τοιαῦτα
457 464 767 518 καταμηνύειν,
810 462 920 504 ἀλλὰ
959 465 1127 517 μᾶλλον
1166 460 1319 516 ἐχρῆτο
1359 469 1591 517 συνεργοῖς

239 544 331 585 τοῖς
368 534 638 583 ἀνυπόπτοις
676 532 749 575 καὶ
788 534 860 575 διὰ
899 534 979 587 τὴν
1019 533 1199 574 εὔνοιαν
1240 533 1321 587 τὴν
1364 534 1474 588 πρὸς
1516 534 1594 575 τὸν

240 605 423 662 βασιλέα
454 602 879 658 πιστευθησομένοις
910 603 1017 645 αὐτὸ
1055 610 1212 645 ποιεῖν.
1274 603 1391 657 <St-3>
1428 604 1513 657 ἤδη
1547 600 1595 644 δὲ

240 679 418 726 πλειόυς
450 675 713 730 ἐγεγόνεσαν
747 675 793 715 οἱ
819 673 1025 716 κάκεῖνον
1057 671 1125 728 ἐφ’
1163 667 1229 723 οἷς
1260 673 1432 727 ἠλπίκει
1463 678 1593 729 θερα-

240 748 448 796 πεύοντες
478 744 551 788 καὶ
582 746 659 787 τὸν
685 742 893 799 “Ηρώδην
926 743 974 786 ἐκ
1004 750 1084 786 τοῦ
1111 745 1260 785 δοκεῖν
1285 742 1376 785 κατ’
1415 745 1594 787 εὔνοιαν

241 819 293 860 τὰ
325 823 504 859 τοιαῦτα
531 815 676 869 λέγειν
702 815 985 869 ὑπαγόμενοι.
1043 813 1115 856 καὶ
1148 814 1317 856 τούτων
1342 818 1594 870 πολυπροσ-

244 890 370 938 ώπως
401 886 473 930 καὶ
504 895 667 936 πιστῶς
704 886 911 940 ἀλλήλοις
950 884 1392 940 συναγωνιζομένων,
1424 887 1486 927 ἔτι
1523 884 1596 927 καὶ

244 962 413 1014 μᾶλλον
433 959 482 1000 αἱ
503 958 621 1013 παρὰ
647 965 735 999 τῶν
756 959 994 1012 μειρακίων
1014 955 1210 1012 ἀφορμαὶ
1229 958 1594 1011 προσεγίγνοντο·

245 1032 359 1085 <84>
391 1028 462 1072 καὶ
495 1031 578 1084 γὰρ
611 1027 683 1071 καὶ
716 1029 885 1083 δάκρυα
916 1028 1126 1077 πολλάκις
1163 1024 1220 1082 ἦν
1259 1025 1353 1069 κατ’
1389 1026 1596 1081 ἐπήρειαν

245 1098 307 1143 ὧν
351 1101 611 1156 ἠτιμάζοντο
655 1098 728 1141 καὶ
771 1106 847 1154 τῆς
890 1100 1053 1155 μητρὸς
1096 1098 1372 1153 ἀνακλήσεις,
1408 1097 1480 1140 καὶ
1518 1100 1596 1140 τὸν

244 1171 409 1227 πατέρα
453 1178 654 1227 φανερῶς
696 1171 780 1225 ἤδη
825 1171 934 1225 πρὸς
971 1172 1073 1219 τοὺς
1116 1172 1275 1224 φίλους
1319 1169 1372 1211 οὐ
1423 1169 1596 1211 δίκαιον

246 1243 440 1298 ἐλέγχειν
473 1241 750 1296 ἐπετήδευον.
801 1242 910 1297 ἅπερ
944 1241 1113 1282 ἅπαντα
1139 1241 1372 1294 κακοήθως
1396 1240 1482 1282 ὑπὸ
1508 1246 1596 1281 τῶν

245 1313 345 1370 περὶ
377 1315 454 1355 τὸν
481 1312 769 1367 Ἀντίπατρον
800 1312 1244 1367 καιροφυλακούμενα
1281 1309 1352 1352 καὶ
1391 1312 1599 1365 μειζόνως

247 1387 356 1440 πρὸς
375 1386 453 1427 τὸν
466 1383 675 1438 (Ηρώδην
702 1383 1047 1438 ἐξαγγελλόμενα
1072 1383 1342 1438 προύβαινεν
1363 1382 1417 1424 οὐ
1438 1382 1598 1437 μικρὰν

249 1455 576 1511 ἀπεργαζόμενα
608 1456 689 1509 τὴν
720 1461 796 1509 τῆς
828 1456 967 1504 οἰκίας
992 1454 1160 1495 στάσιν.
1204 1453 1318 1507 <85>
1350 1451 1599 1508 ἀχθόμενος

249 1528 332 1582 γὰρ
366 1527 388 1569 ὁ
421 1528 628 1581 βασιλεὺς
658 1533 752 1575 ταῖς
785 1527 1026 1580 διαβολαῖς,
1052 1523 1124 1566 καὶ
1150 1531 1415 1566 ταπεινῶσαι
1441 1526 1598 1578 βουλό-

249 1613 381 1653 μενος
411 1599 514 1647 τοὺς
546 1596 592 1638 ἐκ
624 1603 699 1651 τῆς
729 1596 1016 1651 Μαριάμμης,
1048 1597 1224 1650 μείζονα
1250 1593 1322 1636 ἀεί
1345 1609 1437 1643 πως
1467 1595 1599 1648 τιμὴν

246 1668 517 1725 Ἀντιπάτρῳ
555 1674 785 1723 παρεῖχεν,
823 1665 896 1708 καὶ
932 1665 1056 1716 τέλος
1093 1664 1298 1720 ἡττηθεὶς
1342 1664 1599 1719 ἐπεισήγαγε

250 1740 330 1794 τὴν
375 1738 548 1781 ἐκείνου
598 1737 778 1793 μητέρα·
835 1739 1028 1791 Καίσαρι
1073 1734 1122 1778 δὲ
1164 1736 1373 1786 πολλάκις
1415 1736 1599 1791 γράφων

250 1807 360 1864 ὑπὲρ
406 1810 543 1851 αὐτοῦ
586 1807 659 1850 καὶ
703 1809 795 1865 ἰδία
840 1810 1022 1862 συνίστη
1069 1808 1426 1862 σπουδαιότερον.
1483 1807 1599 1860 (So)

247 1878 460 1935 Ἀγρίππα
503 1896 551 1934 γε
593 1881 680 1935 μὴν
718 1879 920 1928 ἀνιόντος
957 1880 1018 1928 είς
1055 1880 1134 1933 τὴν
1167 1876 1334 1932 Ῥώμην
1371 1878 1477 1932 μετὰ
1520 1878 1600 1932 τὴν

253 1953 470 2005 διοίκησιν
520 1959 607 1993 τῶν
659 1950 728 1992 ἐπὶ
778 1957 854 2005 τῆς
891 1948 1035 1999 Ἀσίας
1084 1950 1235 2002 δεκετῆ
1288 1947 1601 2003 γεγενημένην,

251 2023 443 2071 πλεύσας
475 2021 557 2064 ἀπὸ
590 2028 666 2076 τῆς
691 2020 910 2070 Ἰουδαίας
941 2019 1015 2062 καὶ
1048 2019 1364 2075 συντυγχάνων
1390 2020 1529 2074 μόνον
1554 2035 1601 2061 τε

253 2095 331 2136 τὸν
359 2092 644 2148 Ἀντίπατρον
677 2092 917 2147 ἐπηγάγετο
949 2090 1022 2134 καὶ
1052 2090 1307 2145 παρέδωκεν
1345 2091 1408 2140 εἰς
1432 2088 1600 2144 Ῥώμην

255 2163 435 2218 ἀνάγειν
467 2164 573 2218 μετὰ
603 2167 780 2205 πολλῶν
807 2164 978 2219 δώρων,
999 2164 1189 2217 Καίσαρι
1214 2163 1346 2216 φίλον
1374 2160 1601 2216 ἐσόμενον,

256 2234 354 2277 ὥστ’
405 2236 489 2289 ἤδη
534 2235 674 2276 πάντα
720 2236 868 2276 δοκεῖν
912 2233 977 2276 ἐπ’
1026 2233 1178 2291 ἐκείνῳ
1222 2231 1294 2275 καὶ
1343 2236 1600 2287 παρεῶσθαι
1620 2244 1653 2269 30

255 2306 533 2348 παντάπασιν
566 2305 613 2347 ἐκ
643 2311 718 2359 τῆς
750 2305 883 2360 ἀρχῆς
913 2305 965 2347 τὰ
998 2304 1209 2360 μειράκια.

1616 829 1649 854 10

1615 1180 1650 1208 '15
1692 1163 1699 1197 '-

1619 1538 1652 1563 20

1620 1890 1688 1916 25·
