1732 2526
201 69 287 110 274
694 67 1057 100 ΑΡΧΑΙΟΛΟΓΙΑΣ

193 175 461 230 Ἀδιαβηνὴν
493 173 564 217 καὶ
596 175 869 230 θεασάμενος
899 175 1002 223 τούς
1032 172 1069 215 τ’
1100 173 1320 229 ἀδελφοὺς
1344 173 1418 216 καὶ
1448 177 1562 226 τοὺς·

199 248 361 296 ἄλλους
387 254 613 300 συγγενεῖς
639 244 917 300 δεδεμένους,
943 245 1225 300 ἐδυσχέραινε
1251 251 1312 301 τῷ
1332 247 1550 300 γεγονότι,

198 318 326 371 <37>
376 316 448 358 καὶ
491 317 539 358 τὸ
584 314 664 371 μὲν
708 316 882 358 ἀνελεῖν
924 316 950 370 ἢ
1004 316 1242 370 φυλάττειν
1287 315 1551 370 δεδεμένους

199 385 352 442 ἀσεβὲς
395 387 658 442 ἡγούμενος,
701 388 750 428 τὸ
796 385 844 428 δὲ
888 393 1266 441 μνησικακοῦντας
1310 389 1426 441 ἔχειν
1467 388 1550 428 σὺν

199 459 316 514 αὑτῷ
345 459 402 513 μὴ
431 457 693 512 δεδεμένους
720 459 943 511 σφαλερὸν
970 455 1082 499 εἶναι
1108 459 1314 511 νομίζων,
1339 458 1443 506 τοὺς
1470 454 1551 511 μὲν
1586 469 1604 496 5

200 529 527 583 ὁμηρεύσοντας
564 529 669 583 μετὰ
710 527 877 569 τέκνων
919 529 980 577 εἰς
1019 529 1099 582 τὴν
1130 527 1299 582 Ῥώμην
1342 527 1551 581 ἐξέπεμψε

199 601 411 656 Κλαυδίῳ
438 601 645 654 Καίσαρι,
677 600 779 647 τοὺς
811 596 859 639 δὲ
891 600 999 652 πρὸς
1027 597 1294 652 Ἀρτάβανον
1326 599 1404 640 τὸν
1432 597 1552 651 Πάρ-

199 675 288 712 θον
321 668 391 724 ἐφ’
431 670 601 723 ὁμοίαις
632 669 907 722 προφάσεσιν
939 667 1200 711 ἀπέστειλεν.
1264 670 1379 723 <38>
1409 670 1552 710 πυθό-

200 756 331 795 μενος
373 738 420 782 δὲ
461 741 542 794 τὴν
583 739 745 794 μητέρα
786 739 866 792 τὴν
905 737 1063 781 ἑαυτοῦ
1100 740 1216 781 πάνυ
1255 742 1424 794 χαίρειν
1461 744 1552 788 τοῖς

194 808 427 853 Ἰουδαίων
460 812 633 863 ε’θεσιν,
674 812 857 851 ἔσπευσε
890 808 961 850 καὶ
994 809 1124 859 αὐτὸς
1155 811 1216 859 εἰς
1249 809 1393 851 ἐκεῖνα
1425 825 1550 863 μετα-
1572 823 1605 848 ιο

201 883 431 934 τίθεσθαι,
471 883 662 934 νομίζων
700 896 744 922 τε
783 881 841 934 μὴ
880 879 935 921 ἂν
973 876 1086 921 εἶναι
1124 882 1311 934 βεβαίως
1336 879 1552 929 Ἰουδαῖος

154 964 174 994 5
202 952 242 993 εἰ
282 951 339 1005 μὴ
382 950 677 1005 περιτέμοιτο,
717 951 922 1004 πράττειν
961 948 1018 1004 ἦν
1058 950 1240 1004 ἕτοιμος.
1303 950 1431 1004 (39)
1473 965 1553 1004 μα-

199 1026 347 1063 θοῦσα
381 1020 418 1062 δ’
456 1021 482 1075 ἡ
521 1023 660 1075 μήτηρ
692 1022 881 1062 κωλύειν
920 1020 1140 1076 ἐπειρᾶτο,
1179 1020 1402 1075 ἐπιφέρειν
1434 1021 1551 1078 αὐτῷ

200 1092 416 1133 κίνδυνον
449 1090 653 1145 λέγουσα·
696 1090 879 1145 βασιλέα
906 1092 988 1146 γὰρ
1016 1089 1144 1144 εἶναι,
1169 1091 1240 1133 καὶ
1267 1093 1553 1146 καταστήσειν

201 1163 263 1211 εἰς
305 1163 475 1214 πολλὴν
517 1161 780 1216 δυσμένειαν
820 1164 923 1211 τοὺς
963 1162 1186 1215 ὑπηκόους
1223 1164 1448 1216 μαθόντας
1485 1161 1550 1203 ὅτι
1573 1175 1604 1201 15

203 1231 339 1282 ξένων
381 1232 666 1286 ἐπιθυμήσειε
708 1231 780 1273 καὶ
819 1231 1063 1284 ἀλλοτρίων
1102 1231 1250 1281 αὐτοῖς
1289 1232 1428 1282 ἐθῶν,
1471 1232 1553 1274 οὐκ

201 1303 440 1353 ἀνέξεσθαί
466 1318 510 1343 τε
544 1303 856 1356 βασιλεύοντος
881 1302 1026 1343 αὐτῶν
1052 1301 1281 1344 Ἰουδαίου.
1332 1303 1448 1357 <40>
1480 1301 1552 1344 καὶ

201 1374 227 1427 ἢ
260 1372 340 1428 μὲν
373 1371 491 1414 ταῦτ’
524 1375 642 1426 ἔλεγε
674 1372 745 1414 καὶ
777 1375 996 1422 παντοίως
1028 1372 1234 1426 ἐκώλυεν,
1267 1373 1289 1414 ὃ
1316 1372 1355 1415 δ’
1389 1374 1450 1422 εἰς
1474 1374 1552 1415 τὸν

197 1440 407 1486 Ἀνανίαν
438 1445 540 1492 τοὺς
572 1446 731 1496 λόγους
757 1442 982 1497 ἀνέφερεν.
1031 1450 1110 1485 τοῦ
1138 1443 1185 1485 δὲ
1211 1450 1261 1498 τῇ
1288 1442 1417 1498 μητρὶ
1445 1454 1552 1497 συμ-

202 1515 448 1569 φάσκοντος
479 1512 551 1554 καὶ
590 1515 992 1566 συναπειλήσαντος
1024 1514 1081 1562 ὡς
1118 1515 1158 1555 εἰ
1187 1515 1244 1568 μὴ
1276 1517 1446 1566 πείθοι,
1478 1529 1552 1555 κα-
1572 1526 1606 1551 20

202 1586 398 1626 ταλιπὼν
431 1586 620 1626 ἄπεισιν·
667 1585 780 1637 <41>
817 1583 1083 1639 (δεδοικέναι
1115 1585 1197 1638 γὰρ
1232 1587 1350 1637 ε”λεγε
1383 1585 1441 1639 μὴ
1473 1590 1552 1626 τοῦ

202 1656 452 1710 πράγματος
493 1655 680 1707 ἐκδήλου
721 1661 826 1695 πᾶσι
868 1654 1109 1708 γενομένου
1149 1656 1451 1696 κινδυνεύσειε
1491 1670 1553 1696 τι-

204 1729 372 1780 μωρίαν
404 1726 614 1779 ὑποσχεῖν
647 1725 704 1773 ὡς
736 1726 866 1773 αὐτὸς
892 1730 1029 1774 αἰτιος
1052 1727 1223 1767 τούτων
1249 1724 1320 1766 καὶ
1347 1725 1553 1766 διδάσκα-

204 1800 279 1845 λος
317 1803 374 1851 τῷ
405 1798 575 1849 βασιλεῖ
614 1794 818 1848 ἀπρεπῶν
852 1797 993 1848 ἔργων
1032 1799 1283 1849 γενόμενος·
1329 1796 1553 1837 δύνασθαι

206 1863 245 1907 δ’
276 1866 411 1907 αὐτὸν
438 1869 519 1919 ε’φη
546 1864 616 1906 καὶ
643 1864 774 1920 χωρὶς
800 1872 874 1918 τῆς
898 1873 1133 1919 περιτομῆς
1165 1868 1212 1908 τὸ
1238 1871 1367 1907 θεῖον
1392 1865 1552 1919 σέβειν,
1571 1877 1606 1902 25

206 1941 249 1977 εἴ
276 1952 322 1989 γε
354 1936 527 1984 πάντως
553 1935 723 1989 κέκρικε
752 1938 910 1989 ζηλοῦν
936 1937 987 1976 τὰ
1013 1936 1172 1988 πάτρια
1198 1944 1285 1977 τῶν
1310 1935 1552 1978 Ἰουδαίων

205 2013 333 2049 τοῦτο
367 2007 449 2060 γὰρ
481 2004 594 2047 εἶναι
626 2008 893 2058 κυριώτερον
923 2013 1001 2048 τοῦ
1032 2005 1405 2061 περιτέμνεσθαι),
1438 2007 1553 2060 <42>

207 2078 472 2130 συγγνώμην
506 2074 544 2116 δ’
582 2076 694 2125 ἕξειν
727 2077 842 2132 αὐτῷ
874 2076 945 2117 καὶ
984 2078 1074 2126 τὸν,
1098 2078 1208 2118 θεὸν
1240 2080 1462 2131 φήσαντος
1493 2077 1551 2131 μὴ

206 2147 418 2201 πράξαντι
456 2143 644 2199 τοῦργον
678 2146 734 2187 δι’
772 2147 967 2201 ἀνάγκην
1006 2145 1077 2188 καὶ
1125 2150 1202 2189 τὸν
1234 2147 1282 2188 ἐκ
1324 2155 1410 2188 τῶν
1442 2147 1553 2200 ὑπη-

206 2219 323 2259 κόων
361 2219 525 2270 φόβον,
567 2217 748 2270 ἐπείσθη
788 2215 998 2270 μὲντότε
1036 2219 1196 2259 τούτου
1228 2225 1318 2266 τοῖς
1349 2219 1496 2269 λόγοις
1527 2216 1550 2258 ὁ
1571 2229 1605 2253 30

206 2289 432 2342 βασιλεύς,
476 2287 590 2340 <43>
636 2288 740 2341 μετὰ
781 2293 915 2328 ταῦτα
957 2287 1009 2328 δέ
1048 2288 1145 2341 (τὴν
1186 2289 1268 2341 γὰρ
1310 2287 1551 2341 ἐπιθυμίαν
