1732 2526
63 858 96 883 10

62 1210 96 1236 15

63 1563 97 1589 20

64 1915 97 1941 25

64 2269 99 2295 30

618 104 961 137 ΕΚΚΑΙΔΕΚΑΤΗ
1406 103 1459 143 21

115 207 149 267 ᾧ
188 213 236 254 τὸ
277 208 487 267 προπετὲς
528 209 722 265 ἑκάτεροι
763 216 838 264 τῆς
882 210 1071 260 ὑποψίας
1114 209 1464 265 ἀπολογούμενοι

116 283 287 337 σπουδῇ
331 284 502 324 πλείονι
539 280 638 337 περὶ
677 281 895 335 ἀλλήλους
933 280 1170 330 ἀξιώσουσι
1211 286 1462 336 κεχρῆσθαι.

115 353 261 407 <126>
292 358 471 394 τοιαῦτα
503 356 732 394 νουθετῶν
765 352 915 392 ἔνευσε
942 358 1034 400 τοῖς
1058 352 1322 400 νεανίσκοις·
1356 351 1464 393 ἐκεί-

114 439 207 465 νων
240 421 288 465 δὲ
319 420 605 477 βουλομένων
637 422 875 463 ὑποπεσεῖν
910 419 978 463 ε’πὶ
1017 421 1178 474 δεήσει,
1215 425 1464 475 προαναλα-

116 494 209 547 βὼν
259 493 418 543 αὐτοὺς
467 492 490 535 ὁ
541 493 681 547 πατὴρ
740 493 1011 546 δακρύοντας
1066 491 1301 545 ἠσπάζετο,
1357 491 1459 546 παρ’

115 563 298 606 ἕκαστον
331 563 378 606 ἐν
411 562 532 619 μέρει
564 564 886 618 περιπτύσσων,
920 563 979 612 ὡς
1010 561 1177 616 μηδένα
1209 569 1296 604 τῶν
1327 577 1465 617 παρα-

115 635 441 690 τυγχανόντων,
473 633 712 689 ἐλεύθερον
745 633 771 688 ἣ
805 635 985 686 δοῦλον,
1017 633 1167 687 ἀπαθῆ
1201 632 1422 687 γενέσθαι.

205 705 350 759 <127>
382 706 478 746 τότε
511 702 592 759 μὲν
625 701 707 746 οὗν
734 704 1125 759 εὐχαριστήσαντες
1152 706 1343 758 Καίσαρι
1370 702 1459 759 μετ’

116 775 318 828 ἀλλήλων
338 774 539 830 ἀπῇσαν,
571 774 643 817 καὶ
676 776 760 817 σὺν
792 775 940 824 αὐτοῖς
968 771 1248 829 Ἀντίπατρος
1285 774 1466 830 ὑποκρι-

115 848 301 900 νόμενος
333 844 578 900 ἐφήδεσθαι
610 853 703 895 ταῖς
729 846 1002 898 διαλλαγαῖς·
1035 845 1180 900 <128>
1213 845 1260 887 ἐν
1294 844 1340 887 δὲ
1373 853 1467 895 ταῖς

116 914 317 969 ὑστέραις
348 914 528 970 ἡμέραις
554 914 758 970 “Ηρώδης
784 913 864 970 μὲν
891 915 1097 970 ἐδωρεῖτο
1119 918 1321 971 Καίσαρα
1347 932 1466 971 τρια-

115 988 280 1036 κοσιόις
321 986 563 1041 ταλάντοις,
605 985 712 1036 θέας
755 1002 798 1028 τε
840 985 911 1028 καὶ
945 987 1157 1041 διανομὰς
1197 988 1466 1041 ποιούμενον

115 1063 174 1113 τῷ
212 1055 438 1111 Ῥωμαίων
477 1058 615 1114 δήμω,
655 1058 800 1111 <129>
840 1059 1013 1111 Καῖσαρ
1048 1056 1087 1098 δ’
1134 1057 1250 1114 αὐτῷ
1284 1064 1362 1099 τοῦ
1394 1073 1467 1112 με-

115 1127 278 1169 τάλλου
315 1133 394 1170 τοῦ
433 1129 647 1182 Κυπρίων
686 1131 850 1182 χαλκοῦ
888 1128 968 1181 τὴν
1006 1127 1207 1182 «ἡμίσειαν
1243 1128 1467 1183 πρόσοδον

115 1194 188 1240 καὶ
232 1204 307 1253 τῆς
344 1198 543 1252 ἡμισείας
582 1199 663 1252 τὴν
708 1197 956 1253 ἐπιμέλειαν
995 1199 1183 1252 ἔδωκεν,
1221 1197 1294 1240 καὶ
1331 1195 1467 1240 τᾶλλα

116 1268 274 1319 ξενίοις
314 1267 386 1310 καὶ
427 1275 700 1321 καταγωγαῖς
743 1267 934 1323 ἐτίμησε,
975 1267 1047 1310 καὶ
1088 1267 1186 1323 περὶ
1225 1274 1299 1322 τῆς
1343 1271 1467 1323 βασι-

116 1342 234 1390 λείας
266 1339 382 1396 αὐτῷ
419 1340 502 1393 τὴν
540 1338 744 1389 ἐξουσίαν
784 1338 945 1393 ἐφῆκεν
985 1338 1037 1381 ὃν
1075 1338 1130 1381 ἂν
1169 1339 1341 1394 αἱρῆται
1379 1347 1468 1381 τῶν

116 1411 289 1452 παίδων
323 1410 533 1465 διάδοχον
565 1410 869 1464 καθιστάνειν,
900 1409 926 1463 ἢ
965 1408 1036 1451 καὶ
1075 1409 1300 1464 διανέμειν
1338 1409 1469 1465 μέρος

117 1479 281 1538 ἑκάστω
312 1486 388 1534 τῆς
424 1486 550 1535 τιμῆς
581 1482 643 1531 εἰς
680 1481 846 1531 πάντας
885 1479 1231 1535 διελευσομένης.
1294 1479 1467 1522 ἐκείνου

116 1548 157 1593 δ’
187 1552 270 1605 ἤδη
296 1549 509 1600 θέλοντος
535 1551 641 1593 αὐτὸ
668 1558 827 1605 ποιεῖν,
855 1551 934 1593 οὐκ
961 1550 1210 1605 ἐπιτρέψειν
1230 1552 1312 1606 ἔφη
1343 1553 1468 1602 ζῶντι

116 1624 174 1677 μὴ
207 1620 279 1663 καὶ
311 1627 387 1675 τῆς
418 1624 640 1676 βασιλείας
671 1620 744 1663 καὶ
776 1629 864 1663 τῶν
897 1623 1070 1664 παίδων
1100 1629 1289 1676 κρατεῖν.

205 1692 350 1747 <130>
383 1690 452 1734 ἐπὶ
484 1692 658 1742 τούτοις
684 1691 863 1747 ἐπανῄει
889 1693 1023 1735 πάλιν
1049 1693 1110 1742 εἰς
1135 1693 1216 1746 τὴν
1231 1690 1466 1734 Ἰουδαίαν.

115 1763 451 1817 ἀποδημοῦντος
483 1761 521 1803 δ’
560 1762 613 1804 οὐ
646 1764 804 1818 μικρὸν
837 1762 967 1818 μέρος
1004 1761 1165 1817 ἀπέστη
1204 1768 1280 1816 τῆς
1320 1762 1467 1818 ἀρχῆς,

115 1836 163 1876 τὸ
194 1832 294 1888 περὶ
325 1834 403 1875 τὸν
441 1833 670 1888 Τράχωνα·
703 1831 776 1875 καὶ
808 1834 992 1882 τούτους
1023 1833 1069 1876 οἱ
1097 1832 1466 1887 καταλειφθέντες

118 1902 352 1958 στρατηγοὶ
389 1903 705 1959 χειρωσάμενοι
742 1904 876 1946 πάλιν
919 1904 1160 1946 ὑπακούειν
1201 1903 1468 1958 ἠνάγκασαν.

117 1974 263 2029 <131>
287 1972 491 2028 “Ηρώδης
524 1971 572 2015 δὲ
604 1972 749 2016 πλέων
782 1976 866 2016 σὺν
897 1981 988 2024 τοῖς
1019 1972 1171 2016 παισὶν
1204 1974 1263 2024 ὡς
1295 1973 1467 2028 ἐγένετο

117 2046 224 2087 κατὰ
262 2046 470 2086 Κιλικίαν
510 2043 557 2086 ἐν
592 2042 846 2101 Ἐλαιούσῃ,
890 2051 940 2100 τῇ
979 2043 1351 2101 μετωνομασμένῃ
1383 2052 1467 2088 νῦν

119 2118 337 2170 Σεβαστῇ,
368 2115 694 2169 καταλαμβάνει
725 2116 803 2158 τὸν
834 2114 1016 2170 βασιλέα
1047 2122 1122 2170 τῆς
1153 2117 1469 2165 Καππαδοκίας

112 2184 366 2242 Ἀρχέλαον,
397 2185 445 2236 ὃς
483 2185 619 2227 αὐτὸν
658 2185 877 2241 ἐκδέχεται
915 2189 1214 2241 φιλοφρόνως,
1253 2186 1469 2241 ἡδόμενος

119 2255 189 2299 ἐπὶ
220 2264 313 2307 ταῖς
343 2263 432 2299 τῶν
463 2257 634 2298 παίδων
667 2257 924 2311 διαλλαγαῖς
960 2256 1029 2299 καὶ
1073 2264 1131 2315 τῷ
1164 2259 1242 2300 τὸν
1271 2256 1467 2308 Ἀλέξαν-

212 2342 230 2380 ξ
257 2340 324 2371 127
351 2337 397 2374 cf.
424 2337 515 2372 Bell.
542 2336 622 2374 Iud.
648 2337 663 2370 Ι
692 2341 747 2382 23,
775 2341 805 2373 3.
