1732 2526
508 59 787 96 ADNOTATIO
815 60 1013 96 CRITICA.
1330 61 1433 96 XXV

94 166 276 202 excidisse
307 167 480 203 videntur
504 166 568 201 Ns.
601 187 643 192 —
678 171 696 209 5
730 170 797 200 345
831 166 937 210 ὁρᾶν·
972 167 1137 211 ἀγωνιᾶν
1163 167 1226 202 Nr.
1253 188 1294 192 —-
1323 171 1341 210 5
1368 171 1435 201 345

96 232 161 261 τοῦ
189 227 409 270 εὐπρεποῦς·
437 227 503 261 οὐκ
530 226 719 269 εὐπρεπῶς
739 224 818 259 Hw.
842 246 882 250 —
906 229 924 266 5
946 229 1012 259 345
1033 231 1207 260 τοσοῦτον
1227 225 1334 260 inser.
1356 226 1436 262 Hw,

94 306 139 311 —
172 290 191 328 5
218 288 285 319 346
311 285 356 319 τὰ
381 283 537 330 μάλιστα
563 284 699 327 He1·W.‚
736 284 799 318 τὸν
826 283 980 328 μάλιστα
1006 284 1079 328 vlg.
1113 305 1155 309 —
1190 289 1208 326 5
1241 288 1308 319 346
1341 298 1436 319 κτει-

94 343 263 389 νόμενος·
302 344 492 389 θεώμενος
525 344 568 377 A.
606 364 648 368 —
684 347 702 385 5
738 346 805 377 346
842 341 988 382 εὐνοίας
1021 348 1080 388 τῇ·
1121 345 1246 391 εὐνοίᾳ
1281 356 1318 379 τε
1355 344 1433 379 Hw.

94 403 229 438 Tentat
254 402 391 437 Herw.:
419 402 482 436 καὶ
509 400 547 442 ὃς
571 404 649 448 θεῷ
676 402 774 448 μόνῳ
802 398 920 445 ἐφιεὶς
943 400 1125 445 πρόνοιαν
1151 415 1187 437 τε
1214 408 1285 436 τῶν
1312 403 1433 447 νόμων

94 463 168 505 καί,
195 458 265 497 κτέ.
299 483 343 487 —
375 465 394 504 5
426 465 492 495 346
526 462 720 505 τιμωριάν·
748 462 902 508 τιμωρίᾳ
928 460 1006 495 Hw.
1040 482 1082 486 -
1116 465 1134 503 5
1170 464 1237 495 348
1268 462 1432 508 ὑβρίζον·

94 521 254 568 ὑβρίζειν
280 520 375 555 WE.
412 542 453 546 —
486 524 504 562 5
539 524 605 555 349
633 518 711 564 μετ’
741 520 878 554 αὐτῶν·
911 519 1001 564 μετὰ
1026 520 1140 564 ὑγιῶν
1168 520 1356 555 Gutschm.
1391 542 1433 546 —

92 583 112 622 5
146 582 213 614 349
245 578 327 614 οὐδ’
363 580 504 619 αὐτοῖς·
540 578 626 613 οὐδὲ
659 578 750 623 μετὰ
782 584 852 612 τῶν
885 579 1010 618 αὐτοῖς
1040 578 1105 613 Bk.
1138 600 1182 605 —
1217 583 1235 621 5
1269 582 1336 613 350
1371 579 1434 613 καὶ

93 636 261 683 ἠνείχετό
293 649 350 683 γε·
387 637 554 683 ἠνείχετό
585 650 623 682 γε
657 638 724 671 καί
751 636 871 672 Hel-W.
905 658 948 662 ——
981 641 1001 679 5
1030 640 1100 672 350
1136 637 1325 685 νικωμένῳ
1355 638 1435 682 Bk„

90 696 297 742 νικωμένου
323 697 397 742 vlg.
418 718 460 722 —-
484 701 502 739 5
523 700 588 731 351
617 695 810 741 ὁσημέραι·
838 695 975 741 ἡμέρας
999 697 1039 731 Ε.
1062 718 1104 722 -
1127 701 1146 739 5
1173 701 1239 731 351
1267 698 1434 742 ἀποπεμ-

91 755 279 802 ψάμενον·
315 756 628 805 ἀποπεμπόμενον
660 756 700 790 Ε.
737 776 780 780 -
817 760 835 798 5
871 759 939 789 352
975 754 1181 801 αἰσθομένη
1215 756 1261 799 Ε,
1298 755 1435 791 αἰσθα-

91 813 228 860 νομένη
264 815 369 850 codd.
406 836 448 840 —
485 819 503 857 5
539 818 605 849 352
642 814 773 858 αὐτήν·
814 815 905 860 αὐτῇ
940 814 981 850 Ε.
1021 836 1064 840 -—
1102 818 1120 857 ξ
1158 818 1226 849 354
1265 815 1434 859 ἄρξαιτο·

92 873 227 919 ἤρξατο
254 874 294 910 Ε.
327 896 370 900 -
403 878 422 917 5
455 877 523 908 354
554 874 748 908 πλείστων·
781 876 947 908 πελατῶν
973 873 1070 918 Hw.,
1103 873 1260 908 ὁπλιτῶν
1291 873 1354 908 Ns.
1389 895 1432 898 —

91 938 110 977 5
146 937 216 968 354
250 933 480 979 μαχούμενος
513 934 560 977 Ε,
595 932 848 977 μαχησόμενος
882 932 956 976 vlg.
993 954 1036 958 —
1072 937 1090 975 5
1127 936 1195 967 354
1230 932 1435 980 σάββατον·

93 992 288 1040 σαββάτων
313 992 377 1027 Ns.
411 1013 454 1017 —
488 996 507 1034 5
535 995 602 1026 356
628 992 800 1036 τρέπεται
826 991 872 1035 Ε,
899 990 1024 1035 τρέπει
1049 992 1123 1036 Vlg.
1157 1013 1197 1017 -—
1233 996 1252 1034 5
1279 996 1346 1026 356
1374 989 1434 1027 ε’πὶ

93 1052 182 1087 ὄνου
209 1051 297 1086 Cod.
322 1051 414 1095 Reg.
440 1051 540 1095 quod
564 1050 630 1086 Ns.
656 1050 785 1094 latuit,
819 1046 878 1084 ἐπ’
907 1050 995 1085 ὄνον
1021 1050 1094 1095 vlg.
1120 1072 1166 1076 —-
1191 1055 1210 1093 5
1238 1054 1304 1086 357
1332 1052 1436 1098 ὑβρί-

93 1123 228 1156 σματος
247 1110 448 1153 Gutschm„
476 1109 670 1154 ὁρίσματος
689 1109 762 1153 vlg.
785 1130 827 1134 -—
850 1113 868 1151 5
897 1112 964 1142 358
991 1107 1138 1153 χάριτος
1163 1109 1434 1154 μεμνήσεσθαι·

93 1169 241 1215 χάριτος
261 1168 477 1214 μνήσασθαι
496 1168 614 1212 codd.,
634 1167 857 1213 μεμνήσεται
876 1166 1024 1212 χάριτος
1043 1167 1084 1203 Ε.
1100 1189 1143 1194 -—
1158 1172 1177 1211 5
1199 1172 1266 1203 359
1283 1169 1435 1214 ποιησό-
1494 1161 1497 1165 .

93 1241 206 1274 μενον
225 1228 266 1272 Ε,
292 1226 544 1272 ποιησάμενον
570 1227 644 1271 vlg.
665 1248 709 1252 -—
731 1231 750 1269 5
776 1230 843 1261 359
871 1226 1112 1271 ἀποστροφήν
1132 1227 1231 1270 Em„
1258 1228 1434 1273 ἀναστρο-

92 1287 170 1333 φήν
183 1287 258 1332 vlg.
280 1309 322 1313 —
343 1291 362 1330 5
377 1290 445 1321 360
463 1287 626 1333 γαμβρὸς
645 1285 696 1320 ὢν
715 1285 787 1320 κᾶν
806 1286 957 1332 τοιαύτῃ
979 1314 1133 1322 ......
1153 1287 1436 1331 τιμωρήσασθαι

93 1368 140 1373 -—
171 1347 285 1382 αὐτὸν
312 1372 437 1382 .....
463 1346 751 1390 περιορώμενος,
783 1345 938 1391 ἀγαπῴη
965 1343 1007 1380 δέ
1031 1345 1111 1380 Hw.
1138 1367 1182 1371 -
1208 1350 1227 1388 5
1254 1349 1321 1381 360
1347 1360 1439 1391 προ-

93 1404 319 1451 θυμήσεται·
346 1404 631 1450 προμηθήσεται
655 1404 699 1438 A.
720 1425 763 1430 —
786 1409 804 1447 5
826 1407 894 1438 360
913 1404 1195 1450 τιμωρήσασθαι
1213 1405 1255 1448 Ε,
1282 1405 1436 1450 τιμωρή-

95 1467 229 1500 σεσθαι
253 1464 327 1509 Vlg.
362 1485 405 1490 --
439 1468 458 1507 5
491 1467 558 1498 363
591 1463 654 1497 καὶ
684 1463 752 1507 τήν
783 1476 820 1498 τε
851 1463 1025 1508 τόλμησιν
1057 1463 1122 1498 καὶ
1153 1463 1306 1499 εἰωθόσι
1331 1464 1435 1508 MW,

95 1523 159 1558 καὶ
182 1522 250 1567 τήν
275 1536 312 1558 τε
339 1522 475 1567 ἀρετὴν
500 1527 576 1562 τοῖς
601 1525 756 1567 τολμῶσι
781 1522 845 1556 καὶ
871 1521 1045 1557 εἰωθόσιν
1071 1523 1118 1566 Α,
1146 1523 1210 1556 καὶ
1234 1523 1302 1567 τὴν
1328 1525 1436 1568 νίκην

95 1586 171 1622 τοῖς
194 1581 431 1627 τετολμηκόσι
457 1581 521 1616 καὶ
547 1579 700 1616 εἰωθόσι
718 1581 798 1615 Hw.
821 1603 863 1606 -
884 1585 903 1623 5
927 1584 994 1615 363
1021 1583 1179 1625 θαρρεῖν
1206 1582 1295 1626 (ἀεί)
1316 1582 1435 1619 Herw.

98 1662 142 1667 —
174 1645 193 1684 5
226 1645 293 1675 365
324 1640 370 1675 τά
400 1639 433 1674 τ’
463 1640 555 1674 ἄλλα
580 1651 649 1675 om.
676 1640 819 1675 MWE.
853 1660 895 1666 -—
927 1644 946 1682 5
978 1643 1045 1675 366
1077 1640 1148 1675 ὑπὸ
1180 1640 1247 1684 τὴν
1279 1640 1370 1685 ὕλην
1394 1641 1435 1685 Ε,

98 1697 159 1736 ε’πὶ
184 1705 248 1744 τῆς
272 1699 359 1744 ὕλης
383 1699 456 1744 vlg.
490 1720 532 1724 -
567 1703 586 1741 5
613 1702 680 1733 366
707 1698 867 1744 μεγάλην
894 1698 1101 1743 Gutschm.‚
1128 1699 1265 1745 μεγάλῃ
1290 1700 1365 1745 vlg.
1393 1721 1438 1726 -

97 1764 117 1803 5
143 1762 210 1793 367
237 1756 351 1798 αὖθις
376 1769 450 1794 acc.
478 1769 522 1792 ex
546 1757 587 1792 E.
615 1779 657 1782 —
686 1761 704 1800 5
732 1761 799 1792 368
831 1758 973 1798 τούτοις
997 1758 1155 1801 Lowth.‚
1187 1758 1338 1799 ταύταις
1361 1759 1436 1804 vlg.

98 1839 142 1844 —-
162 1821 182 1860 5
202 1820 270 1851 368
289 1823 405 1852 ταῦτα
425 1828 494 1852 om.
515 1817 555 1851 E.
578 1838 620 1842 —
642 1820 661 1859 5
682 1820 749 1851 369
770 1817 833 1851 καὶ
853 1816 891 1851 οἵ
909 1816 1026 1856 ὄντες·
1050 1816 1230 1862 καμόντες
1248 1817 1438 1854 Gutsehm.

96 1898 141 1903 ——
175 1881 194 1920 5
220 1879 287 1911 369
314 1874 531 1920 δεξαμένοις
556 1875 603 1919 Ε,
635 1874 859 1920 δεξαμένους
884 1875 1023 1919 HerW.‚
1057 1875 1268 1920 δεξομένοις
1292 1877 1366 1922 vlg.
1393 1899 1437 1903 —

96 1940 115 1979 5
145 1938 212 1970 369
244 1940 287 1980 τῇ
314 1933 442 1980 εἰρήνῃ
467 1934 558 1979 vlg.‚
591 1939 654 1979 τῆς
686 1933 833 1979 εἰρήνης
858 1934 938 1969 Hw.
970 1956 1016 1960 —
1048 1938 1067 1977 5
1094 1938 1160 1969 369
1193 1935 1437 1978 διαλέξοιντο·

99 1993 306 2039 διελέγοντο
331 1992 474 2028 MWE.
501 2015 544 2018 —
573 1996 592 2035 ἓ
620 1997 686 2028 371
713 1991 890 2038 ἥπτοντο·
924 1992 959 2028 εἰ
981 1993 1031 2039 μή
1057 1994 1142 2028 add.
1169 1994 1292 2037 codd.‚
1326 1995 1440 2040 λύμης

99 2053 301 2097 Gutschm„
327 2053 391 2087 ἀεί
411 2051 531 2086 HerW.
554 2073 595 2077 ——
618 2056 636 2094 5
663 2055 730 2086 372
757 2052 977 2093 Μακεδόνες
1001 2052 1077 2095 Ns,
1103 2055 1338 2088 Μακεδόνων
1363 2054 1437 2099 vlg.

100 2133 142 2138 —
169 2115 188 2154 ξ
213 2115 282 2146 373
308 2110 396 2156 μεθ’
426 2110 446 2146 ὅ
470 2111 549 2146 Hw.
577 2111 661 2155 Bk„
688 2111 778 2156 μετά
802 2111 877 2156 vlg.
905 2132 948 2137 —
974 2116 993 2154 5
1019 2115 1087 2146 373
1113 2113 1262 2153 κτίσεις·
1295 2112 1440 2155 κτήσεις

98 2182 190 2206 corr,
227 2171 277 2214 A,
317 2169 360 2204 αἴ
394 2169 538 2213 κτήσεις
573 2169 782 2214 Gutsehm.,
823 2170 1050 2215 μετοικήσεις
1084 2170 1199 2205 Huds.
1237 2192 1278 2196 —
1316 2175 1335 2213 5
1371 2175 1440 2206 374

99 2230 281 2265 συνοίκων
313 2229 434 2272 Cocc.‚
471 2229 742 2263 συνοικούντων
773 2228 847 2274 vlg.
883 2250 926 2254 —
963 2233 981 2272 5
1014 2233 1081 2264 375
1117 2229 1366 2274 ὁμονοοῦντας
1396 2230 1437 2274 Ε,

99 2288 233 2324 ταύτὸν
259 2286 431 2333 λέγοντας
457 2287 511 2322 ed.
539 2299 610 2333 pn,
636 2288 700 2335 τὸν
726 2286 879 2333 λέγοντα
905 2288 1010 2323 codd.
1039 2309 1081 2313 —
1108 2292 1127 2331 5
1153 2292 1221 2322 377
1248 2289 1438 2323 ἀσύνθετα

1717 1003 1721 1017 -
1717 977 1720 994 A*
1714 731 1722 965 *0—-‹

1716 1516 1723 1658 -u--m
1716 1295 1724 1495 ΑΜ*-
