1732 2526
223 68 310 109 376
784 66 1014 99 ΙΩΣΗΠΟΤ

226 187 317 225 σεις
360 173 431 217 καὶ
480 175 772 230 δημοσιώσειν
817 174 892 224 τὰς
938 174 1101 222 οὐσίας.
1164 173 1320 226 <371>
1351 178 1484 214 ταῦτα
1525 170 1578 214 δ”

225 246 492 295 ἀκούσαντες
512 245 558 287 oc
574 246 806 300 ἄνθρωποι
825 242 896 285 καὶ
918 242 1208 299 ταραχθέντες
1234 243 1287 284 οὔ
1312 258 1352 284 τι
1373 244 1571 298 μετρίως,

227 318 531 357 καταλείπουσι
566 312 646 369 μὲν
677 316 754 356 τὸν
788 313 1014 368 Ἰωάννην,
1051 314 1103 355 τὰ
1136 311 1178 354 δ’
1221 312 1332 354 ὅπλα
1365 313 1572 369 ῥίψαντες

230 383 335 440 ἧκον
361 387 470 441 πρός
498 401 548 440 με
575 387 910 440 τετρακισχίλιοι
941 385 1019 426 τὸν
1045 383 1239 438 ἀριθμὸν
1266 384 1397 432 ὄντες.
1427 383 1572 438 <372>

227 459 356 511 μόνοι
390 454 437 497 δὲ
469 461 528 513 τῷ
557 453 739 511 Ἰωάννῃ
772 454 1039 510 παρέμειναν
1072 454 1118 496 οἱ
1146 454 1318 496 ὁπλῖται
1350 452 1421 495 καὶ
1455 452 1572 504 ξένοι

227 524 342 576 τινὲς
375 526 421 568 ἐκ
452 532 528 580 τῆς
565 528 739 581 Τυρίων
771 527 1090 581 μητροπόλεως,
1117 524 1174 574 ὡς
1205 527 1337 579 χίλιοι
1368 522 1440 565 καὶ
1471 538 1573 566 πεν-

228 599 432 639 τακόσιοι.

318 668 462 721 <373>
500 665 701 720 Ἰωάννης
745 663 825 720 μὲν
865 662 945 707 οὖν
990 666 1103 707 οὕτω
1148 663 1575 719 καταστρατηγηθεὶς

230 736 302 780 ὑπ’
342 737 448 791 ἐμοῦ
480 738 527 778 τὸ
561 737 716 778 λοιπὸν
750 736 797 778 ἐν
829 742 878 791 τῇ
905 737 1082 790 πατρίδι
1114 738 1355 791 περίφοβος
1387 737 1574 790 ἔμεινεν·

231 809 338 850 κατὰ
371 814 527 850 τοῦτον
561 804 608 848 δὲ
646 808 724 848 τὸν
755 807 919 862 ζκαιρὸν
951 809 1234 861 Σεπφωρῖται
1276 807 1576 861 θαρρήσαντες

233 878 622 933 ἀναλαμβάνουσιν
661 877 788 931 ὅπλα,
829 878 1090 926 πεποιθότες
1127 881 1177 931 τῇ
1218 891 1262 917 τε
1303 883 1390 918 τῶν
1421 883 1576 930 τειχῶν

232 950 463 1004 ὀχυρότητι
501 947 572 990 καὶ
611 953 670 1004 τῷ
709 949 818 1002 πρὸς
857 946 1019 1001 ἑτέροις
1057 947 1161 988 ὄντα
1199 962 1250 1000 με
1290 946 1411 1001 ὁρᾶν.
1473 945 1578 1001 πέμ-

230 1008 364 1062 πουσι
398 1020 451 1073 δὴ
483 1019 592 1074 πρὸς
624 1017 812 1060 Κέστιον
851 1018 1024 1059 Γάλλον
1065 1016 1252 1073 (Συρίας
1284 1015 1324 1058 δ’
1364 1014 1418 1070 ἦν
1451 1014 1579 1066 οὗτος

232 1088 425 1146 ἡγεμών)
465 1093 817 1144 παρακαλοῦντες
854 1088 879 1143 ἢ
919 1088 1054 1129 αὐτὸν
1091 1088 1213 1141 ήκειν
1245 1092 1411 1129 θᾶττον
1442 1102 1578 1143 παρα-

232 1163 485 1215 ληψόμενον
518 1159 663 1201 αὐτῶν
695 1160 775 1213 τὴν
806 1161 951 1211 πόλιν,
984 1158 1009 1212 ἢ
1042 1157 1207 1212 πέμψαι
1248 1160 1350 1208 τοὺς
1382 1160 1577 1213 φρουρή-

234 1242 401 1280 σοντας.
446 1230 590 1284 <374>
624 1229 646 1271 ὁ
681 1227 728 1270 δὲ
756 1229 924 1278 Γάλλος
951 1228 1209 1270 ἐλεύσεσθαι
1241 1226 1321 1283 μὲν
1353 1227 1578 1283 ὑπέσχετο,

233 1303 336 1343 πότε
370 1298 418 1342 δὲ
450 1301 502 1341 οὐ
537 1300 813 1354 διεσάφησεν.
864 1298 981 1353 κάγὼ
1015 1306 1147 1341 ταῦτα
1179 1300 1444 1353 πυθόμενος,
1475 1298 1579 1340 ἀνα-

236 1373 383 1426 λαβὼν
433 1372 536 1419 τοὺς
586 1372 668 1411 σὺν
713 1369 809 1424 ἐμοὶ
855 1371 1119 1425 στρατιώτας
1159 1368 1230 1410 καὶ
1273 1370 1467 1423 ὁρμήσας
1511 1367 1579 1410 ἐπὶ

236 1444 337 1492 τοὺς
358 1443 647 1496 Σεπφωρίτας
673 1435 792 1483 εἷλον
824 1440 970 1482 αὐτῶν
1001 1441 1081 1494 τὴν
1112 1442 1242 1482 πόλιν
1273 1441 1380 1481 κατὰ
1411 1439 1578 1495 κράτος.

236 1512 382 1566 <375>
414 1513 649 1566 λαβόμενοι
683 1509 725 1553 δ’
762 1510 963 1566 ἀφορμῆς
988 1511 1034 1552 οἱ
1057 1512 1297 1564 Γαλιλαῖοι,
1330 1509 1402 1552 καὶ
1432 1518 1580 1565 παρεῖ-

237 1599 310 1625 ναι
342 1588 420 1624 τοῦ
452 1585 607 1636 μίσους
632 1583 709 1623 τὸν
735 1583 888 1636 καιρὸν
915 1580 1141 1636 οἰηθέντες
1175 1577 1312 1636 (εἶχον
1344 1582 1426 1635 γὰρ
1453 1580 1582 1635 ἀπεχ-

238 1657 331 1702 θῶς
362 1651 434 1694 nal
465 1653 572 1707 πρὸς
603 1653 765 1706 ταύτην
797 1653 877 1705 τὴν
907 1650 1072 1707 πόλιν),
1106 1652 1313 1706 ὥρμησαν
1352 1651 1409 1700 ὡς
1440 1652 1581 1705 ἄρδην

239 1723 530 1778 ἀφανίσοντες
561 1723 725 1772 πάντας
757 1725 840 1764 σὺν
871 1729 963 1771 τοῖς
991 1722 1192 1771 ἐποίκοις.
1236 1722 1379 1776 <376>
1409 1722 1582 1776 εἰσδρα-

240 1796 393 1847 μόντες
426 1790 508 1835 οὖν
547 1793 875 1848 ἐνεπίμπρασαν
914 1793 1060 1834 αὐτῶν
1097 1793 1171 1841 τὰς
1210 1793 1363 1845 οἰκίας,
1395 1791 1583 1847 ἐρήμους

239 1864 662 1918 καταλαμβάνοντες·
705 1865 750 1905 οἱ
779 1864 860 1917 γὰρ
894 1864 1125 1918 ἄνθρωποι
1159 1864 1380 1912 δείσαντες
1411 1863 1472 1912 εἰς
1502 1863 1582 1916 τὴν

240 1934 479 1988 ἀκρόπολιν
512 1933 777 1989 συνέφυγον.
841 1935 1077 1989 διήρπαζον
1117 1931 1164 1975 δὲ
1195 1933 1350 1986 πάντα,
1382 1931 1454 1975 καὶ
1485 1934 1582 1988 τρό-

240 2018 325 2045 πον
358 2003 518 2045 οὐδένα
550 2006 809 2059 πορθήσεως
841 2005 947 2045 κατὰ
979 2011 1066 2045 τῶν
1109 2004 1346 2058 ὁμοφύλων
1377 2005 1583 2058 παρελίμ-

241 2088 394 2115 πανον.
456 2074 600 2129 <377>
642 2073 762 2117 ταῦτ’
807 2074 890 2128 ἐγὼ
928 2075 1203 2128 θεασάμενος
1241 2075 1413 2129 σφόδρα
1452 2072 1584 2114 διετέ-

242 2149 332 2198 θην
365 2143 569 2199 ἀνιαρῶς,
600 2144 671 2186 καὶ
703 2146 923 2186 παύεσθαι
955 2144 1248 2199 προσέταττον
1286 2145 1448 2198 αὐτοῖς,
1478 2144 1584 2185 ὑπο-

1597 819 1629 844 10

1599 1169 1632 1195 15

1600 1522 1634 1547 20

1602 1874 1634 1899 25

242 2216 498 2269 μιμνήσκων
542 2214 608 2255 ὅτι
650 2221 827 2256 τοιαῦτα
879 2216 990 2269 δρᾶν
1034 2215 1286 2269 ὁμοφύλους
1335 2213 1415 2256 οὐκ
1465 2214 1584 2255 ἔστιν
1603 2225 1637 2251 30

339 2300 357 2337 ξ
386 2299 451 2330 373
480 2295 524 2329 Cf.
550 2294 642 2329 Bell.
669 2294 746 2328 Iud.
774 2294 805 2327 Π
833 2298 886 2338 21,
915 2297 946 2329 8.
