1732 2526
589 86 999 121 OKTQKAIAEKATH
1385 84 1468 126 139

121 197 319 250 ἀφανίζει
362 202 453 245 τοῖς
497 195 688 249 σώμασι,
739 196 936 247 φυλακῆς
986 191 1027 234 δ’
1077 193 1285 248 οὐδαμῶν
1335 209 1470 236 τινων

120 268 401 320 μεταποίησις
450 265 597 314 αὐτοῖς
647 264 671 318 ’ἢ
722 271 809 306 τῶν
854 266 1024 318 νόμων·
1087 266 1194 319 πρὸς
1239 265 1322 319 γὰρ
1367 266 1470 314 τοὺς

121 336 415 386 διδασκάλους
455 337 613 390 σοφίας
654 335 708 389 ἣν
746 337 965 390 μετίασιν,
1010 334 1271 389 ἀμφιλογεῖν
1309 335 1469 389 ἀρετὴν

118 406 400 461 ἀριθμοῦσιν.
464 407 589 460 <17>
641 407 702 455 εἰς
752 406 930 459 ὀλίγους
978 403 1013 446 τ’
1065 406 1229 460 ἄνδρας
1273 402 1402 455 οὗτος
1446 406 1468 448 ὁ

82 478 247 530 5λόγος
289 476 488 531 ἀφίκετο,
532 477 635 526 τοὺς
675 475 825 530 μέντοι
869 476 1069 531 πρώτους
1108 482 1199 526 τοῖς
1241 475 1469 529 ἀξιώμασι,

117 547 351 602 πράττεταί
377 544 424 588 θ’
462 545 538 589 ὑπ’
577 546 723 588 αὐτῶν
762 544 894 589 οὐδὲν
927 547 985 596 ὡς
1022 548 1179 588 εἰπεῖν·
1224 546 1352 588 ὁπότε
1386 547 1468 600 γὰρ

118 616 182 659 ἐπ’
213 617 346 673 ἀρχὰς
371 617 655 673 παρέλθοιεν,
688 617 905 667 ἀκουσίως
931 615 1011 672 μὲν
1037 615 1109 659 καὶ
1139 614 1229 658 κατ’
1261 616 1469 670 ἀνάγκας,

115 681 424 743 προσχωροῦσι
466 687 504 729 δ’
544 685 627 730 οὖν
667 683 732 738 οἷς
776 689 798 730 ὁ
840 691 1083 742 Φαρισαῖος
1123 687 1259 742 λέγει,
1305 688 1377 729 διὰ
1419 688 1467 729 τὸ

116 759 173 813 μὴ
207 758 262 800 ἂν
294 759 437 809 ἄλλως
469 758 677 809 ἀνεκτοὺς
708 758 918 813 γενέσθαι
950 767 1041 809 τοῖς
1072 761 1303 813 πλήθεσιν.

63 844 97 869 10
203 830 317 884 <18>
353 829 578 884 Ἐσσηνοῖς
616 827 656 872 δ’
701 829 770 872 ἐπὶ
809 827 888 884 μὲν
925 834 1017 886 θεῷ
1059 833 1314 871 καταλιπεῖν
1347 833 1470 884 φιλεῖ
1495 839 1514 870 5

115 900 166 941 τὰ
198 900 340 942 πάντα
373 901 395 943 ὁ
428 903 574 954 λόγος,
605 900 921 951 ἀθανατίζουσι
955 898 1003 942 δὲ
1034 901 1111 950 τὰς
1148 900 1309 955 ψυχάς,
1346 915 1468 955 περι-

114 970 309 1025 μάχητον
340 971 581 1026 ἡγούμενοι
612 977 691 1013 τοῦ
730 972 904 1012 δικαίου
942 971 1023 1025 τὴν
1055 972 1289 1024 πρόσοδον.
1352 971 1468 1025 <19>

115 1042 176 1090 είς
202 1039 250 1082 δὲ
275 1043 323 1083 τὸ
352 1042 472 1095 ἶερὸν
498 1041 760 1096 ἀναθήματα
795 1040 1046 1090 στέλλοντες
1076 1043 1238 1091 θυσίας
1271 1041 1350 1083 οὐκ
1377 1041 1467 1083 ε’πι-

113 1115 290 1154 τελοῦσι
335 1113 621 1167 διαφορότητι
665 1111 855 1166 ἁγνειῶν
900 1112 949 1161 ἃς
993 1114 1234 1166 νομίζοιεν,
1279 1111 1350 1153 καὶ
1393 1113 1467 1154 διὰ

0 1195 4 1198 ·
61 1197 94 1222 15
113 1188 244 1224 τοῦτο
277 1184 527 1238 εἰργόμενοι
559 1190 637 1226 τοῦ
676 1190 830 1225 κοινοῦ
867 1185 1178 1237 τεμενίσματος
1216 1181 1283 1237 ἐφ’
1320 1182 1467 1224 αὑτῶν

112 1253 188 1302 τὰς
229 1256 393 1304 θυσίας
437 1254 696 1296 ἐπιτελοῦσι.
767 1253 985 1308 βέλτιστοι
1030 1251 1069 1294 δ’
1119 1254 1263 1303 ἄλλως
1306 1254 1467 1307 ἄνδρες

112 1325 189 1366 τὸν
226 1326 412 1380 τρόπον,
453 1323 525 1366 καὶ
563 1326 611 1367 τὸ
650 1331 738 1366 πᾶν
770 1332 924 1366 πονεῖν
962 1322 1031 1366 ἐπὶ
1063 1327 1253 1380 γεωργία
1284 1340 1465 1379 τετραμ-

113 1393 249 1448 μένοι.
311 1395 427 1450 <20>
460 1395 585 1446 ἄξιον
624 1393 662 1437 δ’
701 1395 847 1437 αὐτῶν
885 1395 1113 1449 θαυμάσαι
1151 1395 1268 1450 παρὰ
1299 1395 1466 1445 πάντας

112 1467 216 1515 τοὺς
264 1465 418 1521 ἀρετῆς
468 1465 869 1520 μεταποιουμένους
917 1467 966 1508 τὸ
1012 1467 1206 1518 δίκαιον,
1257 1467 1466 1520 μηδαμῶς

60 1552 94 1577 20
113 1536 312 1590 ὑπάρξαν
337 1535 563 1591 “Ελλήνων
600 1536 626 1590 ἦ
666 1537 905 1591 βαρβάρων
942 1538 1078 1590 τισίν,
1117 1535 1227 1577 ἀλλὰ
1265 1534 1366 1590 μηδ’
1404 1537 1467 1586 εἰς

114 1606 282 1661 ὀλίγον,
314 1606 497 1657 ἐκείνοις
529 1605 568 1648 δ’
607 1606 654 1648 ἐκ
685 1610 874 1649 παλαιοῦ
907 1608 1151 1661 συνελθόν,
1195 1605 1243 1648 ἐν
1281 1613 1339 1663 τῷ
1375 1606 1465 1649 ε’πι-

112 1678 378 1732 τηδεύεσθαι
410 1679 468 1732 μὴ
500 1681 799 1720 κεκωλῦσθαι·
839 1679 891 1719 τὰ
923 1677 1120 1732 χρήματά
1151 1693 1195 1718 τε
1228 1678 1355 1719 κοινὰ
1388 1677 1465 1718 αὐ-

112 1756 203 1798 τοῖς
234 1748 369 1802 ἐστίν,
400 1747 611 1790 ἀπολαύει
645 1746 683 1789 δ’
716 1746 849 1790 οὐδὲν
882 1748 904 1790 ὁ
936 1748 1146 1797 πλούσιος
1173 1755 1262 1789 τῶν
1288 1749 1464 1790 οἰκείων

112 1821 320 1874 μειζόνως
351 1819 377 1873 η’
411 1819 433 1861 ὁ
461 1818 562 1873 μηδ’
594 1819 744 1861 ὁτιοῦν
775 1817 1046 1873 κεκτημένος.
1102 1817 1175 1860 καὶ
1202 1818 1303 1860 τάδε
1331 1819 1464 1874 πράτ-

60 1904 94 1930 25
113 1901 268 1932 τουσιν
300 1890 458 1944 ἄνδρες
495 1890 945 1945 ὑπερτετρακισχίλιοι
982 1891 1060 1932 τὸν
1099 1889 1293 1944 ἀριθμὸν
1331 1891 1463 1940 ὄντες.

113 1962 228 2016 <21>
264 1960 336 2003 καὶ
374 1961 473 2004 οὔτε
511 1962 699 2016 γαμετὰς
736 1961 986 2015 εἰσάγονται
1027 1961 1128 2002 οὔτε
1167 1961 1342 2003 δούλων
1374 1960 1464 2002 ἐπι-

113 2032 348 2086 τηδεύουσι
379 2038 552 2086 κτῆσιν,
590 2033 638 2074 τὸ
677 2029 758 2086 μὲν
795 2033 857 2081 εἰς
895 2031 1070 2074 ἀδικίαν
1101 2030 1254 2087 φέρειν
1285 2032 1463 2086 ὑπειλη-

113 2105 263 2157 φότες,
306 2104 355 2145 τὸ
394 2101 443 2144 δὲ
482 2103 672 2152 στάσεως
704 2102 929 2144 ἐνδιδόναι
966 2105 1206 2157 πρόφασιν·
1258 2102 1385 2145 αὐτοὶ
1417 2101 1455 2144 δ’

114 2171 182 2228 ἐφ’
219 2171 386 2216 ἑαυτῶν
420 2175 574 2224 ζῶντες
600 2174 802 2230 διακονίᾳ
833 2180 883 2229 τῇ
911 2171 976 2215 ἐπ’
1009 2173 1226 2228 ἀλλήλους
1252 2173 1463 2229 ἐπιχρῶν-

57 2257 94 2282 30
113 2259 193 2287 ται.
243 2244 358 2298 (22)
390 2243 630 2294 ἀποδέκτας
662 2242 710 2286 δὲ
735 2251 822 2286 τῶν
848 2245 1082 2300 προσόδων
1108 2251 1464 2300 χειροτονοῦντες

209 2329 228 2367 ἓ
255 2328 298 2359 18
325 2324 370 2361 Cf.
397 2325 488 2362 Bell.
515 2325 593 2360 Iud.
621 2325 654 2359 Π
681 2328 712 2370 8,
740 2329 771 2360 3.
807 2349 814 2355 ·
