1732 2526
289 74 372 116 128
776 74 1142 108 ΑΡΧΑΙΟΛΟΓΙΑΣ

287 185 451 223 σασθαι
471 180 565 223 κατ’
592 181 752 235 αὐτῶν,
771 183 880 234 πρὸς
898 187 948 237 τῇ
970 185 1099 238 λοιπῇ
1127 182 1314 237 ὠμότητι
1340 180 1412 223 καὶ
1443 183 1634 238 ἔγκλημα

286 258 361 306 τῆς
387 252 678 303 ἀντιστάσεως
701 252 774 295 καὶ
800 252 1050 306 ἀντιλογίας
1076 252 1146 294 ἐπὶ
1173 259 1222 308 τῇ
1253 253 1361 308 ἀρχῇ
1388 248 1635 309 προσφερό-

286 338 441 377 μενον;
482 324 625 377 <314>
662 320 718 377 ἦν
761 321 808 364 δὲ
840 323 1080 378 κεφάλαιον
1118 323 1267 372 αὐτοῖς
1297 328 1372 376 τῆς
1404 322 1634 379 ἀξιώσεως,

285 396 509 447 βασιλείας
540 391 620 448 μὲν
661 392 733 435 καὶ
772 391 946 436 τοιῶνδ’
994 393 1140 449 ἀρχῶν
1173 393 1468 448 ἀπηλλάχθαι,
1499 406 1634 449 προσ-

285 467 432 519 θήκην
464 462 512 507 δὲ
545 466 714 518 Συρίας
744 466 981 518 γεγονότας
1012 464 1334 507 ὑποτάττεσθαι
1372 471 1464 514 τοῖς
1497 464 1633 508 ἐκεῖσε
1669 482 1686 508 5

284 535 579 590 πεμπομένοις
617 542 891 591 στρατηγοῖς·
930 536 1333 590 φανερωθήσεσθαι
1372 535 1455 590 γὰρ
1494 535 1633 586 οὕτως

284 605 360 648 εἴτ’
394 605 572 661 ἀληθῶς
599 606 855 655 στασιώδεις
880 602 969 648 εἷεν
995 604 1067 647 καὶ
1093 612 1401 661 νεωτερισμοῖς
1421 606 1472 647 τὰ
1491 607 1633 648 πολλὰ

284 677 654 732 προσησκημένοι,
685 681 770 718 εἴτε
803 675 874 718 καὶ
906 677 1104 718 εὔτακτοι
1137 662 1439 731 μετριωτέρων
1477 679 1632 731 τυχόν-

284 763 352 796 τες
383 751 428 789 οἳ
458 747 763 802 ἐπιστήσονται
796 747 954 797 αὐτοῖς.

237 830 257 861 3
373 819 519 873 <315>
551 824 730 861 τοιαῦτα
763 815 810 859 δὲ
842 825 930 859 τῶν
958 815 1187 859 Ἰουδαίων
1220 819 1472 873 εἰρηκότων,
1494 820 1630 860 Νικό-
1653 835 1684 860 ιο

284 892 388 939 λαος
427 890 530 938 τούς
572 905 617 930 τε
661 891 854 943 βασιλεῖς
901 887 1142 942 ἀπήλλαττε
1192 895 1280 929 τῶν
1331 887 1631 943 ἐγκλημάτων,

277 957 482 1014 Ἡρώδην
515 957 596 1014 μὲν
629 960 701 1001 διὰ
733 960 781 1001 τὸ
813 957 912 1013 παρ’
953 959 1004 1000 ὃν
1038 961 1106 1013 ε”ζη
1148 960 1310 1014 χρόνον
1347 966 1496 1014 τυχεῖν
1528 958 1631 1002 ἀκα-

282 1032 526 1086 τηγόρητον
568 1029 640 1085 (οὐ
684 1030 766 1084 γὰρ
807 1031 902 1071 δεῖν
946 1031 1049 1079 τοὺς
1094 1029 1293 1084 ἐγκαλεῖν
1337 1031 1517 1085 ἔχοντας
1561 1030 1627 1073 ἐπὶ

283 1103 475 1156 μετρίοις
518 1101 634 1156 παρὰ
680 1103 838 1151 ζῶντος
887 1102 1101 1155 τιμωρίαν
1152 1103 1304 1155 λαβεῖν
1355 1099 1642 1156 δυναμένους

285 1170 354 1213 ἐπὶ
386 1178 526 1228 νεκρῷ
565 1173 832 1226 κατηγορίαν
870 1169 1164 1227 συντιθέναι),
1201 1170 1346 1225 <316>
1382 1172 1434 1212 τὰ
1473 1170 1511 1213 δ’
1550 1169 1622 1214 ὑπ’
1650 1187 1682 1214 15

278 1239 514 1297 Ἀρχελάου
553 1240 805 1297 πραχθέντα
854 1241 980 1296 ὕβρει
1017 1247 1067 1296 τῇ
1113 1240 1293 1283 ἐκείνων
1337 1241 1545 1296 ἀνετίθει,
1587 1245 1633 1285 οἳ

283 1313 576 1368 ὀριγνώμενοι
600 1312 868 1367 πραγμάτων
893 1313 1009 1364 παρὰ
1035 1313 1138 1362 τοὺς
1162 1314 1342 1367 νόμους,
1361 1311 1435 1354 καὶ
1461 1319 1630 1368 σφαγῆς

282 1383 490 1437 ἄρξαντες
537 1391 626 1425 τῶν
675 1384 863 1425 κωλύειν
918 1383 1173 1438 ὑβρίζοντας
1227 1383 1629 1439 προμηθουμένων,

283 1454 451 1509 ἀμύνης
494 1453 732 1509 γενομένης
777 1453 1014 1507 ἐγκαλοῖεν.
1090 1453 1282 1496 ἐνεκάλει
1328 1451 1376 1495 δὲ
1420 1469 1628 1509 νεωτερο-

281 1526 426 1574 ποιιάς
458 1525 605 1574 αὐτοῖς
636 1523 709 1566 καὶ
740 1531 818 1567 τοῦ
852 1524 1095 1575 στασιάζειν
1126 1520 1309 1579 ἡδονήν,
1338 1518 1627 1567 ἀπαιδευσίαν
1647 1540 1680 1566 20

282 1611 324 1637 τε
358 1601 436 1637 τοῦ
469 1596 526 1650 μὴ
561 1595 743 1637 ἕπεσθαι
777 1596 875 1651 δίκῃ
907 1594 978 1636 καὶ
1005 1596 1158 1649 νόμοις
1182 1595 1267 1637 ὑπὸ
1294 1601 1373 1637 τοῦ
1398 1594 1550 1638 θέλειν
1575 1597 1626 1638 τὰ

234 1678 255 1708 4
281 1667 422 1708 πάντα
458 1672 600 1708 νικᾶν.
662 1666 806 1720 <317>
837 1672 972 1707 ταῦτα
1009 1663 1089 1720 μὲν
1130 1662 1212 1707 οὖν
1250 1668 1487 1721 Νικόλαος,
1519 1669 1626 1708 Καῖ-

282 1749 363 1792 σαρ
398 1735 436 1779 δ’
475 1736 665 1787 ἀκούσας
697 1737 866 1779 διαλύει
898 1734 977 1791 μὲν
1009 1738 1057 1779 τὸ
1091 1735 1345 1792 συνέδριον,
1386 1737 1548 1791 ὀλίγων
1581 1735 1620 1779 δ’

279 1808 453 1863 ἡμερῶν
485 1808 671 1862 ὕστερον
697 1805 933 1863 Ἀρχέλαον
964 1805 1147 1861 βασιλέα
1177 1804 1257 1861 μὲν
1284 1807 1364 1849 οὐκ
1388 1806 1626 1862 ἀποφαίνε-

280 1894 364 1933 ται,
396 1884 475 1920 τοῦ
508 1877 545 1919 δ’
584 1879 761 1932 ἡμίσεος
791 1884 867 1932 τῆς
897 1878 1041 1933 χώρας
1076 1878 1185 1932 ἥπερ
1211 1875 1390 1934 “Ηρώδῃ
1427 1877 1625 1920 ὑπετέλει
1645 1891 1678 1917 25

281 1949 504 2004 ἐθνάρχην
553 1950 834 2002 καθίσταται,
883 1950 1082 2003 τιμήσειν
1140 1948 1347 2003 ἀξιώματι
1402 1950 1625 2003 βασιλείας

279 2019 629 2074 ὑπισχνούμενος
672 2023 792 2071 εἴπερ
836 2020 917 2073 τὴν
955 2019 1017 2068 εἰς
1061 2018 1197 2073 αὐτὴν
1236 2018 1395 2074 ἀρετὴν
1431 2018 1624 2074 προσφέ-

279 2105 412 2143 ροιτο.
475 2089 618 2143 <318>
667 2091 746 2143 τὴν
792 2088 833 2131 δ’
882 2088 1034 2145 ἑτέραν
1083 2089 1286 2144 ἡμίσειαν
1330 2092 1481 2143 νείμας
1525 2090 1637 2145 διχῇ

279 2159 410 2202 δυσὶν
436 2158 642 2214 οΗρώδου
674 2159 826 2202 παισὶν
855 2159 1016 2214 ἑτέροις
1041 2161 1299 2215 παρεδίδου,
1322 2162 1525 2216 Φιλίππῳ
1552 2159 1624 2203 καὶ

237 2247 241 2250 ’
272 2228 451 2287 Ἀντίπᾳ
494 2236 552 2287 τῷ
590 2232 700 2285 πρὸς
732 2228 966 2286 Ἀρχέλαον
1004 2232 1082 2273 τὸν
1120 2230 1314 2286 ἀδελφὸν
1352 2230 1624 2286 ἀμφισβητή-
1645 2243 1678 2269 30

374 2315 392 2353 ξ
420 2314 486 2345 317
514 2310 558 2346 of.
585 2311 677 2359 Belnl.
704 2311 783 2347 Iud.
810 2312 842 2346 Π
869 2315 899 2355 6,
928 2315 958 2346 3.
