1732 2526
256 58 342 98 314
816 61 1044 95 ΙῼΣΗΠΟΤ

255 167 338 206 ἔτει
382 171 457 220 τῆς
495 163 783 220 Ἀλεξάνδρας
828 166 980 223 ἀρχῆς,
1025 167 1096 210 καὶ
1133 166 1346 223 Ἰωσήπου
1390 172 1601 221 Ματθίας

254 237 566 289 βασιλεύοντος
599 236 832 293 Ἀρχελάου
871 240 919 280 τὸ
959 237 1163 293 δέκατον,
1205 242 1390 282 Ματθία
1428 239 1470 283 δ’
1516 243 1599 295 ἐγὼ

252 311 310 362 τῷ
350 308 506 364 πρώτῳ
545 314 619 361 τῆς
663 309 800 350 Γαΐου
839 311 1062 363 Καίσαρος
1100 309 1345 364 ἡγεμονίας.
1417 311 1512 365 ἐμοὶ
1552 310 1600 354 δὲ

251 376 403 426 παῖδές
447 379 530 419 εἰσι
574 385 703 433 τρεῖς,
741 377 948 433 Ὑρκανὸς
991 378 1070 434 μὲν
1116 381 1138 422 ὁ
1182 382 1478 436 πρεσβύτατος
1515 384 1599 424 ἔτει

251 448 439 506 τετάρτῳ
465 455 538 503 τῆς
563 446 871 492 ’ὃεσπασιανοῦ
897 452 1120 505 Καίσαρος
1148 451 1393 506 ἡγεμονίας,
1425 451 1598 511 ἑβδόμῳ
1635 464 1651 489 5

252 515 299 558 δὲ
328 516 532 573 Ἰοῦστος,
564 519 701 577 ἐνάτῳ
735 517 783 561 δὲ
811 516 1059 575 Ἀγρίππας.

339 590 422 642 <6>
454 591 533 643 τὴν
565 587 645 644 μὲν
677 587 759 632 οὖν
792 596 868 632 τοῦ
910 590 1067 645 γένους
1109 592 1232 646 ἡμῶν
1272 594 1499 648 διαδοχήν,
1541 596 1598 644 ὡς

251 660 297 700 ἐν
323 667 418 709 ταῖς
444 661 674 714 δημοσίαις
701 660 868 710 δέλτοις
899 661 1291 717 ἀναγεγραμμένην
1312 660 1460 719 εὗρον,
1481 665 1595 706 οὕτω

248 732 556 784 παρατίθεμαι,
581 739 672 780 τοῖς
699 732 953 785 διαβάλλειν
979 732 1090 786 ἡμᾶς
1114 733 1401 788 πειρωμένοις
1426 738 1596 790 χαίρειν

247 800 433 855 φράσας·
469 802 554 855 <7>
589 801 610 843 ὁ
642 803 784 856 πατὴρ
818 801 869 843 δέ
898 818 983 856 μου
1016 806 1226 853 Ματθίας
1257 805 1310 846 οὐ
1348 805 1421 846 διὰ
1453 807 1594 860 μόνην
1616 818 1649 844 10

246 871 326 924 τὴν
363 870 590 925 εὐγένειαν
633 873 840 927 ἐπίσημος
876 871 947 927 ἧν,
987 873 1096 916 ἀλλὰ
1133 874 1268 917 πλέον
1307 876 1381 916 διὰ
1418 877 1498 930 τὴν
1532 877 1595 918 δι-

246 943 488 996 καιοσύνην
522 942 739 998 ἐπῃνεῖτο,
770 945 1105 998 γνωριμώτατος
1144 945 1205 987 ὢν
1244 945 1292 987 ἐν
1330 952 1380 1001 τῇ
1414 948 1595 1002 μεγίστῃ

245 1014 368 1053 πόλει
401 1020 488 1054 τῶν
520 1012 621 1068 παρ’
658 1013 763 1068 ἡμῖν
795 1022 886 1063 τοῖς
911 1013 1244 1070 Ἱεροσολύμοις.
1309 1017 1394 1070 <8>
1428 1016 1512 1070 ἐγὼ
1546 1015 1594 1058 δὲ
1628 1034 1631 1035 ’

245 1085 651 1137 συμπαιδευόμενος
692 1084 867 1141 ἀδελφῷ
909 1088 1096 1142 ΛΜατθιά
1139 1088 1333 1141 τοῦνομα
1377 1086 1594 1142 (ἐγεγόνει

244 1154 326 1207 γάρ
360 1170 434 1207 μοι
466 1156 645 1209 γνήσιος
679 1154 720 1205 ἐξ
755 1155 919 1210 ἀμφοῖν
951 1164 1038 1197 τῶν
1071 1156 1259 1212 γονέων)
1297 1159 1358 1206 είς
1399 1158 1592 1211 μεγάλην
1612 1172 1645 1198 15

242 1225 442 1274 παιδείας
473 1226 752 1279 προύκοπτον
785 1225 1001 1280 ἐπίδοσιν,
1039 1230 1186 1283 μνήμῃ
1226 1243 1269 1269 τε
1311 1226 1383 1269 καὶ
1417 1227 1592 1270 συνέσει

244 1294 388 1336 δοκῶν
427 1295 666 1350 διαφέρειν.
730 1297 815 1350 <9>
855 1299 915 1338 ἔτι
961 1295 1003 1338 δ’
1045 1297 1246 1347 ἀντίπαις
1284 1299 1367 1352 ὤν,
1405 1298 1502 1352 περὶ
1541 1300 1589 1341 τὸ

243 1365 705 1419 τετταρεσκαιδέκατον
744 1368 850 1420 ἔτος,
894 1368 966 1408 διὰ
1003 1369 1052 1409 τὸ
1096 1368 1460 1423 φιλογράμματον
1505 1369 1589 1411 ὑπὸ

242 1436 421 1478 πάντων
453 1436 720 1492 ἐπῃνούμην,
754 1439 1001 1479 συνιόντων
1034 1437 1100 1480 ἀεὶ
1132 1446 1220 1480 τῶν
1247 1439 1486 1494 ἀρχιερέων
1517 1439 1589 1481 καὶ

241 1513 329 1548 τῶν
372 1512 447 1561 τῆς
490 1509 656 1556 πόλεως
693 1509 879 1562 πρώτων
917 1509 1026 1563 ὑπὲρ
1065 1515 1142 1551 τοῦ
1187 1508 1289 1564 παρ’
1337 1509 1445 1564 ἐμοῦ
1488 1509 1587 1565 περὶ
1607 1524 1641 1548 20

241 1584 328 1618 τῶν
372 1579 573 1632 νομίμων
618 1577 927 1633 ἀκριβέστερόν
977 1595 1012 1620 τι
1067 1587 1245 1633 γνῶναι.
1319 1581 1445 1635 <10>
1488 1579 1589 1636 περὶ

242 1646 470 1689 ἑκκαίδεκα
502 1647 540 1689 δ’
580 1651 651 1702 ἔτη
685 1650 920 1703 γενόμενος
946 1649 1198 1705 ἐβουλήθην
1224 1658 1312 1692 τῶν
1343 1647 1446 1705 παρ’
1482 1650 1588 1705 ἡμῖν

241 1717 453 1771 αἱρέσεων
486 1718 713 1773 ἐμπειρίαν
745 1722 913 1772 λαβεῖν·
946 1728 1060 1774 τρεῖς
1094 1720 1131 1761 δ’
1170 1720 1284 1762 εἰσὶν
1317 1718 1458 1774 αὗται,
1498 1723 1588 1762 Φα-

241 1792 425 1842 ρισαίων
462 1787 541 1843 μὲν
579 1789 605 1843 ἡ
644 1790 791 1843 πρώτη
834 1789 904 1831 καὶ
950 1792 1273 1833 Σαδδουκαίων
1318 1792 1343 1846 ἡ
1389 1790 1585 1844 δευτέρα,

239 1861 360 1913 τρίτη
395 1857 434 1900 δ>
471 1859 496 1913 ἡ
526 1857 762 1914 Ἐσσηνῶν,
793 1862 943 1910 καθὼς
973 1861 1182 1911 πολλάκις
1213 1866 1411 1916 εἴπομεν·
1448 1861 1586 1910 οὕτως
1606 1875 1638 1901 25

239 1930 322 1982 γὰρ
356 1927 504 1986 ᾠόμην
538 1931 800 1985 αἱρήσεσθαι
832 1932 912 1985 τὴν
944 1931 1140 1986 ἀρίστην,
1167 1934 1208 1973 εί
1231 1933 1370 1981 πάσας
1395 1932 1585 1985 καταμά-

238 2003 376 2053 θοιμι.
439 2001 551 2053 <11>
584 2004 953 2056 σκληραγωγήσας
991 1999 1073 2043 οὗν
1111 2002 1299 2056 ἐμαυτὸν
1335 2001 1406 2044 καὶ
1443 2003 1585 2044 πολλὰ

238 2069 451 2124 πονηθεὶς
482 2071 557 2119 τὰς
588 2078 702 2124 τρεῖς
735 2072 936 2125 διῆλθον.
998 2072 1069 2114 καὶ
1108 2071 1218 2127 μηδὲ
1256 2074 1335 2127 τὴν
1375 2073 1584 2115 ἐντεῦθεν

241 2139 466 2194 ἐμπειρίαν
512 2141 665 2194 ι’κανὴν
710 2140 881 2198 ἐμαυτῷ
927 2146 1109 2197 νομίσας
1154 2141 1289 2197 εἶναι,
1330 2146 1584 2197 πυθόμενός

238 2226 336 2252 τινα
364 2213 541 2253 Βανοῦν
568 2212 706 2265 ὄνομα
732 2213 838 2254 κατὰ
864 2214 944 2266 τὴν
971 2215 1133 2268 ἔρημον
1161 2215 1401 2269 διατρίβειν
1428 2213 1582 2269 ἐσθῆτι
1602 2227 1636 2252 30

239 2279 318 2335 μὲν
351 2281 433 2322 ἀπὸ
468 2280 665 2335 δένδρων
703 2283 945 2337 χρώμενον,
983 2285 1151 2338 τροφὴν
1193 2282 1241 2325 δὲ
1278 2285 1357 2337 τὴν
1395 2285 1582 2339 αὐτομά-
