1732 2526
539 99 976 133 ENNEAKAIAEKATH
1349 99 1434 141 259

89 207 231 260 <315>
268 208 323 248 σὺ
368 205 408 248 δ’
457 208 497 248 εἰ
538 207 689 260 βούλει
727 206 803 248 τὸν
842 206 1078 260 ἀξιώτερον
1116 206 1224 261 ἐμοῦ
1262 214 1346 250 νῦν
1386 209 1435 250 τὸ

88 276 218 332 γέρας
255 280 429 333 λαβεῖν,
467 277 713 332 διδάχθητι.
781 277 920 331 πάσης
958 276 1028 318 καὶ
1066 278 1174 332 πρὸς
1212 278 1288 319 τὸν
1327 279 1437 320 θεὸν

89 347 298 403 ἁμαρτίας
329 347 400 390 καὶ
430 349 540 403 πρὸς
572 346 635 400 σέ,
666 349 862 401 βασιλεῦ,
893 349 1090 402 καθαρὸς
1123 347 1311 402 ἀδελφὸς
1347 351 1437 390 ε”στι

88 431 179 473 μοι·
211 417 432 472 πρέποντα
462 424 513 473 τῇ
546 424 646 473 τιμῇ
678 424 838 460 τοῦτον
871 417 1130 472 συνίστημιῖ
1163 419 1306 471 <316>
1339 420 1438 461 τού-

52 501 68 526 5
88 504 178 538 τοις
210 489 231 531 ὁ
265 490 471 542 βασιλεὺς
502 487 656 542 ἡσθεὶς
688 495 779 538 τοῖς
810 490 959 542 λόγοις
997 489 1073 530 τὸν
1101 486 1320 542 Ἰωνάθην
1358 487 1438 543 μὲν

87 559 278 613 ἠγάσατο
310 565 383 614 τῆς
414 559 601 614 γνώμης,
632 558 835 615 τάδελφῷ
876 557 917 600 δ’
963 559 1099 601 αὐτοῦ
1140 561 1327 615 ΑΜατθία
1358 561 1437 613 τὴν

89 630 333 685 ιἐρωσύνην
365 623 514 671 ἔδωκε.

177 701 320 754 <317>
351 699 422 742 καὶ
461 698 550 754 μετ’
596 699 649 742 οὐ
689 702 802 742 πολὺ
838 701 1095 755 Πετρώνιον
1137 698 1218 755 μὲν
1250 701 1436 755 *Μάρσος
1466 703 1488 742 7

90 770 309 822 διεδέξατο
343 769 414 812 καὶ
448 772 585 812 διεῖπε
608 773 799 827 Συρίαν·
833 773 971 821 Σίλας
1004 767 1042 812 δ’
1075 770 1097 813 ὁ
1123 778 1202 813 τοῦ
1229 770 1440 825 βασιλέως

34 854 68 880 10
87 843 286 897 ἔπαρχος,
319 841 410 883 ἐπεὶ
442 843 515 883 διὰ
547 841 687 896 πάσης
719 842 835 899 αὐτῷ
877 843 1007 897 τύχης
1039 841 1233 895 ἐγεγόνει
1274 844 1438 898 πιστός,

88 911 250 954 οὐδένα
294 912 507 954 κίνδυνον
559 912 675 968 αὐτῷ
727 909 830 954 ποτὲ
881 919 1115 954 κοινωνεῖν
1167 912 1441 967 ἀνηνάμενος

87 982 198 1024 ἀλλὰ
223 981 294 1024 καὶ
320 985 424 1032 τοὺς
444 983 809 1038 σφαλερωτάτους
834 983 1004 1032 ὑποδὺς
1029 982 1238 1032 πολλάκις
1259 985 1437 1035 πόνους,

71 1055 388 1108 πεποιθήσεως
432 1051 487 1107 ἦν
541 1053 785 1107 ἀνάπλεως,
829 1056 1067 1108 προσήκειν
1112 1053 1438 1107 ὑπολαμβάνων

88 1125 306 1179 ἰσοτιμίαν
350 1126 599 1179 βεβαιότητι
646 1126 806 1179 φιλίας.
883 1125 1026 1178 <318>
1072 1124 1242 1179 οὐδαμῇ
1286 1126 1439 1165 τοίνυν

34 1206 66 1233 15
87 1195 451 1237 ὑποκατεκλίνετο
493 1201 552 1251 τῷ
591 1197 782 1249 βασιλεῖ,
819 1197 1067 1249 παρρησίαν
1107 1191 1155 1236 δὲ
1195 1195 1266 1235 διὰ
1298 1194 1439 1248 πάσης

89 1265 262 1320 ὁμιλίας
292 1263 387 1320 ἥγε,
418 1265 502 1307 κάν
534 1272 628 1314 ταῖς
658 1266 1036 1320 φιλοφρονήσεσιν
1065 1263 1259 1318 ἐγίγνετο
1289 1281 1438 1319 φορτι-

88 1338 179 1390 κός,
211 1337 443 1391 σεμνύνων
477 1334 635 1378 ἑαυτὸν
668 1334 876 1390 ἀμέτρως,
915 1334 986 1377 καὶ
1025 1335 1234 1385 πολλάκις
1271 1342 1328 1392 τῷ
1363 1338 1438 1390 βα-

90 1410 204 1449 σιλεῖ
232 1408 284 1449 τὰ
323 1407 490 1460 στυγνὰ
528 1413 603 1461 τῆς
639 1407 770 1461 τύχης
808 1407 928 1460 ἄγων
960 1407 1022 1456 εἰς
1060 1406 1323 1460 ἀνάμνησιν,
1366 1407 1439 1447 ἵνα

88 1479 168 1532 τὴν
201 1476 359 1520 ἑαυτοῦ
385 1479 480 1519 τότε
508 1478 708 1531 σπουδὴν
733 1477 1052 1532 παραδεικνύῃ·
1088 1484 1281 1532 συνεχῶς
1314 1474 1352 1518 δ’
1383 1474 1438 1529 ἧν

36 1561 70 1587 20
90 1549 150 1598 ὡς
180 1546 290 1603 ὑπὲρ
323 1549 460 1590 αὐτοῦ
492 1547 621 1602 κάμοι
659 1548 799 1589 πολλὰ
838 1546 1023 1598 διεξιών.
1086 1547 1231 1601 <319>
1269 1547 1438 1588 τούτων

89 1615 172 1661 οὖν
203 1621 251 1661 τὸ
283 1618 524 1669 πλεονάζον
559 1618 807 1672 ὀνειδισμὸς
841 1617 997 1671 ε’δόκει,
1024 1618 1094 1659 διὸ
1126 1617 1382 1673 προσάντως
1414 1617 1436 1659 ὁ

86 1691 295 1744 βασιλεὺς
328 1688 497 1744 ἐδέχετο
536 1689 615 1742 τὴν
647 1688 908 1743 ἀταμίευτον
941 1689 1191 1743 παρρησίαν
1231 1687 1436 1742 τάνδρός·

89 1760 168 1816 οὐχ
205 1760 349 1814 ἡδεῖαι
393 1760 476 1814 γὰρ
519 1760 568 1801 αἱ
601 1766 689 1801 τῶν
733 1758 906 1810 ἀδόξων
943 1761 1117 1814 χρόνων
1158 1758 1437 1813 ἀναμνήσεις,

86 1830 252 1885 εὐήθης
297 1829 336 1871 δ’
385 1830 407 1872 ὁ
460 1831 672 1884 διηνεκῶς
714 1831 741 1871 ἅ
785 1828 881 1872 ποτ’
939 1828 1136 1884 ὠφέλησε
1187 1828 1435 1884 προφέρων.

34 1913 68 1940 25
87 1900 232 1955 <320>
264 1900 386 1950 τέλος
419 1907 529 1954 γοῦν
562 1899 799 1955 ἀνηρέθισε
833 1901 1006 1955 σφόδρα
1039 1900 1061 1943 ὁ
1089 1902 1226 1950 Σίλας
1252 1906 1331 1942 τοῦ
1360 1902 1435 1954 βα-

88 1970 240 2021 σιλέως
281 1973 360 2014 τὸν
402 1973 575 2025 θυμόν,
619 1970 818 2021 κάκεῖνος
856 1971 964 2026 ὀργῇ
1002 1969 1137 2013 πλέον
1175 1971 1201 2025 ἦ
1243 1974 1437 2026 λογισμῷ

89 2044 242 2093 διδοὺς
286 2042 339 2085 οὐ
376 2048 450 2096 τῆς
489 2041 693 2096 ἐπαρχίας
725 2043 864 2096 μόνον
897 2040 1126 2096 μετέστησε
1170 2043 1247 2083 τὸν
1279 2043 1436 2094 Σίλαν,

87 2112 198 2155 ἀλλὰ
229 2111 300 2155 καὶ
331 2111 556 2168 παρέδωκε
590 2113 893 2167 δεθησόμενον
931 2114 993 2162 είς
1030 2113 1110 2166 τὴν
1149 2111 1318 2154 ἐκείνου
1357 2126 1436 2153 πα-

88 2185 215 2238 τρίδα
245 2181 426 2238 πέμψας.
491 2183 633 2236 <321>
661 2185 805 2241 χρόνῳ
832 2181 879 2225 δὲ
906 2185 983 2225 τὸν
1008 2184 1159 2238 θυμὸν
1184 2181 1435 2237 ἠμβλύνθη,

37 2267 72 2293 ³0
89 2253 159 2298 καὶ
205 2257 431 2309 λογισμοῖς
480 2253 734 2310 εἰλικρινέσι
782 2255 862 2309 τὴν
912 2253 1011 2309 περὶ
1061 2253 1248 2309 τάνδρὸς
1290 2254 1436 2305 κρίσιν

88 2325 262 2381 ἐφῆκεν,
296 2324 343 2367 ἐν
375 2330 439 2382 νῷ
478 2324 715 2379 λαμβάνων
749 2324 884 2375 ὅσους
920 2322 1030 2379 ὑπὲρ
1064 2323 1233 2366 ἐκείνου
1272 2324 1436 2372 πόνους

1154 2393 1222 2426 17²³
