1732 2526
626 74 1032 110 OKTQKAIAEKATH
1419 76 1500 118 187

156 187 291 241 ναμίᾳ
335 186 575 238 καταβολῆς
618 189 705 224 τῶν
740 184 905 237 φόρων.
979 183 1134 237 <275>
1176 188 1278 234 ἴσως
1321 185 1403 239 γὰρ
1447 184 1502 226 ἂν

158 254 474 298 ἐπικλασθέντα
499 255 577 295 τὸν
597 253 734 294 Γάιον
761 250 898 307 μηδὲν
926 253 1046 308 ὠμὸν
1074 255 1369 308 διανοηθῆναι
1396 253 1498 309 μηδ’

157 325 223 368 ἐπ’
264 325 497 368 ἀναστάσει
535 330 756 379 φρονῆσαι
797 329 876 366 τοῦ
914 325 1086 374 ἔθνους.
1150 324 1413 379 ἐμμένοντος
1454 323 1501 367 δὲ

155 404 205 452 τῇ
239 399 333 440 τότε
365 399 503 451 βουλῇ
535 400 614 436 τοῦ
639 397 862 447 πολεμεῖν,
887 396 984 436 τότε
1011 396 1064 449 δὴ
1090 395 1252 437 καύτὸν
1285 397 1501 438 ἅπτεσθαι

119 480 136 505 5
155 474 235 510 τοῦ
266 467 527 522 πράγματος.
589 465 735 518 <276>
767 463 839 506 καὶ
873 465 918 507 οῖ
946 463 1026 519 μὲν
1058 464 1169 520 ἀμφὶ
1204 466 1280 507 τὸν
1308 465 1500 520 Ἀριστό-

154 540 318 592 βουλον
351 535 419 577 ἐπὶ
458 536 632 584 τούτοις
668 536 747 577 τὸν
779 536 1036 589 Πετρώνιον
1076 536 1371 590 παρεκάλουν·
1414 539 1500 578 Πε-

152 609 336 662 τρώνιος
380 605 448 660 δέ,
492 613 621 648 τοῦτο
659 602 741 660 μὲν
781 613 869 647 τῶν
906 605 1004 659 περὶ
1042 607 1119 648 τὸν
1158 605 1499 660 Ἀριστόβουλον

153 677 371 727 παντοίως
404 675 670 730 ἐγκειμένων
702 676 775 717 διὰ
807 677 855 717 τὸ
888 674 996 730 ὑπὲρ
1036 677 1237 731 μεγάλων
1273 681 1499 719 ποιεῖσθαι

152 750 232 803 τὴν
266 747 432 802 δέησιν,
464 745 535 788 καὶ
567 746 683 802 πάσῃ
716 752 886 801 μηχανῇ
913 746 1200 801 χρησαμένων
1226 749 1288 798 εἰς
1312 748 1387 798 τὰς
1415 748 1498 790 ίκε-

100 833 133 857 ιο
152 821 282 873 τείας,
325 819 468 872 <277>
509 824 638 860 τοῦτο
684 815 732 859 δὲ
775 816 849 858 καὶ
888 825 977 859 τῶν
1011 814 1238 860 Ἰουδαίων
1275 820 1500 874 θεώμενος

151 890 231 944 τὴν
263 888 601 943 ἀντιπαράταξιν
633 893 707 941 τῆς
739 888 928 942 γνώμης,
960 887 1032 929 καὶ
1074 889 1224 930 δεινὸν
1255 889 1501 944 ἡγούμενος

150 960 355 1002 τοσαῖσδε
389 959 599 1014 μυριάσιν
632 957 898 1012 ἀνθρώπων,
931 961 1065 1014 μανίᾳ
1095 965 1146 1013 τῇ
1174 961 1312 1001 Γαΐου
1353 961 1500 1001 διακο-

150 1031 379 1084 νούμενος,
417 1029 649 1083 ἐπαγαγὼν
690 1029 889 1070 θάνατον
928 1028 975 1070 ἐν
1014 1031 1130 1084 αἰτία
1161 1031 1209 1072 τὸ
1247 1032 1356 1084 πρὸς
1387 1031 1499 1072 θεὸν

152 1101 390 1154 σεβάσμιον
434 1101 550 1153 ἔχειν
591 1098 664 1140 καὶ
707 1099 813 1153 μετὰ
856 1105 1050 1153 πονηρᾶς
1092 1101 1170 1141 τὸν
1215 1101 1320 1154 μετὰ
1364 1106 1498 1142 ταῦτα

10 1176 12 1182 ‘
34 1188 40 1192 ·
98 1184 131 1209 15
151 1173 251 1226 βίον
278 1169 456 1219 ἐλπίδος
482 1170 753 1223 διαιτᾶσθαι,
778 1171 890 1210 πολὺ
917 1177 1114 1223 κρεῖττον
1140 1169 1285 1223 ἡγεῖτο
1315 1171 1499 1212 ἐπιστεῖ-

150 1245 222 1283 λαι
253 1247 311 1297 τῷ
347 1241 388 1281 Γ
384 1241 466 1298 αΐςο
499 1272 508 1281 .
529 1272 538 1282 .
561 1272 569 1280 .
600 1241 649 1281 τὸ
682 1238 923 1293 ἀνήκεστον
956 1240 1107 1294 αὐτοῦ,
1140 1240 1247 1295 ὀργῇ
1286 1240 1500 1296 φέροντος

151 1310 240 1368 (τὸ)
271 1311 328 1365 μὴ
363 1309 409 1352 ἐκ
440 1316 518 1352 τοῦ
551 1309 671 1360 ὀξέος
704 1309 1078 1364 δεδιακονημένου
1109 1311 1245 1353 αὐτοῦ
1284 1319 1377 1361 ταῖς
1408 1311 1499 1353 ε’πι-

149 1386 345 1431 στολαῖς·
377 1381 521 1435 <278>
553 1381 661 1435 τάχα
693 1377 773 1434 μὲν
806 1381 889 1434 γὰρ
922 1378 993 1421 καὶ
1033 1383 1215 1434 πείσειν,
1256 1380 1329 1423 καὶ
1366 1388 1416 1437 τῇ
1448 1384 1497 1424 τὸ

149 1460 324 1505 πρῶτον
356 1453 490 1507 μανία
522 1457 597 1505 τῆς
623 1451 798 1504 γνώμης
825 1449 1120 1504 ἐπιμένοντος,
1147 1452 1339 1501 ἅψεσθαι
1371 1452 1496 1494 πολέ-

96 1536 130 1560 20
150 1539 235 1578 μου
274 1527 353 1564 τοῦ
393 1522 501 1574 πρὸς
539 1520 717 1569 αὐτούς·
760 1521 800 1561 εἰ
841 1518 879 1560 δ’
917 1520 1002 1575 ἄρα
1042 1536 1083 1562 τι
1120 1519 1192 1562 καὶ
1229 1519 1322 1563 κατ’
1359 1523 1496 1564 αὐτοῦ

150 1592 350 1649 τρέποιτο
390 1597 464 1645 τῆς
505 1591 657 1646 ὀργῆς,
698 1594 840 1640 καλῶς
882 1593 997 1645 ἔχειν
1041 1598 1131 1640 τοῖς
1173 1591 1328 1646 ἀρετῆς
1371 1608 1496 1646 μετα-

149 1661 431 1718 ποιουμένοις
462 1660 570 1716 ὑπὲρ
602 1660 782 1716 τοσῆσδ’
821 1661 1073 1715 ἀνθρώπων
1111 1663 1311 1715 πληθύος
1352 1667 1497 1706 τελευ-

149 1741 242 1777 τᾶν.
305 1736 446 1787 ἔκρινε
481 1730 519 1774 δ’
559 1729 640 1774 οὖν
681 1734 875 1774 πιθανὸν
913 1732 1120 1786 ἡγεῖσθαι
1152 1740 1240 1775 τῶν
1273 1733 1496 1789 δεομένων

149 1807 226 1848 τὸν
260 1807 405 1857 λόγον.

96 1888 130 1915 25
239 1875 384 1929 <279>
417 1873 689 1927 συγκαλέσας
720 1871 758 1915 δ’
799 1874 859 1923 είς
889 1875 970 1928 τὴν
1003 1874 1237 1928 Τιβεριάδα
1268 1876 1371 1924 τοὺς
1391 1874 1496 1918 Ἰου-

151 1948 304 1996 δαίους
349 1944 414 2001 (οἳ
457 1943 496 1986 δ’
545 1944 756 1999 ἀφίκοντο
794 1943 952 1986 πολλαὶ
991 1945 1238 2000 μυριάδες),
1283 1947 1497 1996 καταστὰς

150 2014 217 2060 ἐπ’
255 2017 400 2058 αὐτῶν
426 2017 506 2069 τήν
533 2014 570 2056 τ’
602 2015 648 2056 έν
674 2021 733 2071 τῷ
759 2016 944 2069 παρόντι
972 2018 1201 2070 στρατείαν
1233 2016 1288 2058 οὐ
1319 2018 1497 2071 γνώμης

150 2086 344 2142 ἀπέφηνε
377 2092 450 2140 τῆς
494 2086 646 2139 αὑτοῦ,
677 2091 756 2127 τοῦ
789 2081 828 2126 δ’
874 2085 1196 2141 αὐτοκράτορος
1236 2094 1324 2128 τῶν
1361 2099 1497 2141 προσ-

149 2158 379 2212 ταγμάτων
411 2157 490 2210 τὴν
523 2156 660 2211 ὀργὴν
691 2153 824 2197 οὐδὲν
856 2157 917 2205 εἰς
954 2155 1172 2210 ἀναβολὰς
1206 2156 1301 2198 ἀλλ’
1337 2157 1383 2199 ἐκ
1418 2164 1495 2200 τοῦ

95 2241 131 2267 30
149 2234 408 2284 παραχρῆμα
453 2225 738 2281 ἐπιφέρεσθαι
782 2233 872 2275 τοῖς
923 2227 1161 2281 [πράγμασι
1205 2228 1312 2282 τοῖς]
1358 2243 1496 2283 παρα-

246 2314 263 2351 g
289 2311 357 2342 279
384 2309 428 2343 cf.
456 2307 546 2341 Bell.
574 2307 651 2342 Iud.
678 2306 711 2340 H
740 2310 794 2351 10,
821 2310 852 2342 5.
