1732 2526
128 750 148 781 3

177 66 233 107 48
674 66 1036 99 ΑΡΧΑΙΟΛΟΓῙΑΣ

170 172 392 227 “Ηρώδου,
430 172 633 227 Νάκεβος
672 170 711 214 δ’
756 173 779 215 ὁ
817 180 905 214 τῶν
937 170 1137 227 Ἀράβων
1176 174 1417 227 στρατηγὸς
1453 171 1525 215 καὶ

175 242 275 299 περὶ
318 247 455 285 εἴκοσι
499 242 627 285 πέντε
671 251 758 286 τῶν
803 246 886 285 σὺν
931 243 1047 300 αὐτῷ
1090 245 1348 297 πίπτουσιν,
1393 243 1438 285 οἱ
1479 242 1517 285 δ’
1551 252 1556 256 ”

176 315 302 356 ἄλλοι
328 315 437 369 πρὸς
462 315 611 369 φυγὴν
637 314 893 370 ἐτράποντο,
919 314 1064 368 <285>
1091 314 1321 368 τισάμενος
1350 311 1397 355 δὲ
1424 315 1524 356 τού-

175 401 292 438 τους,
323 387 590 440 τρισχιλίους
624 383 884 440 Ἰδουμαίων
923 383 993 426 ἐπὶ
1031 391 1081 439 τῇ
1122 386 1412 440 Τραχωνίτιδι
1450 401 1524 426 κα-

174 457 367 505 τοικίσας
398 453 516 510 εἶργε
548 456 708 511 λῃστὰς
739 458 840 505 τοὺς
871 455 973 509 ἐκεῖ,
1006 454 1078 497 καὶ
1103 454 1202 511 περὶ
1234 456 1403 498 τούτων
1435 462 1525 506 τοῖς

174 526 385 580 ἡγεμόσιν
418 528 578 581 ἔπεμπε
610 525 710 581 περὶ
744 529 959 581 Φοινίκην
992 523 1135 580 οὖσιν,
1168 525 1431 576 ἀποδεικνὺς
1458 526 1525 568 ὅτι

175 594 314 651 μηδὲν
351 596 488 639 πλέον
521 593 583 638 ὧν
616 596 986 651 ἀγνωμονοῦντας
1018 597 1269 647 ἐπεξελθεῖν
1302 598 1390 639 ε”δει
1422 598 1525 647 τοὺς

165 665 357 722 ’Ἀραβας
389 668 504 724 αὐτῷ
531 666 785 722 πέπρακται.
829 675 964 710 ταῦτα
990 665 1070 722 μὲν
1096 664 1179 709 οὖν
1205 667 1364 710 ἐκεῖνοι
1390 671 1524 710 πολυ-

175 745 534 793 πραγμονοῦντες
566 738 772 794 εὕρισκον
805 738 858 780 οὐ
891 740 1187 793 ψευδόμενον·
1225 739 1369 792 <286>
1402 740 1524 793 ἄγγε-

174 812 243 850 λοι
289 807 336 850 δὲ
381 811 588 867 Συλλαίῳ
626 811 1000 865 καταταχήσαντες
1037 811 1099 859 εἰς
1141 810 1221 864 τὴν
1258 808 1427 864 Ῥώμην
1470 810 1522 851 τὰ

172 878 457 935 πεπραγμένα
495 880 754 935 διεσάφουν,
791 882 853 930 εἰς
890 883 1052 935 μεῖζον,
1090 881 1148 930 ὡς
1179 881 1308 934 εἰκός,
1340 879 1524 922 ἕκαστον

173 958 261 992 τῶν
287 952 537 1004 γεγονότων
568 954 777 1006 αἴροντες.
808 951 953 1006 <287>
974 950 996 992 ὃ
1025 947 1063 992 δ’
1094 952 1178 1005 ἤδη
1205 949 1285 1005 μὲν
1313 950 1523 1005 ἐπεπραγ-

173 1020 358 1075 μάτευτο
404 1022 623 1076 γνώριμος
663 1018 778 1063 εἶναι
823 1024 1036 1077 Καίσαρι,
1078 1024 1175 1064 τότε
1219 1019 1265 1063 δὲ
1304 1020 1405 1077 περὶ
1444 1023 1523 1076 τὴν

174 1091 315 1145 αὐλὴν
347 1091 746 1147 ἀναστρεφόμενος,
778 1092 837 1142 ὡς
862 1094 1066 1147 ἤκουσεν,
1099 1093 1238 1142 εὐθὺς
1263 1091 1523 1148 μεταμφιέν-

173 1178 301 1204 νυται
328 1162 541 1217 μέλαιναν
568 1162 747 1217 ἐσθῆτα,
773 1161 845 1205 καὶ
871 1165 1109 1219 παρελθὼν
1135 1165 1283 1218 ἔλεγεν
1309 1164 1367 1213 ὡς
1387 1164 1523 1206 αὐτὸν

175 1233 240 1275 ὅτι
271 1233 447 1291 πολέμῳ
480 1235 531 1276 τὰ
561 1233 661 1291 περὶ
693 1235 773 1289 τὴν
795 1233 1007 1290 Ἀραβίαν
1039 1239 1105 1290 εἴη
1139 1234 1419 1289 κεκακωμένα
1450 1233 1523 1276 καὶ

173 1310 290 1346 πᾶσα
322 1303 564 1355 ἀνάστατος
595 1305 620 1359 ἡ
654 1307 871 1360 βασιλεία,
903 1312 1083 1362 στρατιᾷ
1112 1309 1423 1361 πορθήσαντος
1448 1305 1524 1347 αὐ-

173 1376 253 1429 τὴν
285 1372 503 1431 (Ηρώδου.
565 1377 710 1431 <288>
749 1377 955 1432 δακρύων
994 1374 1042 1418 δὲ
1086 1379 1400 1426 πεντακοσίους
1442 1374 1522 1431 μὲν

175 1444 244 1487 ἐπὶ
278 1447 510 1502 δισχιλίοις
536 1445 735 1502 Ἀράβων
766 1445 1042 1490 ἀπολωλέναι
1073 1449 1176 1496 τοὺς
1200 1448 1401 1502 πρώτους
1433 1449 1522 1489 ἔλε-

174 1533 264 1570 γεν,
291 1516 541 1572 ἀνῃρῆσθαι
575 1515 623 1559 δὲ
655 1517 726 1560 καὶ
758 1519 836 1560 τὸν
862 1519 1107 1572 στρατηγὸν
1132 1517 1279 1560 αὐτῶν
1298 1518 1522 1573 Νάκεβον,

175 1589 338 1630 οἰκεῖον
383 1588 499 1645 αὐτῷ
542 1587 613 1630 καὶ
660 1596 874 1644 συγγενῆ,
917 1592 1112 1631 πλοῦτον
1157 1587 1205 1630 δὲ
1248 1590 1521 1644 διηρπάσθαι

174 1660 251 1701 τὸν
290 1658 337 1700 έν
368 1657 602 1713 Ῥαΐπτοις,
649 1664 1070 1715 καταπεφρονῆσθαι
1110 1657 1157 1702 δὲ
1201 1661 1280 1702 τὸν
1318 1658 1521 1715 Ὀβόδαν,

174 1726 245 1770 ὑπ’
285 1728 519 1779 ἀσθενείας
551 1730 633 1772 οὐκ
665 1730 908 1785 ἀρκέσαντα
940 1732 998 1788 τῷ
1025 1730 1202 1788 πολέμῳ
1236 1732 1309 1773 διὰ
1340 1732 1388 1773 τὸ
1417 1728 1515 1786 μήτ’

174 1800 306 1849 αὐτὸς
337 1802 442 1855 μήτε
480 1801 560 1855 τὴν
593 1799 830 1856 Ἀραβικὴν
870 1802 1062 1856 δύναμιν
1099 1810 1315 1856 παρεῖναι.
1372 1801 1519 1857 <289>

172 1877 354 1912 τοιαῦτα
385 1877 464 1913 τοῦ
485 1874 713 1914 Συλλαίου
746 1871 963 1926 λέγοντος,
989 1872 1061 1914 καὶ
1086 1872 1402 1928 προστιθέντος
1428 1872 1518 1915 ἐπι·
1538 1884 1571 1910 25

172 1944 356 1996 φθόνως
383 1942 439 1991 ὡς
465 1940 560 1984 οὐδ’
593 1941 648 1984 ἂν
674 1943 805 1993 αὐτὸς
831 1941 1018 1986 ἀπέλθοι
1044 1949 1118 1997 τῆς
1143 1945 1285 1999 χώρας
1310 1944 1368 1999 μὴ
1394 1958 1517 1986 πεπι-

174 2013 365 2061 στευκὼς
396 2012 462 2054 ὅτι
494 2015 685 2068 Καίσαρι
718 2013 842 2068 μέλοι
873 2015 954 2069 τὴν
991 2015 1172 2069 εἰρήνην
1205 2015 1367 2056 ἅπασιν
1402 2012 1517 2057 εἶναι

172 2084 281 2138 πρὸς
313 2082 544 2137 ἀλλήλους,
575 2083 697 2138 μηδ’,
735 2086 775 2126 εἰ
803 2086 956 2141 παρὼν
987 2084 1224 2140 ἐτύγχανεν
1254 2084 1356 2139 ἐκεῖ,
1394 2089 1516 2128 λυσι-

171 2156 315 2208 τελοίη
347 2159 525 2207 ποιῆσαι
557 2156 636 2196 τὸν
667 2157 860 2210 πόλεμον
888 2154 1082 2212 “Ηρώδῃ,
1119 2155 1415 2211 παροξυνθεὶς
1446 2155 1515 2198 ε’πὶ

171 2231 262 2274 τοῖς
293 2223 546 2279 λεγομένοις
577 2225 599 2267 ὁ
632 2227 803 2281 Καῖσαρ
837 2225 1039 2281 ἀνέκρινε
1070 2234 1158 2269 τῶν
1182 2225 1388 2282 “Ηρώδου
1414 2229 1516 2278 τοὺς
1535 2239 1569 2264 30

171 2296 391 2351 παρόντας
430 2294 502 2337 καὶ
546 2303 633 2337 τῶν
676 2297 803 2339 ἰδίων
847 2299 949 2347 τοὺς
992 2297 1075 2340 ἀπὸ
1118 2299 1287 2354 Συρίας
1329 2299 1517 2352 ἥκοντας

1544 822 1577 847 10

1544 1174 1578 1200 15

1541 1530 1574 1555 20
