1732 2526
595 68 1002 102 οΚΤΩΚΑΙΔΕΚΑΤΠ
1386 65 1467 106 197

125 175 231 228 ἐκεῖ,
270 176 347 217 τὸν
379 175 572 229 ἀδελφὸν
605 172 652 215 δὲ
680 172 901 216 Ἀνιλαῖον
936 173 1138 229 ἐκπέμπει
1176 174 1281 229 μετὰ
1314 174 1471 228 δώρων

125 247 263 288 ὁπόσα
294 248 471 299 πορίσαι
497 242 563 299 ἦν.
613 244 684 286 καὶ
717 244 739 286 ὃ
767 243 847 298 μὲν
874 244 1026 301 ᾤχετο,
1058 243 1127 286 καὶ
1157 245 1329 293 εἴσοδος
1354 244 1471 300 αὐτῷ

125 319 319 370 γίγνεται
351 317 466 370 παρὰ
493 313 689 369 βασιλέα·
731 313 995 369 Ἀρτάβανος
1022 313 1063 355 δ’
1096 314 1187 356 ἐπεὶ
1213 319 1368 356 θεᾶται
1394 316 1472 356 τὸν

120 385 341 428 Ἀνιλαῖον
383 386 489 427 κατὰ
531 387 668 440 μόνας
708 385 891 439 ἥκοντα,
935 386 1063 438 ἤρετο
1103 386 1182 438 τὴν
1221 386 1363 426 αἰτίαν
1394 390 1473 426 τοῦ

91 469 231 499 κατα
275 458 352 499 τὸν
391 454 615 498 Ἀσιναῖον
659 454 1014 539 ἐφυστερηκότος.
1086 455 1242 509 <328>
1289 453 1378 495 ἐπεὶ
1425 453 1474 496 δε

124 527 397 570 πυνθάνεται
435 526 569 568 αὐτὸν
608 526 813 567 δείσαντα
851 525 898 566 ἐν
936 531 995 582 τῷ
1029 524 1116 567 ἕλει
1149 523 1407 579 ὑπομένειν,
1450 524 1496 578 ὃγ

125 596 173 640 δε
216 598 318 646 τούς
360 612 404 638 τε
447 597 657 650 πατριόυς
700 597 835 645 θεοὺς
879 595 1108 650 ἐπώμνυτο
1157 593 1296 650 μηδεν
1339 596 1474 637 κακὸν

125 668 303 722 δράσειν
329 666 496 716 ἀὐτοὺς
527 668 667 708 πίστει
700 672 749 721 τῇ
777 666 914 708 αὐτοῦ
940 668 1370 721 προσκεχωρηκότας,
1402 664 1474 707 καὶ

123 738 202 792 τὴν
248 736 394 787 δεξιὰν
440 736 610 790 ἐδίδου,
663 736 768 791 ὅπερ
819 735 1025 791 μέγιστον
1075 738 1192 791 παρὰ
1235 742 1341 778 πᾶσι
1384 743 1475 785 τοῖς

73 820 106 844 10
126 806 269 862 ἐκείνῃ
295 807 534 861 βαρβάροις
552 807 827 861 παράδειγμα
853 813 932 848 τοῦ
951 812 1139 861 θαρρεῖν
1166 809 1359 860 γίγνεται
1385 814 1475 856 τοῖς

125 878 375 932 ὁμιλοῦσιν·
419 878 563 931 <32Η>
597 878 649 920 οὐ
682 878 764 932 γὰρ
797 877 852 919 ἂν
877 878 1088 927 ψεύσαιτό
1121 894 1184 926 τις
1211 876 1366 927 δεξιῶν
1392 875 1468 918 ὑπ’

124 949 259 990 αὐτοῦ
293 949 456 997 δόσεως
488 946 745 1002 γενομένης,
788 946 892 989 οὐδὲ
929 949 1152 989 πιστεύειν
1192 947 1474 1001 ἐνδοιάσειεν,

125 1019 164 1059 εἰ
194 1016 359 1060 τοιᾶσδ’
392 1017 633 1072 ἀσφαλείας
665 1019 786 1067 δόσις
818 1018 989 1071 γένοιτο
1021 1019 1138 1073 παρὰ
1171 1027 1258 1060 τῶν
1289 1018 1336 1060 ἐν
1371 1019 1475 1060 ὑπο-

124 1080 203 1144 ψίᾳ
230 1087 345 1144 (τοῦ)
375 1088 600 1142 ἀδικήσειν
626 1090 976 1142 καθεστηκότων.
1021 1088 1094 1130 καὶ
1109 1087 1373 1143 Ἀρτάβανος
1395 1086 1475 1142 μὲν

34 1170 104 1195 -15
123 1164 258 1200 ταῦτα
301 1158 466 1212 πράξας
509 1157 714 1213 ἐκπέμπει
762 1160 839 1201 τὸν
879 1157 1101 1201 Ἀνιλαῖον
1145 1160 1352 1201 πείσοντα
1397 1160 1474 1200 τὸν

123 1228 317 1284 ἀδελφὸν
351 1228 623 1271 ἐπανελθεῖν.
674 1229 820 1284 (330)
853 1231 1032 1284 ἔπραττε
1066 1227 1114 1271 δὲ
1141 1227 1269 1271 ταῦθ’
1303 1229 1325 1271 ὁ
1352 1231 1474 1283 βασι-

124 1301 223 1348 λεὺς
265 1297 435 1355 χρῄζων
480 1299 746 1354 ἐνστόμισμα
789 1301 870 1354 τὴν
914 1300 1074 1356 ἀρετὴν
1119 1307 1205 1341 τῶν
1244 1298 1473 1341 Ἰουδαίων

123 1368 327 1424 ἀδελφῶν
368 1371 429 1420 εἰς
469 1372 621 1424 φιλίαν
663 1371 931 1424 κτήσασθαι,
975 1377 1063 1412 τῶν
1102 1369 1272 1412 ἐκείνου
1316 1381 1472 1423 σατρα-

122 1447 258 1481 πειῶν
292 1439 338 1481 ἐν
370 1439 603 1481 ἀποστάσει
634 1439 782 1481 οὐσῶν
813 1439 885 1482 καὶ
918 1442 1094 1497 διανοίᾳ
1121 1446 1197 1482 τοῦ
1231 1439 1473 1494 ἀποστησο-

69 1522 103 1547 20
123 1508 274 1564 μένου,
306 1509 477 1564 μέλλων
507 1509 679 1552 ἐλάσειν
707 1509 770 1552 ἐπ’
802 1511 973 1560 αὐτούς.
1027 1512 1168 1564 <33l>
1205 1509 1364 1551 ἐδεδίει
1390 1511 1472 1564 γὰρ

123 1580 180 1633 μὴ
213 1578 283 1621 καὶ
316 1579 636 1636 περιεχομένου·
660 1579 834 1637 πολέμῳ
866 1587 925 1638 τῷ
961 1580 1104 1636 ἐκείνῃ
1134 1582 1240 1622 κατὰ
1267 1583 1474 1635 χείρωσιν

123 1657 210 1691 τῶν
253 1650 563 1705 ἀφεστηκότων
608 1650 863 1704 αὐξηθῶσιν
908 1650 976 1693 ἐπὶ
1022 1650 1131 1706 μέγα
1173 1652 1219 1693 οἱ
1256 1650 1355 1706 περὶ
1395 1652 1472 1693 τὸν

116 1717 340 1762 Ἀσιναῖον
365 1719 437 1762 καὶ
463 1721 542 1775 τὴν
562 1723 855 1775 Βαβυλωνίαν
888 1723 982 1776 ἤτοι
1009 1737 1057 1776 γε
1084 1723 1374 1776 συστήσονται
1401 1719 1465 1763 ἐπ’

121 1789 326 1845 ἀκροάσει
364 1797 413 1845 τῇ
448 1790 612 1844 αὐτῶν,
652 1791 676 1845 ἢ
710 1790 780 1833 καὶ
818 1793 977 1834 τούτου
1017 1790 1057 1846 γ’
1093 1792 1356 1848 ἀτυχοῦντες
1392 1798 1471 1834 τοῦ

68 1872 102 1898 ‘25
122 1868 313 1903 κακῶσαι
345 1863 553 1915 μειζόνως
585 1861 637 1903 οὐ
670 1862 962 1916 διαμάρτοιεν.

212 1932 265 1985 <3
270 1933 354 1985 32>
396 1931 417 1973 ὃ
460 1947 540 1985 μεν
583 1932 636 1986 δὴ
679 1939 811 1974 ταῦτα
855 1931 1110 1986 διανοηθεὶς
1148 1932 1351 1987 ἐκπέμπει
1392 1934 1469 1975 τὸν

116 1999 360 2055 Ἀνιλαῖον,
393 2002 418 2044 ὁ
449 1999 497 2043 δε
525 2000 742 2052 Ἀνιλαῖος
773 2005 965 2053 πιθανὸς
996 2001 1052 2058 ἦν
1083 2003 1285 2061 τάδελφῷ
1318 2019 1397 2059 την
1429 2003 1465 2045 τ’

120 2072 260 2126 ἄλλην
285 2074 542 2128 προθυμίαν
564 2073 855 2127 διηγούμενος
880 2079 958 2115 τοῦ
984 2073 1195 2129 βασιλέως
1219 2073 1291 2116 καὶ
1318 2074 1470 2129 ὅρκιον

119 2143 168 2183 τὸ
206 2141 519 2197 γεγενημένον·
565 2143 672 2184 ὥστε
712 2143 765 2197 δὴ
798 2143 1031 2197 ἠπείγοντο
1070 2144 1127 2193 ὡς
1158 2146 1236 2186 τὸν
1263 2143 1468 2199 Ἀρτάβα-

67 2223 100 2248 30
120 2228 213 2254 vov.
275 2213 418 2267 <333>
451 2213 473 2254 ὃ
507 2211 545 2254 δ’
584 2212 724 2268 ἡδονῇ
762 2213 924 2263 αὐτοὺς
962 2212 1131 2269 δέχεται
1172 2214 1468 2269 παραγενομέ-

118 2298 239 2336 νους,
273 2282 494 2337 ἐθαύμαζέ
521 2298 564 2324 τε
598 2284 674 2325 τὸν
702 2279 922 2326 Ἀσιναῖον
954 2289 1033 2326 τοῦ
1067 2284 1114 2326 ἐν
1141 2292 1234 2334 ταῖς
1259 2283 1467 2340 πράξεσιν

1496 1945 1517 1975 ›F—
