1732 2526
201 72 289 113 254
693 73 1056 106 ΑΡΧΑΙΟΛΟΓΙΑΣ

200 178 300 234 περὶ
345 179 512 221 τούτων
558 178 799 235 γενομένην
839 187 927 222 τῶν
969 181 1151 222 δικαίων
1193 179 1363 234 αὐτοῖς,
1407 180 1559 234 (283)

202 250 289 304 ἅμα
320 248 422 291 καθ’
460 249 512 292 ὃν
543 252 698 305 καιρὸν
725 248 908 300 Ἀκύλας
945 247 1000 304 ἧν
1039 249 1086 292 ἐν
1113 247 1438 307 Ἀλεξανδρείᾳ,
1480 249 1552 293 καὶ

201 321 541 373 τελευτήσαντος
578 327 656 363 τοῦ
693 328 781 363 τῶν
815 318 1041 363 Ἰουδαίων
1086 319 1309 375 ἐθνάρχου
1352 322 1430 363 τὸν
1469 324 1552 363 Σε-

201 391 366 445 βαστὸν
407 391 464 444 μὴ
506 389 797 431 κεκωλυκέναι
837 389 1055 445 ἐθνάρχας
1096 391 1350 443 γίγνεσθαι,
1394 392 1551 444 βουλό-

202 476 338 515 μενον
381 460 677 515 ὑποτετάχθαι
729 459 937 510 ἑκάστους
980 459 1246 514 ἐμμένοντας
1288 468 1379 510 τοῖς
1423 461 1552 510 ἰδίοις
1589 477 1605 501 5

203 533 326 574 ἔθεσι
357 530 429 573 καὶ
456 532 512 586 μὴ
539 533 829 585 παραβαίνειν
855 530 1233 585 ἀναγκαζομένους
1262 531 1342 585 τὴν
1367 531 1551 586 πάτριον

200 603 458 656 θρησκείαν,
491 602 633 656 <284>
661 598 959 656 Ἀλεξανδρεῖς
985 600 1031 643 δὲ
1059 601 1306 655 ἐπαρθῆναι
1330 602 1438 643 κατὰ
1463 609 1551 643 τῶν

200 671 303 727 παρ’
340 672 489 721 αὐτοῖς
515 670 745 714 Ἰουδαίων
786 670 855 713 ἐπὶ
894 680 980 713 τῶν
1014 674 1152 714 Γαΐου
1190 674 1414 727 Καίσαρος
1451 674 1550 727 χρό-

200 759 313 796 νων,
351 749 430 784 τοῦ
470 743 542 784 διὰ
579 743 659 796 τὴν
696 743 864 796 πολλὴν
903 741 1119 784 ἀπόνοιαν
1156 741 1228 784 καὶ
1265 743 1551 798 παραφροσύ-

200 830 303 868 νην,
348 813 414 854 ὅτι
452 813 509 867 μὴ
548 814 798 866 παραβῆναι
836 811 1026 867 ἠθέλησε
1066 814 1114 855 τὸ
1146 810 1377 855 Ἰουδαίων
1419 815 1551 863 ἔθνος
1571 829 1604 853 10

200 885 280 938 τὴν
312 883 498 937 πάτριον
529 885 771 937 θρησκείαν
797 882 868 924 καὶ
893 884 1003 925 θεὸν
1029 884 1375 938 προσαγορεύειν
1400 882 1550 938 αὐτόν,

199 955 550 1003 ταπεινώσαντος
576 953 750 1007 αὐτούς,
783 953 926 1007 (285)
959 955 1176 1008 βούλομαι
1207 951 1346 1008 μηδὲν
1373 954 1445 995 διὰ
1470 954 1550 1007 τὴν

201 1027 243 1066 Γ
238 1027 337 1067 αι”ου
370 1025 718 1079 παραφροσύνην
749 1032 839 1066 τῶν
871 1025 1053 1066 δικαίων
1086 1031 1145 1081 τῷ
1173 1022 1399 1066 Ἰουδαίων
1429 1025 1550 1066 ἔθνει
1581 1048 1585 1049 ⁷

198 1094 610 1151 παραπεπτωκέναι,
647 1095 957 1149 φυλάσσεσθαι
991 1092 1039 1136 δὲ
1071 1095 1221 1144 αὐτοῖς
1256 1093 1329 1136 καὶ
1360 1095 1412 1136 τὰ
1444 1096 1549 1149 πρό-

198 1181 327 1221 τερον
365 1166 655 1219 δικαιώματα,
693 1165 930 1220 ἐμμένουσι
967 1172 1059 1215 τοῖς
1098 1166 1226 1214 ἰδίοις
1257 1167 1430 1219 ἔθεσιν,
1470 1164 1547 1219 ἀμ·
1569 1181 1600 1206 15

199 1235 403 1290 φοτέροις
439 1252 483 1277 τε
522 1237 828 1290 διακελεύομαι
864 1243 954 1285 τοῖς
991 1235 1140 1290 μέρεσι
1177 1238 1386 1289 πλείστην
1423 1236 1547 1289 ποιή-

200 1312 364 1348 σασθαι
395 1308 610 1361 πρόνοιαν
649 1306 766 1356 ὅπως
803 1307 991 1361 μηδεμία
1028 1307 1193 1362 ταραχὴ
1234 1305 1410 1360 γένηται
1442 1307 1547 1360 μετὰ

199 1379 245 1419 τὸ
278 1380 554 1432 προτεθῆναί
582 1393 667 1431 μου
699 1378 747 1418 τὸ
782 1376 1026 1430 διάταγμα.’

150 1459 170 1489 3
285 1448 441 1502 <286>
484 1449 532 1490 τὸ
577 1445 657 1501 μὲν
702 1443 784 1489 οὖν
827 1449 890 1497 εἰς
927 1445 1260 1502 Ἀλεξάνδρειαν
1304 1444 1414 1501 ὑπὲρ
1459 1454 1546 1489 τῶν

193 1516 422 1560 Ἰουδαίων
461 1518 675 1572 διάταγμα
714 1524 871 1560 τοῦτον
908 1515 964 1572 ἦν
995 1520 1073 1560 τὸν
1110 1520 1275 1571 τρόπον
1306 1516 1547 1573 γεγραμμέ-
1566 1534 1600 1558 20

198 1605 294 1642 νον,
319 1590 367 1631 τὸ
395 1587 433 1630 δ’
460 1590 520 1638 εἰς
545 1589 625 1641 τὴν
652 1589 790 1643 ἄλλην
816 1587 1081 1643 οἰκουμένην
1107 1585 1223 1643 εἶχεν
1244 1588 1371 1630 οὕτω.
1403 1589 1546 1643 <28Ῑ>

199 1658 418 1715 ἽἻβέριος
450 1660 672 1709 Κλαύδιος
704 1662 877 1714 Καῖσαρ
905 1661 1130 1713 Σεβαστὸς
1155 1661 1197 1700 Γ
1193 1660 1441 1714 ερμανικός,
1473 1657 1546 1714 ἀρ-

197 1731 366 1784 χιερεὺς
410 1729 635 1784 μέγιστος,
686 1730 954 1784 δημαρχικῆς
999 1729 1196 1780 ἐξουσίας
1229 1761 1238 1771 .
1265 1762 1273 1771 .
1301 1762 1331 1782 .,
1384 1729 1546 1778 ὕπατος

196 1800 522 1855 χειροτονηθεὶς
548 1802 595 1842 τὸ
626 1801 848 1855 δεύτερον,
881 1800 1007 1854 λέγει.
1065 1800 1209 1854 <288>
1243 1797 1545 1854 αἰτησαμένων

196 1886 247 1925 με
279 1871 497 1925 βασιλέων
527 1867 739 1924 Ἀγρίππα
770 1870 841 1912 καὶ
861 1870 1066 1924 (Ηρώδου
1098 1878 1186 1913 τῶν
1217 1870 1439 1924 φιλτάτων
1470 1884 1544 1924 μοι
1563 1886 1597 1910 25

196 1941 311 1991 ὅπως
338 1942 665 1996 συγχωρήσαιμι
692 1941 743 1982 τὰ
769 1941 880 1982 αὐτὰ
901 1942 1047 2001 δίκαια
1072 1940 1145 1983 καὶ
1168 1949 1260 1990 τοῖς
1286 1940 1334 1983 ἐν
1357 1940 1472 1996 πάσῃ
1492 1946 1542 1995 τῇ

196 2011 280 2054 ὑπὸ
308 2011 532 2066 Ῥωμαίοις
568 2007 779 2068 ἡγεμονία
813 2010 1044 2061 Ἰουδαίοις
1081 2011 1388 2067 φυλάσσεσθαι
1426 2011 1543 2052 καθὰ

183 2081 266 2134 ,καὶ
297 2090 389 2131 τοῖς
421 2081 468 2123 ἐν
496 2078 820 2138 Ἀλεξανδρείᾳ,
861 2083 1017 2136 ἥδιστα
1050 2082 1348 2137 συνεχώρησα,
1381 2081 1434 2122 οὐ
1466 2083 1542 2135 μό-

195 2168 276 2194 νον
314 2159 442 2194 τοῦτο
484 2160 575 2201 τοῖς
612 2151 920 2206 αἰτησαμένοις
959 2169 1010 2207 με
1052 2154 1351 2208 χαριζόμενος,
1397 2151 1540 2204 <289>

195 2222 304 2264 ἀλλὰ
341 2222 412 2264 καὶ
451 2223 609 2271 αὐτοὺς
646 2220 755 2277 ὑπὲρ
795 2220 857 2264 ὧν
888 2225 1173 2277 παρεκλήθην
1211 2222 1358 2272 ἀξίους
1389 2223 1541 2274 κρίνας
1560 2238 1594 2263 3ο
1716 2238 1730 2264 ευ

195 2294 267 2334 διὰ
309 2294 388 2347 τὴν
429 2294 537 2348 πρὸς
566 2291 804 2347 Ῥωμαίους
843 2296 991 2335 πίστιν
1028 2291 1101 2334 καὶ
1138 2294 1312 2347 φιλίαν,
1356 2293 1540 2347 μάλιστα
