<?xml version="1.0" encoding="UTF-8"?>
<!DOCTYPE html PUBLIC "-//W3C//DTD XHTML 1.0 Transitional//EN"
    "http://www.w3.org/TR/xhtml1/DTD/xhtml1-transitional.dtd">
<html xmlns="http://www.w3.org/1999/xhtml" xml:lang="en" lang="en">
 <head>
  <title>
</title>
<meta http-equiv="Content-Type" content="text/html;charset=utf-8" />
  <meta name='ocr-system' content='tesseract 3.04.00' />
  <meta name='ocr-capabilities' content='ocr_page ocr_carea ocr_par ocr_line ocrx_word'/>
</head>
<body>
  <div class='ocr_page' id='page_1' title='image "./flaviiiosephiope04joseuoft_0355.png"; bbox 0 0 1732 2526; ppageno 0'>
   <div class='ocr_carea' id='block_1_1' title="bbox 658 88 1439 132">
    <p class='ocr_par' dir='ltr' id='par_1_1' title="bbox 658 88 1439 132">
     <span class='ocr_line' id='line_1_1' title="bbox 658 88 1439 132; baseline -0.004 -11"><span class='ocrx_word' id='word_1_1' title='bbox 658 88 871 121; x_wconf 72' lang='grc' dir='ltr'>ΕΙΚΟΣΤΗ</span> <span class='ocrx_word' id='word_1_2' title='bbox 1354 92 1439 132; x_wconf 82' lang='lat'><em>303</em></span> 
     </span>
    </p>
   </div>
   <div class='ocr_carea' id='block_1_2' title="bbox 11 196 1486 2368">
    <p class='ocr_par' dir='ltr' id='par_1_2' title="bbox 11 196 1486 2368">
     <span class='ocr_line' id='line_1_2' title="bbox 83 196 1439 253; baseline 0.001 -13"><span class='ocrx_word' id='word_1_3' title='bbox 83 196 320 252; x_wconf 77' lang='grc' dir='ltr'><em>Ἀγρίππας</em></span> <span class='ocrx_word' id='word_1_4' title='bbox 358 200 534 253; x_wconf 82' lang='grc' dir='ltr'><em>μείζονα</em></span> <span class='ocrx_word' id='word_1_5' title='bbox 574 199 654 252; x_wconf 88' lang='grc' dir='ltr'><em>τὴν</em></span> <span class='ocrx_word' id='word_1_6' title='bbox 695 200 918 240; x_wconf 87' lang='grc' dir='ltr'><em>Φιλίππου</em></span> <span class='ocrx_word' id='word_1_7' title='bbox 960 198 1236 253; x_wconf 78' lang='grc' dir='ltr'><em>καλουμένην</em></span> <span class='ocrx_word' id='word_1_8' title='bbox 1276 201 1439 242; x_wconf 86' lang='grc' dir='ltr'><em>Καισά-</em></span> 
     </span>
     <span class='ocr_line' id='line_1_3' title="bbox 89 269 1439 324; baseline 0.001 -14"><span class='ocrx_word' id='word_1_9' title='bbox 89 284 214 324; x_wconf 87' lang='grc' dir='ltr'><em>ρειαν</em></span> <span class='ocrx_word' id='word_1_10' title='bbox 246 269 589 322; x_wconf 76' lang='grc' dir='ltr'><em>κατασκευάσας,</em></span> <span class='ocrx_word' id='word_1_11' title='bbox 630 271 691 318; x_wconf 81' lang='grc' dir='ltr'><em>εἰς</em></span> <span class='ocrx_word' id='word_1_12' title='bbox 722 270 802 323; x_wconf 87' lang='grc' dir='ltr'><em>τὴν</em></span> <span class='ocrx_word' id='word_1_13' title='bbox 836 276 914 311; x_wconf 89' lang='grc' dir='ltr'><em>τοῦ</em></span> <span class='ocrx_word' id='word_1_14' title='bbox 946 269 1158 323; x_wconf 71' lang='grc' dir='ltr'><em>Νέρωνος</em></span> <span class='ocrx_word' id='word_1_15' title='bbox 1190 272 1320 324; x_wconf 87' lang='grc' dir='ltr'><em>τιμὴν</em></span> <span class='ocrx_word' id='word_1_16' title='bbox 1354 273 1439 312; x_wconf 74' lang='grc' dir='ltr'><em>Νε-</em></span> 
     </span>
     <span class='ocr_line' id='line_1_4' title="bbox 88 338 1439 394; baseline 0.001 -13"><span class='ocrx_word' id='word_1_17' title='bbox 88 340 285 393; x_wconf 88' lang='grc' dir='ltr'><em>ρωνιάδα</em></span> <span class='ocrx_word' id='word_1_18' title='bbox 328 342 697 394; x_wconf 75' lang='grc' dir='ltr'><em>προσηγόρευσεν.</em></span> <span class='ocrx_word' id='word_1_19' title='bbox 760 338 832 381; x_wconf 88' lang='grc' dir='ltr'><em>καὶ</em></span> <span class='ocrx_word' id='word_1_20' title='bbox 875 343 1111 393; x_wconf 71' lang='grc' dir='ltr'><em>Βηρυτίοις</em></span> <span class='ocrx_word' id='word_1_21' title='bbox 1155 339 1202 381; x_wconf 76' lang='grc' dir='ltr'><em>δὲ</em></span> <span class='ocrx_word' id='word_1_22' title='bbox 1247 340 1439 394; x_wconf 88' lang='grc' dir='ltr'><em>θεάτρον</em></span> 
     </span>
     <span class='ocr_line' id='line_1_5' title="bbox 87 410 1439 466; baseline 0.001 -14"><span class='ocrx_word' id='word_1_23' title='bbox 87 410 171 452; x_wconf 81' lang='grc' dir='ltr'><em>ἀπὸ</em></span> <span class='ocrx_word' id='word_1_24' title='bbox 204 414 381 452; x_wconf 81' lang='grc' dir='ltr'><em>πολλῶν</em></span> <span class='ocrx_word' id='word_1_25' title='bbox 413 410 646 466; x_wconf 89' lang='grc' dir='ltr'><em>χρημάτων</em></span> <span class='ocrx_word' id='word_1_26' title='bbox 672 410 1077 464; x_wconf 75' lang='grc' dir='ltr'><em>κατεσκευασμένον</em></span> <span class='ocrx_word' id='word_1_27' title='bbox 1102 419 1195 459; x_wconf 90' lang='grc' dir='ltr'><em>ταῖς</em></span> <span class='ocrx_word' id='word_1_28' title='bbox 1220 410 1312 452; x_wconf 86' lang='grc' dir='ltr'><em>κατ’</em></span> <span class='ocrx_word' id='word_1_29' title='bbox 1346 415 1439 461; x_wconf 79' lang='grc' dir='ltr'><em>ε’τος</em></span> 
     </span>
     <span class='ocr_line' id='line_1_6' title="bbox 50 480 1437 536; baseline 0.001 -15"><span class='ocrx_word' id='word_1_30' title='bbox 50 494 66 519; x_wconf 83' lang='grc'>5</span> <span class='ocrx_word' id='word_1_31' title='bbox 85 480 212 531; x_wconf 86' lang='grc' dir='ltr'><em>θέαις</em></span> <span class='ocrx_word' id='word_1_32' title='bbox 238 481 458 536; x_wconf 79' lang='grc' dir='ltr'><em>ἐδωρεῖτο,</em></span> <span class='ocrx_word' id='word_1_33' title='bbox 489 482 654 530; x_wconf 87' lang='grc' dir='ltr'><em>πολλὰς</em></span> <span class='ocrx_word' id='word_1_34' title='bbox 686 483 746 530; x_wconf 85' lang='grc' dir='ltr'><em>εἰς</em></span> <span class='ocrx_word' id='word_1_35' title='bbox 772 487 901 523; x_wconf 87' lang='grc' dir='ltr'><em>τοῦτο</em></span> <span class='ocrx_word' id='word_1_36' title='bbox 928 482 1144 535; x_wconf 73' lang='grc' dir='ltr'><em>μυριάδας</em></span> <span class='ocrx_word' id='word_1_37' title='bbox 1170 480 1437 523; x_wconf 80' lang='grc' dir='ltr'><em>ἀναλίσκων·</em></span> 
     </span>
     <span class='ocr_line' id='line_1_7' title="bbox 44 550 1437 608; baseline 0.001 -16"><span class='ocrx_word' id='word_1_38' title='bbox 44 586 50 593; x_wconf 96' lang='grc'><em>.</em></span> <span class='ocrx_word' id='word_1_39' title='bbox 85 552 230 605; x_wconf 73' lang='grc'>&lt;212&gt;</span> <span class='ocrx_word' id='word_1_40' title='bbox 262 559 384 593; x_wconf 90' lang='grc' dir='ltr'><em>σῖτον</em></span> <span class='ocrx_word' id='word_1_41' title='bbox 417 552 499 605; x_wconf 85' lang='grc' dir='ltr'><em>γὰρ</em></span> <span class='ocrx_word' id='word_1_42' title='bbox 533 551 684 593; x_wconf 89' lang='grc' dir='ltr'><em>ἐδίδου</em></span> <span class='ocrx_word' id='word_1_43' title='bbox 717 557 776 607; x_wconf 79' lang='grc' dir='ltr'><em>τῷ</em></span> <span class='ocrx_word' id='word_1_44' title='bbox 807 552 931 608; x_wconf 78' lang='grc' dir='ltr'><em>δήμῳ</em></span> <span class='ocrx_word' id='word_1_45' title='bbox 963 550 1034 593; x_wconf 86' lang='grc' dir='ltr'><em>καὶ</em></span> <span class='ocrx_word' id='word_1_46' title='bbox 1062 553 1209 592; x_wconf 77' lang='grc' dir='ltr'><em>ἔλαιον</em></span> <span class='ocrx_word' id='word_1_47' title='bbox 1237 551 1437 606; x_wconf 88' lang='grc' dir='ltr'><em>διένειμε.</em></span> 
     </span>
     <span class='ocr_line' id='line_1_8' title="bbox 85 619 1439 676; baseline 0 -13"><span class='ocrx_word' id='word_1_48' title='bbox 85 620 158 662; x_wconf 87' lang='grc' dir='ltr'><em>καὶ</em></span> <span class='ocrx_word' id='word_1_49' title='bbox 183 623 434 675; x_wconf 85' lang='grc' dir='ltr'><em>τὴνπᾶσαν</em></span> <span class='ocrx_word' id='word_1_50' title='bbox 461 619 509 662; x_wconf 79' lang='grc' dir='ltr'><em>δὲ</em></span> <span class='ocrx_word' id='word_1_51' title='bbox 535 623 666 663; x_wconf 92' lang='grc' dir='ltr'><em>πόλιν</em></span> <span class='ocrx_word' id='word_1_52' title='bbox 692 621 971 676; x_wconf 78' lang='grc' dir='ltr'><em>ἀνδριάντων</em></span> <span class='ocrx_word' id='word_1_53' title='bbox 992 621 1227 662; x_wconf 88' lang='grc' dir='ltr'><em>ἀναθέσεσι</em></span> <span class='ocrx_word' id='word_1_54' title='bbox 1255 621 1325 663; x_wconf 88' lang='grc' dir='ltr'><em>καὶ</em></span> <span class='ocrx_word' id='word_1_55' title='bbox 1346 631 1439 672; x_wconf 88' lang='grc' dir='ltr'><em>ταῖς</em></span> 
     </span>
     <span class='ocr_line' id='line_1_9' title="bbox 84 680 1438 747; baseline 0.001 -14"><span class='ocrx_word' id='word_1_56' title='bbox 84 699 174 733; x_wconf 87' lang='grc' dir='ltr'><em>τῶν</em></span> <span class='ocrx_word' id='word_1_57' title='bbox 211 691 407 746; x_wconf 87' lang='grc' dir='ltr'><em>ἀρχαίων</em></span> <span class='ocrx_word' id='word_1_58' title='bbox 445 691 684 742; x_wconf 81' lang='grc' dir='ltr'><em>ἀποτύποις</em></span> <span class='ocrx_word' id='word_1_59' title='bbox 721 694 889 734; x_wconf 84' lang='grc' dir='ltr'><em>εἰκόσιν</em></span> <span class='ocrx_word' id='word_1_60' title='bbox 930 691 1127 746; x_wconf 80' lang='grc' dir='ltr'><em>ἐκόσμει,</em></span> <span class='ocrx_word' id='word_1_61' title='bbox 1168 680 1239 733; x_wconf 84' lang='grc' dir='ltr'><em>καὶ</em></span> <span class='ocrx_word' id='word_1_62' title='bbox 1281 699 1438 747; x_wconf 88' lang='grc' dir='ltr'><em>μικροῦ</em></span> 
     </span>
     <span class='ocr_line' id='line_1_10' title="bbox 87 753 1437 817; baseline 0.001 -14"><span class='ocrx_word' id='word_1_63' title='bbox 87 763 181 804; x_wconf 82' lang='grc' dir='ltr'><em>δεῖν</em></span> <span class='ocrx_word' id='word_1_64' title='bbox 207 753 348 804; x_wconf 86' lang='grc' dir='ltr'><em>πάντα</em></span> <span class='ocrx_word' id='word_1_65' title='bbox 379 764 456 804; x_wconf 87' lang='grc' dir='ltr'><em>τὸν</em></span> <span class='ocrx_word' id='word_1_66' title='bbox 488 769 564 816; x_wconf 88' lang='grc' dir='ltr'><em>τῆς</em></span> <span class='ocrx_word' id='word_1_67' title='bbox 589 765 813 816; x_wconf 86' lang='grc' dir='ltr'><em>βασιλείας</em></span> <span class='ocrx_word' id='word_1_68' title='bbox 844 765 1010 817; x_wconf 88' lang='grc' dir='ltr'><em>κόσμον</em></span> <span class='ocrx_word' id='word_1_69' title='bbox 1044 762 1134 804; x_wconf 80' lang='grc' dir='ltr'><em>ἐκεῖ</em></span> <span class='ocrx_word' id='word_1_70' title='bbox 1162 765 1437 817; x_wconf 77' lang='grc' dir='ltr'><em>μετήνεγκεν.</em></span> 
     </span>
     <span class='ocr_line' id='line_1_11' title="bbox 11 829 1437 889; baseline 0.002 -17"><span class='ocrx_word' id='word_1_71' title='bbox 11 839 64 871; x_wconf 80' lang='grc' dir='ltr'><em>ἰο</em></span> <span class='ocrx_word' id='word_1_72' title='bbox 85 840 212 887; x_wconf 88' lang='grc' dir='ltr'><em>μῖσος</em></span> <span class='ocrx_word' id='word_1_73' title='bbox 244 829 326 874; x_wconf 82' lang='grc' dir='ltr'><em>οὖν</em></span> <span class='ocrx_word' id='word_1_74' title='bbox 358 833 474 889; x_wconf 77' lang='grc' dir='ltr'><em>αὐτῷ</em></span> <span class='ocrx_word' id='word_1_75' title='bbox 507 834 623 888; x_wconf 78' lang='grc' dir='ltr'><em>παρὰ</em></span> <span class='ocrx_word' id='word_1_76' title='bbox 654 841 742 875; x_wconf 83' lang='grc' dir='ltr'><em>τῶν</em></span> <span class='ocrx_word' id='word_1_77' title='bbox 773 833 981 888; x_wconf 84' lang='grc' dir='ltr'><em>ὑπηκόων</em></span> <span class='ocrx_word' id='word_1_78' title='bbox 1014 834 1165 887; x_wconf 78' lang='grc' dir='ltr'><em>ηὔξετο</em></span> <span class='ocrx_word' id='word_1_79' title='bbox 1194 834 1266 875; x_wconf 87' lang='grc' dir='ltr'><em>διὰ</em></span> <span class='ocrx_word' id='word_1_80' title='bbox 1293 836 1340 875; x_wconf 81' lang='grc' dir='ltr'><em>τὸ</em></span> <span class='ocrx_word' id='word_1_81' title='bbox 1366 849 1437 875; x_wconf 81' lang='grc' dir='ltr'><em>πε-</em></span> 
     </span>
     <span class='ocr_line' id='line_1_12' title="bbox 85 885 1437 958; baseline 0.001 -14"><span class='ocrx_word' id='word_1_82' title='bbox 85 904 399 958; x_wconf 88' lang='grc' dir='ltr'><em>ριαιρούμενον</em></span> <span class='ocrx_word' id='word_1_83' title='bbox 430 885 695 946; x_wconf 48' lang='grc' dir='ltr'><em>τὰὶἐκείνων</em></span> <span class='ocrx_word' id='word_1_84' title='bbox 728 904 858 958; x_wconf 84' lang='grc' dir='ltr'><em>ξένην</em></span> <span class='ocrx_word' id='word_1_85' title='bbox 889 906 1020 946; x_wconf 87' lang='grc' dir='ltr'><em>πόλιν</em></span> <span class='ocrx_word' id='word_1_86' title='bbox 1051 912 1245 958; x_wconf 75' lang='grc' dir='ltr'><em>κοσμεῖν.</em></span> <span class='ocrx_word' id='word_1_87' title='bbox 1291 906 1437 958; x_wconf 77' lang='grc'>&lt;213&gt;</span> 
     </span>
     <span class='ocr_line' id='line_1_13' title="bbox 85 972 1437 1029; baseline 0 -14"><span class='ocrx_word' id='word_1_88' title='bbox 85 974 297 1028; x_wconf 86' lang='grc' dir='ltr'><em>λαμβάνει·</em></span> <span class='ocrx_word' id='word_1_89' title='bbox 330 972 378 1015; x_wconf 76' lang='grc' dir='ltr'><em>δὲ</em></span> <span class='ocrx_word' id='word_1_90' title='bbox 409 973 481 1016; x_wconf 86' lang='grc' dir='ltr'><em>καὶ</em></span> <span class='ocrx_word' id='word_1_91' title='bbox 508 973 677 1028; x_wconf 79' lang='grc' dir='ltr'><em>Ἰησοῦς</em></span> <span class='ocrx_word' id='word_1_92' title='bbox 709 975 730 1017; x_wconf 90' lang='grc' dir='ltr'>ὁ</span> <span class='ocrx_word' id='word_1_93' title='bbox 758 981 837 1016; x_wconf 92' lang='grc' dir='ltr'><em>τοῦ</em></span> <span class='ocrx_word' id='word_1_94' title='bbox 865 976 1089 1028; x_wconf 87' lang='grc' dir='ltr'><em>Γαμαλιὴλ</em></span> <span class='ocrx_word' id='word_1_95' title='bbox 1117 975 1196 1028; x_wconf 86' lang='grc' dir='ltr'><em>τὴν</em></span> <span class='ocrx_word' id='word_1_96' title='bbox 1224 976 1437 1029; x_wconf 85' lang='grc' dir='ltr'><em>διαδοχὴν</em></span> 
     </span>
     <span class='ocr_line' id='line_1_14' title="bbox 84 1043 1438 1099; baseline 0.001 -14"><span class='ocrx_word' id='word_1_97' title='bbox 84 1050 160 1098; x_wconf 88' lang='grc' dir='ltr'><em>τῆς</em></span> <span class='ocrx_word' id='word_1_98' title='bbox 197 1044 524 1099; x_wconf 81' lang='grc' dir='ltr'><em>ἀρχιερωσύνης</em></span> <span class='ocrx_word' id='word_1_99' title='bbox 561 1046 678 1098; x_wconf 83' lang='grc' dir='ltr'><em>παρὰ</em></span> <span class='ocrx_word' id='word_1_100' title='bbox 716 1052 794 1087; x_wconf 92' lang='grc' dir='ltr'><em>τοῦ</em></span> <span class='ocrx_word' id='word_1_101' title='bbox 826 1044 1059 1098; x_wconf 81' lang='grc' dir='ltr'><em>βασιλέως.</em></span> <span class='ocrx_word' id='word_1_102' title='bbox 1096 1043 1266 1099; x_wconf 85' lang='grc' dir='ltr'><em>Ἰησοῦν</em></span> <span class='ocrx_word' id='word_1_103' title='bbox 1299 1045 1438 1099; x_wconf 82' lang='grc' dir='ltr'><em>αὐτὴν</em></span> 
     </span>
     <span class='ocr_line' id='line_1_15' title="bbox 84 1114 1438 1170; baseline -0.001 -13"><span class='ocrx_word' id='word_1_104' title='bbox 84 1114 360 1170; x_wconf 81' lang='grc' dir='ltr'><em>ἀφελομένου</em></span> <span class='ocrx_word' id='word_1_105' title='bbox 392 1117 470 1157; x_wconf 92' lang='grc' dir='ltr'><em>τὸν</em></span> <span class='ocrx_word' id='word_1_106' title='bbox 502 1121 580 1157; x_wconf 89' lang='grc' dir='ltr'><em>τοῦ</em></span> <span class='ocrx_word' id='word_1_107' title='bbox 613 1118 866 1169; x_wconf 88' lang='grc' dir='ltr'><em>Δαμναίου·</em></span> <span class='ocrx_word' id='word_1_108' title='bbox 911 1114 983 1156; x_wconf 85' lang='grc' dir='ltr'><em>καὶ</em></span> <span class='ocrx_word' id='word_1_109' title='bbox 1021 1116 1094 1156; x_wconf 74' lang='grc' dir='ltr'><em>διὰ</em></span> <span class='ocrx_word' id='word_1_110' title='bbox 1126 1122 1255 1157; x_wconf 89' lang='grc' dir='ltr'><em>τοῦτο</em></span> <span class='ocrx_word' id='word_1_111' title='bbox 1289 1115 1438 1163; x_wconf 84' lang='grc' dir='ltr'><em>στάσις</em></span> 
     </span>
     <span class='ocr_line' id='line_1_16' title="bbox 30 1184 1437 1241; baseline 0.001 -17"><span class='ocrx_word' id='word_1_112' title='bbox 30 1197 63 1224; x_wconf 85' lang='lat'><em>15</em></span> <span class='ocrx_word' id='word_1_113' title='bbox 82 1186 229 1227; x_wconf 84' lang='grc' dir='ltr'><em>αὐτῶν</em></span> <span class='ocrx_word' id='word_1_114' title='bbox 269 1187 378 1241; x_wconf 90' lang='grc' dir='ltr'><em>πρὸς</em></span> <span class='ocrx_word' id='word_1_115' title='bbox 419 1186 637 1239; x_wconf 83' lang='grc' dir='ltr'><em>ἀλλήλους</em></span> <span class='ocrx_word' id='word_1_116' title='bbox 678 1184 860 1239; x_wconf 86' lang='grc' dir='ltr'><em>ἐγένετο.</em></span> <span class='ocrx_word' id='word_1_117' title='bbox 931 1187 1183 1239; x_wconf 85' lang='grc' dir='ltr'><em>συστήματα</em></span> <span class='ocrx_word' id='word_1_118' title='bbox 1224 1185 1307 1240; x_wconf 80' lang='grc' dir='ltr'><em>γὰρ</em></span> <span class='ocrx_word' id='word_1_119' title='bbox 1349 1193 1437 1227; x_wconf 83' lang='grc' dir='ltr'><em>τῶν</em></span> 
     </span>
     <span class='ocr_line' id='line_1_17' title="bbox 82 1255 1437 1311; baseline -0.001 -13"><span class='ocrx_word' id='word_1_120' title='bbox 82 1256 375 1311; x_wconf 85' lang='grc' dir='ltr'><em>θρασυτάτων</em></span> <span class='ocrx_word' id='word_1_121' title='bbox 406 1257 695 1311; x_wconf 88' lang='grc' dir='ltr'><em>ποιησάμενοι</em></span> <span class='ocrx_word' id='word_1_122' title='bbox 726 1256 936 1305; x_wconf 87' lang='grc' dir='ltr'><em>πολλάκις</em></span> <span class='ocrx_word' id='word_1_123' title='bbox 967 1255 1093 1311; x_wconf 87' lang='grc' dir='ltr'><em>μέχρι</em></span> <span class='ocrx_word' id='word_1_124' title='bbox 1127 1258 1270 1297; x_wconf 88' lang='grc' dir='ltr'><em>λίθων</em></span> <span class='ocrx_word' id='word_1_125' title='bbox 1303 1259 1437 1310; x_wconf 85' lang='grc' dir='ltr'><em>βολῆς</em></span> 
     </span>
     <span class='ocr_line' id='line_1_18' title="bbox 83 1324 1439 1381; baseline -0.001 -13"><span class='ocrx_word' id='word_1_126' title='bbox 83 1327 166 1369; x_wconf 87' lang='grc' dir='ltr'><em>ἀπὸ</em></span> <span class='ocrx_word' id='word_1_127' title='bbox 198 1334 287 1368; x_wconf 86' lang='grc' dir='ltr'><em>τῶν</em></span> <span class='ocrx_word' id='word_1_128' title='bbox 319 1329 610 1381; x_wconf 75' lang='grc' dir='ltr'><em>βλασφημιῶν</em></span> <span class='ocrx_word' id='word_1_129' title='bbox 643 1325 881 1378; x_wconf 82' lang='grc' dir='ltr'><em>ἐξέπιπτον.</em></span> <span class='ocrx_word' id='word_1_130' title='bbox 932 1326 1131 1380; x_wconf 87' lang='grc' dir='ltr'><em>ὑπερεῖχε</em></span> <span class='ocrx_word' id='word_1_131' title='bbox 1160 1324 1207 1367; x_wconf 75' lang='grc' dir='ltr'><em>δὲ</em></span> <span class='ocrx_word' id='word_1_132' title='bbox 1235 1325 1439 1376; x_wconf 85' lang='grc' dir='ltr'><em>Ἀνανιάς</em></span> 
     </span>
     <span class='ocr_line' id='line_1_19' title="bbox 82 1396 1437 1455; baseline -0.001 -16"><span class='ocrx_word' id='word_1_133' title='bbox 82 1399 141 1454; x_wconf 78' lang='grc' dir='ltr'><em>τῷ</em></span> <span class='ocrx_word' id='word_1_134' title='bbox 184 1398 359 1455; x_wconf 80' lang='grc' dir='ltr'><em>πλούτῳ</em></span> <span class='ocrx_word' id='word_1_135' title='bbox 402 1400 733 1451; x_wconf 85' lang='grc' dir='ltr'><em>προσαγόμενος</em></span> <span class='ocrx_word' id='word_1_136' title='bbox 781 1399 885 1446; x_wconf 92' lang='grc' dir='ltr'><em>τοὺς</em></span> <span class='ocrx_word' id='word_1_137' title='bbox 937 1397 1180 1451; x_wconf 86' lang='grc' dir='ltr'><em>λαμβάνειν</em></span> <span class='ocrx_word' id='word_1_138' title='bbox 1225 1396 1437 1451; x_wconf 81' lang='grc' dir='ltr'><em>ἑτοίμους.</em></span> 
     </span>
     <span class='ocr_line' id='line_1_20' title="bbox 83 1466 1437 1523; baseline -0.001 -14"><span class='ocrx_word' id='word_1_139' title='bbox 83 1468 230 1523; x_wconf 80' lang='grc'>&lt;214&gt;</span> <span class='ocrx_word' id='word_1_140' title='bbox 262 1470 545 1523; x_wconf 90' lang='grc' dir='ltr'><em>Κοστόβαρος</em></span> <span class='ocrx_word' id='word_1_141' title='bbox 578 1466 627 1509; x_wconf 77' lang='grc' dir='ltr'><em>δὲ</em></span> <span class='ocrx_word' id='word_1_142' title='bbox 658 1466 731 1509; x_wconf 79' lang='grc' dir='ltr'><em>καὶ</em></span> <span class='ocrx_word' id='word_1_143' title='bbox 763 1470 940 1516; x_wconf 86' lang='grc' dir='ltr'><em>Σαῦλος</em></span> <span class='ocrx_word' id='word_1_144' title='bbox 973 1467 1097 1510; x_wconf 86' lang='grc' dir='ltr'><em>αὐτοὶ</em></span> <span class='ocrx_word' id='word_1_145' title='bbox 1135 1466 1237 1509; x_wconf 78' lang='grc' dir='ltr'><em>καθ’</em></span> <span class='ocrx_word' id='word_1_146' title='bbox 1276 1467 1437 1516; x_wconf 89' lang='grc' dir='ltr'><em>αὑτοὺς</em></span> 
     </span>
     <span class='ocr_line' id='line_1_21' title="bbox 32 1536 1437 1594; baseline -0.001 -13"><span class='ocrx_word' id='word_1_147' title='bbox 32 1552 65 1576; x_wconf 82' lang='lat'><em>20</em></span> <span class='ocrx_word' id='word_1_148' title='bbox 84 1539 289 1594; x_wconf 78' lang='grc' dir='ltr'><em>μοχθηρὰ</em></span> <span class='ocrx_word' id='word_1_149' title='bbox 319 1540 467 1593; x_wconf 83' lang='grc' dir='ltr'><em>πλήθη</em></span> <span class='ocrx_word' id='word_1_150' title='bbox 501 1545 711 1592; x_wconf 75' lang='grc' dir='ltr'><em>συνῆγον,</em></span> <span class='ocrx_word' id='word_1_151' title='bbox 750 1537 906 1591; x_wconf 86' lang='grc' dir='ltr'><em>γένους</em></span> <span class='ocrx_word' id='word_1_152' title='bbox 939 1536 1018 1592; x_wconf 71' lang='grc' dir='ltr'><em>μὲν</em></span> <span class='ocrx_word' id='word_1_153' title='bbox 1051 1539 1174 1588; x_wconf 78' lang='grc' dir='ltr'><em>ὄντες</em></span> <span class='ocrx_word' id='word_1_154' title='bbox 1206 1540 1437 1591; x_wconf 85' lang='grc' dir='ltr'><em>βασιλικοῦ</em></span> 
     </span>
     <span class='ocr_line' id='line_1_22' title="bbox 83 1600 1438 1663; baseline -0.001 -13"><span class='ocrx_word' id='word_1_155' title='bbox 83 1608 156 1650; x_wconf 90' lang='grc' dir='ltr'><em>καὶ</em></span> <span class='ocrx_word' id='word_1_156' title='bbox 189 1610 262 1651; x_wconf 80' lang='grc' dir='ltr'><em>διὰ</em></span> <span class='ocrx_word' id='word_1_157' title='bbox 293 1610 374 1663; x_wconf 85' lang='grc' dir='ltr'><em>τὴν</em></span> <span class='ocrx_word' id='word_1_158' title='bbox 405 1610 514 1662; x_wconf 88' lang='grc' dir='ltr'><em>πρὸς</em></span> <span class='ocrx_word' id='word_1_159' title='bbox 541 1600 783 1663; x_wconf 74' lang='grc' dir='ltr'><em>Ἀγρίππαν</em></span> <span class='ocrx_word' id='word_1_160' title='bbox 821 1607 1082 1662; x_wconf 85' lang='grc' dir='ltr'><em>συγγένειαν</em></span> <span class='ocrx_word' id='word_1_161' title='bbox 1125 1608 1300 1657; x_wconf 87' lang='grc' dir='ltr'><em>εὐνοίας</em></span> <span class='ocrx_word' id='word_1_162' title='bbox 1337 1614 1438 1662; x_wconf 82' lang='grc' dir='ltr'><em>τυγ-</em></span> 
     </span>
     <span class='ocr_line' id='line_1_23' title="bbox 84 1677 1438 1734; baseline 0 -14"><span class='ocrx_word' id='word_1_163' title='bbox 84 1679 313 1734; x_wconf 85' lang='grc' dir='ltr'><em>χάνοντες,</em></span> <span class='ocrx_word' id='word_1_164' title='bbox 356 1682 492 1734; x_wconf 88' lang='grc' dir='ltr'><em>βίαιοι</em></span> <span class='ocrx_word' id='word_1_165' title='bbox 531 1677 579 1721; x_wconf 74' lang='grc' dir='ltr'><em>δὲ</em></span> <span class='ocrx_word' id='word_1_166' title='bbox 616 1678 688 1721; x_wconf 84' lang='grc' dir='ltr'><em>καὶ</em></span> <span class='ocrx_word' id='word_1_167' title='bbox 728 1678 934 1733; x_wconf 79' lang='grc' dir='ltr'><em>ἁρπάζειν</em></span> <span class='ocrx_word' id='word_1_168' title='bbox 975 1679 1026 1720; x_wconf 81' lang='grc' dir='ltr'><em>τὰ</em></span> <span class='ocrx_word' id='word_1_169' title='bbox 1058 1686 1146 1720; x_wconf 86' lang='grc' dir='ltr'><em>τῶν</em></span> <span class='ocrx_word' id='word_1_170' title='bbox 1179 1678 1438 1720; x_wconf 87' lang='grc' dir='ltr'><em>ἀσθενεστέ-</em></span> 
     </span>
     <span class='ocr_line' id='line_1_24' title="bbox 85 1748 1437 1804; baseline 0 -13"><span class='ocrx_word' id='word_1_171' title='bbox 85 1765 177 1804; x_wconf 91' lang='grc' dir='ltr'><em>ρων</em></span> <span class='ocrx_word' id='word_1_172' title='bbox 209 1748 387 1803; x_wconf 78' lang='grc' dir='ltr'><em>ἕτοιμοι.</em></span> <span class='ocrx_word' id='word_1_173' title='bbox 450 1749 493 1800; x_wconf 81' lang='grc' dir='ltr'><em>ἐξ</em></span> <span class='ocrx_word' id='word_1_174' title='bbox 532 1749 702 1792; x_wconf 85' lang='grc' dir='ltr'><em>ἐκείνου</em></span> <span class='ocrx_word' id='word_1_175' title='bbox 742 1749 928 1803; x_wconf 89' lang='grc' dir='ltr'><em>μάλιστα</em></span> <span class='ocrx_word' id='word_1_176' title='bbox 967 1755 1046 1791; x_wconf 87' lang='grc' dir='ltr'><em>τοῦ</em></span> <span class='ocrx_word' id='word_1_177' title='bbox 1083 1756 1241 1803; x_wconf 85' lang='grc' dir='ltr'><em>καιροῦ</em></span> <span class='ocrx_word' id='word_1_178' title='bbox 1274 1748 1437 1803; x_wconf 87' lang='grc' dir='ltr'><em>συνέβη</em></span> 
     </span>
     <span class='ocr_line' id='line_1_25' title="bbox 84 1818 1438 1875; baseline 0 -14"><span class='ocrx_word' id='word_1_179' title='bbox 84 1821 165 1874; x_wconf 88' lang='grc' dir='ltr'><em>τὴν</em></span> <span class='ocrx_word' id='word_1_180' title='bbox 196 1821 326 1862; x_wconf 87' lang='grc' dir='ltr'><em>πόλιν</em></span> <span class='ocrx_word' id='word_1_181' title='bbox 357 1819 482 1874; x_wconf 84' lang='grc' dir='ltr'><em>ἡμῶν</em></span> <span class='ocrx_word' id='word_1_182' title='bbox 513 1828 678 1873; x_wconf 82' lang='grc' dir='ltr'><em>νοσεῖν,</em></span> <span class='ocrx_word' id='word_1_183' title='bbox 711 1821 1051 1875; x_wconf 87' lang='grc' dir='ltr'><em>προκοπτόντων</em></span> <span class='ocrx_word' id='word_1_184' title='bbox 1077 1820 1255 1861; x_wconf 85' lang='grc' dir='ltr'><em>πάντων</em></span> <span class='ocrx_word' id='word_1_185' title='bbox 1288 1818 1357 1861; x_wconf 85' lang='grc' dir='ltr'><em>ἐπὶ</em></span> <span class='ocrx_word' id='word_1_186' title='bbox 1390 1822 1438 1861; x_wconf 90' lang='grc' dir='ltr'><em>τὸ</em></span> 
     </span>
     <span class='ocr_line' id='line_1_26' title="bbox 33 1897 481 1945; baseline 0.009 -17"><span class='ocrx_word' id='word_1_187' title='bbox 33 1902 66 1928; x_wconf 78' lang='lat'><em>25</em></span> <span class='ocrx_word' id='word_1_188' title='bbox 85 1897 245 1945; x_wconf 85' lang='grc' dir='ltr'><em>χεῖρον.</em></span> <span class='ocrx_word' id='word_1_189' title='bbox 473 1924 481 1932; x_wconf 92' lang='grc'><em>.</em></span> 
     </span>
     <span class='ocr_line' id='line_1_27' title="bbox 176 1958 1486 2017; baseline 0 -15"><span class='ocrx_word' id='word_1_190' title='bbox 176 1961 321 2014; x_wconf 79' lang='lat'>&lt;215&gt;</span> <span class='ocrx_word' id='word_1_191' title='bbox 355 1961 412 2010; x_wconf 84' lang='grc' dir='ltr'><em>ὡς</em></span> <span class='ocrx_word' id='word_1_192' title='bbox 445 1958 482 2002; x_wconf 85' lang='grc' dir='ltr'><em>δ’</em></span> <span class='ocrx_word' id='word_1_193' title='bbox 514 1962 703 2014; x_wconf 79' lang='grc' dir='ltr'><em>ἤκουσεν</em></span> <span class='ocrx_word' id='word_1_194' title='bbox 725 1958 924 2015; x_wconf 81' lang='grc' dir='ltr'><em>Ἀλβῖνος</em></span> <span class='ocrx_word' id='word_1_195' title='bbox 951 1961 1160 2015; x_wconf 85' lang='grc' dir='ltr'><em>διάδοχον</em></span> <span class='ocrx_word' id='word_1_196' title='bbox 1187 1961 1303 2017; x_wconf 77' lang='grc' dir='ltr'><em>αὑτῷ</em></span> <span class='ocrx_word' id='word_1_197' title='bbox 1333 1962 1374 2002; x_wconf 90' lang='grc' dir='ltr'><em>Γ</em></span> <span class='ocrx_word' id='word_1_198' title='bbox 1372 1960 1438 2002; x_wconf 90' lang='grc' dir='ltr'><em>ε’σ-</em></span> <span class='ocrx_word' id='word_1_199' title='bbox 1465 1971 1486 2002; x_wconf 88' lang='grc'><strong>5</strong></span> 
     </span>
     <span class='ocr_line' id='line_1_28' title="bbox 88 2031 1439 2086; baseline 0 -14"><span class='ocrx_word' id='word_1_200' title='bbox 88 2041 186 2073; x_wconf 91' lang='grc' dir='ltr'><em>σιον</em></span> <span class='ocrx_word' id='word_1_201' title='bbox 220 2034 409 2086; x_wconf 84' lang='grc' dir='ltr'><em>Φλῶρον</em></span> <span class='ocrx_word' id='word_1_202' title='bbox 441 2031 745 2085; x_wconf 85' lang='grc' dir='ltr'><em>ἀφικνεῖσθαι,</em></span> <span class='ocrx_word' id='word_1_203' title='bbox 782 2033 1052 2086; x_wconf 89' lang='grc' dir='ltr'><em>βουλόμενος</em></span> <span class='ocrx_word' id='word_1_204' title='bbox 1091 2032 1238 2073; x_wconf 87' lang='grc' dir='ltr'><em>δοκεῖν</em></span> <span class='ocrx_word' id='word_1_205' title='bbox 1276 2047 1317 2073; x_wconf 90' lang='grc' dir='ltr'><em>τι</em></span> <span class='ocrx_word' id='word_1_206' title='bbox 1349 2039 1439 2080; x_wconf 88' lang='grc' dir='ltr'><em>τοῖς</em></span> 
     </span>
     <span class='ocr_line' id='line_1_29' title="bbox 79 2099 1438 2157; baseline 0 -15"><span class='ocrx_word' id='word_1_207' title='bbox 79 2099 449 2157; x_wconf 85' lang='grc' dir='ltr'><em>Ἱεροσολυμίταις</em></span> <span class='ocrx_word' id='word_1_208' title='bbox 479 2106 804 2156; x_wconf 88' lang='grc' dir='ltr'><em>παρεσχῆσθαι,</em></span> <span class='ocrx_word' id='word_1_209' title='bbox 843 2103 1108 2156; x_wconf 84' lang='grc' dir='ltr'><em>προαγαγὼν</em></span> <span class='ocrx_word' id='word_1_210' title='bbox 1139 2103 1241 2151; x_wconf 89' lang='grc' dir='ltr'><em>τοὺς</em></span> <span class='ocrx_word' id='word_1_211' title='bbox 1273 2102 1438 2154; x_wconf 83' lang='grc' dir='ltr'><em>δεσμώ-</em></span> 
     </span>
     <span class='ocr_line' id='line_1_30' title="bbox 87 2170 1438 2227; baseline -0.001 -14"><span class='ocrx_word' id='word_1_212' title='bbox 87 2179 186 2226; x_wconf 76' lang='grc' dir='ltr'><em>τας,</em></span> <span class='ocrx_word' id='word_1_213' title='bbox 227 2172 323 2214; x_wconf 85' lang='grc' dir='ltr'><em>ὅσοι</em></span> <span class='ocrx_word' id='word_1_214' title='bbox 363 2170 476 2226; x_wconf 77' lang='grc' dir='ltr'><em>ἦσαν</em></span> <span class='ocrx_word' id='word_1_215' title='bbox 517 2172 662 2214; x_wconf 83' lang='grc' dir='ltr'><em>αὐτῶν</em></span> <span class='ocrx_word' id='word_1_216' title='bbox 693 2173 925 2227; x_wconf 89' lang='grc' dir='ltr'><em>προδήλως</em></span> <span class='ocrx_word' id='word_1_217' title='bbox 961 2176 1121 2213; x_wconf 86' lang='grc' dir='ltr'><em>θανεῖν</em></span> <span class='ocrx_word' id='word_1_218' title='bbox 1160 2172 1294 2224; x_wconf 78' lang='grc' dir='ltr'><em>ἄξιοι,</em></span> <span class='ocrx_word' id='word_1_219' title='bbox 1338 2172 1438 2213; x_wconf 88' lang='grc' dir='ltr'><em>τού-</em></span> 
     </span>
     <span class='ocr_line' id='line_1_31' title="bbox 35 2240 1439 2300; baseline -0.001 -16"><span class='ocrx_word' id='word_1_220' title='bbox 35 2254 70 2280; x_wconf 83' lang='grc'><em>30</em></span> <span class='ocrx_word' id='word_1_221' title='bbox 87 2257 191 2292; x_wconf 86' lang='grc' dir='ltr'><em>τους</em></span> <span class='ocrx_word' id='word_1_222' title='bbox 227 2242 491 2298; x_wconf 82' lang='grc' dir='ltr'><em>προσέταξεν</em></span> <span class='ocrx_word' id='word_1_223' title='bbox 528 2242 841 2298; x_wconf 88' lang='grc' dir='ltr'><em>ἀναιρεθῆναι,</em></span> <span class='ocrx_word' id='word_1_224' title='bbox 878 2245 981 2292; x_wconf 89' lang='grc' dir='ltr'><em>τοὺς</em></span> <span class='ocrx_word' id='word_1_225' title='bbox 1019 2241 1058 2284; x_wconf 76' lang='grc' dir='ltr'><em>δ’</em></span> <span class='ocrx_word' id='word_1_226' title='bbox 1096 2242 1142 2292; x_wconf 79' lang='grc' dir='ltr'><em>ἐκ</em></span> <span class='ocrx_word' id='word_1_227' title='bbox 1180 2247 1341 2300; x_wconf 27' lang='grc' dir='ltr'><em>μικρᾶς.</em></span> <span class='ocrx_word' id='word_1_228' title='bbox 1366 2240 1439 2282; x_wconf 88' lang='grc' dir='ltr'><em>καὶ</em></span> 
     </span>
     <span class='ocr_line' id='line_1_32' title="bbox 87 2312 1438 2368; baseline -0.001 -14"><span class='ocrx_word' id='word_1_229' title='bbox 87 2319 163 2367; x_wconf 89' lang='grc' dir='ltr'><em>τῆς</em></span> <span class='ocrx_word' id='word_1_230' title='bbox 193 2315 409 2368; x_wconf 87' lang='grc' dir='ltr'><em>τυχούσης</em></span> <span class='ocrx_word' id='word_1_231' title='bbox 435 2315 574 2363; x_wconf 86' lang='grc' dir='ltr'><em>αἰτίας</em></span> <span class='ocrx_word' id='word_1_232' title='bbox 599 2315 660 2363; x_wconf 78' lang='grc' dir='ltr'><em>εἰς</em></span> <span class='ocrx_word' id='word_1_233' title='bbox 684 2315 765 2368; x_wconf 85' lang='grc' dir='ltr'><em>τὴν</em></span> <span class='ocrx_word' id='word_1_234' title='bbox 790 2314 968 2368; x_wconf 75' lang='grc' dir='ltr'><em>εἱρκτὴν</em></span> <span class='ocrx_word' id='word_1_235' title='bbox 993 2312 1310 2361; x_wconf 87' lang='grc' dir='ltr'><em>κατατεθέντας</em></span> <span class='ocrx_word' id='word_1_236' title='bbox 1336 2313 1438 2366; x_wconf 86' lang='grc' dir='ltr'><em>χρή-</em></span> 
     </span>
    </p>
   </div>
  </div>
 </body>
</html>
