1732 2526
556 81 995 114 ENNEAKAIAEKATH
1365 79 1451 121 245

98 188 248 238 αὐτοῖς
277 188 403 242 ὕβρει
435 195 522 229 τῶν
554 187 785 242 τυράννων
815 186 1058 241 γενομένην
1085 188 1450 242 φιλοτιμούμενοι

99 258 449 314 διαδιδράσκειν,
488 259 630 315 χρόνῳ
671 259 916 313 παρασχόν·
969 259 1125 311 <228>
1164 258 1186 300 ὁ
1226 255 1273 299 δὲ
1316 259 1453 312 δῆμος

97 331 256 385 φθόνῳ
290 344 334 370 τε
366 330 475 384 πρὸς
506 327 679 382 ἐκείνην
711 328 1051 382 καθιστάμενος,
1095 327 1167 369 καὶ
1204 336 1292 369 τῶν
1324 332 1450 371 πλεο-

97 399 255 449 νεξιῶν
299 399 430 452 αὐτῆς
473 397 760 453 ἐπιστόμισμα
811 400 913 448 τοὺς
956 398 1278 453 αὐτοκράτορας
1323 400 1451 449 εἰδὼς

61 469 169 512 ὁκαὶ
210 470 346 512 αὑτοῦ
387 471 665 524 καταφυγήν,
710 471 853 525 ἔχαιρε
895 475 974 511 τοῦ
1013 470 1242 511 Κλαυδίου
1284 475 1334 524 τῇ
1377 469 1451 523 ἁρ-

79 546 232 595 παγῇ,
277 540 430 582 στάσιν
473 538 508 581 τ’
552 541 770 595 ἔμφυλον,
817 541 946 582 ὁποία
990 538 1062 581 καὶ
1105 538 1174 581 ἐπὶ
1213 543 1450 595 Πομπηίου

96 609 282 664 γένοιτο,
315 610 578 661 ἀπαλλάξειν
611 611 758 652 αὑτῶν
791 611 1101 665 ὑπελάμβανον
1134 616 1291 652 τοῦτον
1323 611 1450 653 αὐτο-

95 681 286 736 κράτορα
317 681 656 736 καθιστάμενον.
706 682 851 735 <229>
885 688 1054 736 γνοῦσα
1081 679 1121 722 δ’
1155 681 1180 735 ἡ
1207 683 1347 735 βουλὴ
1374 684 1451 724 τὸν

96 752 324 794 Κλαύδιον
356 752 442 794 ὑπὸ
469 759 556 794 τῶν
583 759 860 807 στρατιωτῶν
886 751 1132 807 ἀφιγμένον
1159 753 1220 801 εἰς
1246 753 1294 794 τὸ
1322 763 1450 806 στρα-

42 835 75 859 10
94 823 303 877 τόπεδον,
344 822 502 877 πέμπει
539 824 648 877 πρὸς
686 822 856 865 ἐκεῖνον
895 823 1061 877 ἄνδρας
1099 821 1228 876 ἀρετῇ
1267 824 1370 872 τοὺς
1409 822 1451 873 ἐξ

100 893 245 935 αὐτῶν
290 895 586 949 προύχοντας,
631 895 677 935 οἳ
718 892 942 943 διδάξειαν
983 890 1121 946 μηδὲν
1164 891 1233 934 ἐπὶ
1276 892 1453 943 καθέξει

99 969 175 1017 τῆς
212 963 346 1019 ἀρχῆς
383 964 634 1018 βιάζεσθαι,
673 964 817 1017 <230>
856 970 1134 1018 παραχωρεῖν
1173 961 1220 1004 δὲ
1259 970 1308 1018 τῇ
1350 976 1453 1017 συγ-

99 1035 261 1092 κλήτῳ,
293 1031 482 1077 τοσῶνδ’
519 1034 697 1089 ἀνδρῶν
729 1034 806 1076 ἕνα
840 1035 944 1076 ὄντα
976 1034 1245 1088 ἡττώμενον,
1289 1033 1360 1075 καὶ
1392 1041 1450 1090 τςῖ

99 1106 221 1162 νόμῳ
253 1112 602 1161 παραχωροῦντα
633 1111 712 1146 τοῦ
745 1103 815 1146 ἐπὶ
846 1112 938 1153 τοῖς
968 1111 1135 1153 κοινοῖς
1172 1106 1340 1159 κόσμου
1373 1106 1452 1159 τὴν

45 1186 78 1212 15
99 1176 336 1230 πρόνοιαν,
378 1176 714 1230 μνημονεύοντα
753 1171 815 1217 ὧν
847 1173 892 1216 θ’
932 1175 978 1216 off
1005 1175 1209 1229 πρότεροι
1241 1176 1454 1230 τύραννοι

99 1247 343 1288 κακώσειαν
386 1247 467 1300 τὴν
511 1248 640 1288 πόλιν
685 1245 756 1287 καὶ
800 1242 862 1287 ὧν
903 1245 988 1287 ὑπὸ
1031 1247 1072 1286 Γ
1069 1247 1169 1287 αΐου
1210 1245 1281 1287 καὶ
1324 1246 1455 1296 αὐτὸς

98 1318 400 1359 κινδυνεύσειε
440 1319 523 1358 σὺν
561 1316 729 1369 αὐτοῖς,
772 1314 882 1371 μηδὲ
921 1317 1164 1370 μισήσαντα
1200 1317 1281 1370 τὴν
1319 1318 1455 1372 βαρύ-

98 1403 203 1441 τητα
247 1394 323 1442 τῆς
365 1388 650 1442 τυραννίδος,
698 1384 774 1442 ὑφ’
824 1386 982 1442 ἑτέρων
1032 1386 1330 1441 πραττομένης
1379 1394 1455 1442 τῆς

98 1458 284 1513 ὕβρεως,
323 1458 456 1500 αὐτὸν
496 1457 763 1507 ἐθελουσίως
801 1457 867 1499 ἐπὶ
907 1459 1116 1514 παροινία
1148 1462 1335 1513 θαρρεῖν
1378 1465 1455 1513 τῆς

44 1540 78 1566 20
98 1529 320 1583 πατρίδος.
388 1529 532 1582 <231>
577 1527 648 1570 καὶ
691 1527 942 1586 πειθομένῳ
988 1525 1067 1583 μὲν
1110 1527 1182 1570 καὶ
1227 1535 1305 1570 τοῦ
1349 1531 1455 1583 πρό-

97 1615 226 1654 τερον
259 1598 539 1654 ἀπράγμονος
570 1601 650 1653 τὴν
688 1599 846 1653 ἀρετὴν
886 1597 1227 1656 ἐπιδεικνυμένῳ
1272 1598 1454 1654 βέβαιον

96 1669 222 1724 τιμάς
253 1666 300 1711 θ’
336 1669 547 1724 ὑπάρξειν
579 1671 627 1711 αἳ
655 1665 728 1710 ὑπ’
776 1668 1026 1725 ἐλευθέρων
1056 1674 1330 1724 ψηφισθεῖεν
1366 1678 1454 1712 τῶν

96 1744 304 1794 πολιτῶν,
337 1739 408 1782 καὶ
442 1739 700 1796 ἐπιχωρήσει
732 1747 811 1782 τοῦ
845 1742 985 1795 νόμου
1018 1742 1066 1782 τὸ
1099 1739 1230 1795 μέρος
1261 1741 1453 1796 ἄρχοντά

95 1827 140 1853 τε
182 1810 254 1853 καὶ
296 1810 543 1866 ἀρχόμενον
585 1812 814 1865 κερδανεῖν
858 1812 1040 1853 ἔπαινον
1082 1811 1254 1865 ἀρετῆς·
1304 1812 1450 1865 <239>

46 1893 79 1919 25
99 1883 140 1924 εἰ
170 1881 209 1924 δ’
243 1882 496 1935 ἀπονοοῖτο,
530 1879 667 1936 μηδὲν
700 1881 746 1924 ἐκ
778 1888 854 1936 τῆς
879 1884 1017 1924 Γαΐου
1050 1886 1252 1937 τελευτῆς
1281 1893 1452 1937 σωφρο-

93 1955 335 2007 νιζόμενος,
362 1953 414 1995 οὔ
441 1954 487 1994 τί
514 1950 554 2006 γ’
581 1951 706 1995 αὐτοὶ
732 1951 998 2008 ἐπιτρέψειν·
1040 1959 1114 2007 τῆς
1140 1969 1183 1995 τε
1210 1954 1294 2009 γὰρ
1322 1965 1453 2008 στρα-

94 2029 188 2074 τιᾶς
225 2025 338 2066 πολὺ
378 2021 491 2065 εἶναι
529 2024 576 2065 τὸ
616 2025 881 2078 συνεστηκὸς
919 2023 1088 2078 αὐτοῖς,
1127 2024 1274 2066 ὅπλων
1307 2023 1342 2066 τ’
1381 2024 1451 2066 εὐ-

94 2097 255 2150 ποριάν
282 2093 353 2136 καὶ
379 2095 559 2148 πληθὺν
586 2095 767 2136 οἰκετῶν
794 2097 839 2137 οἳ
862 2096 1098 2150 χρήσαιντο
1120 2095 1278 2145 αὐτοῖς.
1307 2095 1451 2149 <233>

95 2164 204 2219 μέγα
248 2162 296 2206 δὲ
341 2163 471 2219 μέρος
516 2166 596 2218 τήν
636 2163 671 2206 τ’
715 2164 870 2206 ἐλπίδα
915 2163 1049 2219 εἶναι,
1081 2164 1153 2208 καὶ
1193 2167 1273 2220 τὴν
1311 2166 1450 2220 τύχην

42 2246 77 2273 30
95 2236 197 2285 τούς
233 2251 277 2277 τε
316 2237 451 2284 θεοὺς
489 2235 569 2277 οὐκ
607 2236 757 2286 ἄλλοις
796 2244 1040 2291 συμμαχεῖν
1079 2236 1188 2279 ἀλλὰ
1220 2244 1312 2286 τοῖς
1353 2234 1444 2290 μετ’

93 2305 249 2362 ἀρετῆς
305 2303 376 2347 καὶ
433 2311 512 2348 τοῦ
568 2309 704 2348 καλοῦ
761 2308 862 2356 τοὺς
919 2306 1092 2360 ἀγῶνας
1149 2305 1452 2361 ποιουμένοις·
