1732 2526
668 90 883 121 ΕιΚοΣΤΗ
1366 88 1452 129 295

102 202 182 250 τῆς
208 194 422 245 Ἰουδαίας
454 195 704 249 ἐπίτροπον,
736 196 959 250 πρόφασιν
1000 195 1166 237 ἐπενόει
1202 194 1258 236 δι’
1300 193 1348 249 ἧς
1380 211 1452 250 με-

107 269 362 320 ταστήσεται
412 267 489 307 τὸν
540 272 733 320 συνεχῶς
783 265 973 319 ὀχληρὸν
1024 266 1140 322 αὐτῷ
1192 269 1450 320 γενόμενον·

107 340 219 392 βαρὺ
247 338 329 391 γὰρ
356 344 446 385 τοῖς
471 335 639 377 ἀδικεῖν
665 334 869 377 ἐθέλουσι
897 337 944 377 τὸ
973 344 1166 391 συνεχῶς
1192 341 1451 379 νουθετοῦν.

106 408 248 461 <163>
281 406 351 449 καὶ
385 408 438 460 δὴ
472 407 544 448 διὰ
575 407 777 460 τοιαύτης
808 407 947 456 αἰτίας
980 407 1002 448 ὁ
1032 407 1169 461 Φῆλιξ
1197 409 1273 448 τὸν
1305 410 1452 449 πιστό-

70 492 235 520 5τατον
274 486 362 520 τῶν
396 476 615 518 Ἰωνάθου
653 478 812 531 φίλων,
843 474 1199 531 Ἱεροσολυμίτην
1231 479 1278 518 τὸ
1311 477 1450 530 γένος,

104 553 268 602 Δωρᾶν
301 549 496 602 ὀνόματι,
538 550 697 600 πείθει,
735 548 876 589 πολλὰ
915 550 1112 602 χρήματα
1152 548 1312 589 δώσειν
1352 537 1467 589 ὑπιᾸ

103 619 387 673 σχνούμενος,
408 617 644 671 ἐπαγαγεῖν
669 623 728 674 τῷ
753 615 940 673 Ἰωνάθῃ
968 620 1069 667 τοὺς
1095 619 1252 674 λῃστὰς
1272 617 1450 672 ἀναιρή-

103 701 270 738 σοντας.
349 688 549 737 κάκεῖνος
597 688 849 738 ὑπακούσας
899 689 1198 743 ἐμηχανήσατο
1248 689 1320 730 διὰ
1363 697 1450 730 τῶν

102 763 274 815 λῃστῶν
305 763 558 814 πραχθῆναι
590 760 775 816 τοιούτῳ
808 761 953 816 τρόπῳ
986 761 1063 801 τὸν
1095 762 1250 814 φόνον.
1305 760 1450 813 <164>

50 844 82 869 10
103 829 325 884 ἀνέβησάν
356 845 472 879 τινες
504 829 648 871 αὐτῶν
682 831 743 879 είς
775 831 854 884 τὴν
880 832 1010 871 πόλιν
1037 831 1094 879 ὡς
1119 831 1450 885 προσκυνήσον-

100 916 169 949 τες
208 902 285 942 τὸν
323 902 449 954 θεόν,
486 900 570 941 ὑπὸ
612 901 688 948 τὰς
720 899 907 953 ἐσθῆτας
945 902 1116 955 ἔχοντες
1153 901 1335 955 ξιφίδια,
1377 900 1447 942 καὶ

101 971 502 1026 συναναμιχθέντες
533 977 591 1026 τῷ
621 969 808 1026 Ἰωνάθῃ
841 973 1091 1012 κτείνουσιν
1123 971 1269 1013 αὐτόν.
1303 972 1447 1025 <165>

99 1040 386 1096 ἀνεκδικήτου
425 1039 473 1082 δὲ
515 1042 673 1083 τούτου
712 1047 790 1083 τοῦ
822 1043 965 1095 φόνου
997 1044 1300 1096 μεμενηκότος,
1344 1042 1448 1095 μετὰ

98 1112 238 1166 πάσης
268 1113 316 1153 τὸ
350 1112 505 1153 λοιπὸν
538 1111 686 1159 ἀδειάς
719 1111 1032 1165 ἀναβαίνοντες
1064 1111 1111 1153 ἐν
1144 1119 1237 1160 ταῖς
1279 1110 1449 1165 ἑορταῖς

46 1194 78 1220 15
99 1182 145 1223 οἱ
174 1184 343 1238 λῃσταί,
375 1180 446 1223 καὶ
478 1182 555 1223 τὸν
588 1182 772 1235 σίδηρον
806 1181 966 1235 ὁμοίως
992 1183 1293 1235 κεκρυμμένον
1327 1183 1447 1236 ε”χον-

96 1268 180 1306 τες,
213 1252 645 1305 συναναμιγνύμενοι
672 1259 762 1300 τοῖς
787 1252 1007 1304 πλήθεσιν
1033 1251 1230 1306 ἀνῄρουν
1262 1252 1339 1301 οὓς
1368 1250 1447 1306 μὲν

98 1321 266 1364 ἑαυτῶν
299 1322 502 1378 ἐχθρούς,
544 1322 620 1371 οὓς
661 1320 698 1363 δ’
745 1320 813 1363 ἐπὶ
846 1323 1064 1376 χρήμασιν
1106 1323 1255 1371 ἄλλοις
1290 1323 1447 1376 ὑπηρε-

96 1399 287 1445 τοῦντες,
321 1393 374 1434 οὐ
413 1394 552 1446 μόνον
590 1393 698 1434 κατὰ
741 1393 821 1446 τὴν
865 1393 1004 1446 ἄλλην
1047 1395 1192 1445 πόλιν,
1233 1393 1342 1434 ἀλλὰ
1375 1393 1446 1435 καὶ

97 1463 205 1505 κατὰ
237 1464 286 1505 τὸ
319 1463 439 1518 ἱερὸν
473 1462 633 1511 ἐνίους·
667 1461 854 1517 καὶγὰρ
889 1462 979 1504 ἐκεῖ
1002 1463 1209 1517 σφάττειν
1236 1463 1446 1518 ἐτόλμων,

44 1549 79 1573 20
98 1532 197 1576 οὐδ’
237 1534 455 1590 ἐντούτῳ
498 1533 732 1582 ὀκνοῦντες
772 1532 958 1587 ἀσεβεῖν.
1028 1534 1171 1587 <16s3>
1212 1534 1283 1575 διὰ
1315 1541 1445 1576 τοῦτο

97 1601 218 1658 οἶμαι
262 1603 334 1645 καὶ
377 1605 454 1645 τὸν
492 1604 602 1644 θεὸν
644 1605 888 1657 μισήσαντα
925 1605 1005 1657 τὴν
1050 1603 1255 1658 ἀσέβειαν
1300 1605 1445 1647 αὐτῶν

98 1674 432 1728 ἀποστραφῆναι
459 1671 539 1728 μὲν
564 1673 688 1728 ἡμῶν
715 1674 794 1727 τὴν
819 1675 966 1727 πόλιν,
991 1675 1039 1715 τὸ
1073 1671 1115 1715 δ’
1149 1675 1268 1727 ιἐρὸν
1301 1675 1444 1718 οὐκέτι

95 1747 296 1799 καθαρὸν
329 1745 582 1798 οἰκητήριον
606 1744 732 1800 αὑτῷ
772 1746 982 1797 κρίναντα
1013 1743 1250 1798 Ῥωμαίους
1288 1745 1445 1800 ἐπαγα-

96 1824 192 1870 γεῖν
232 1815 354 1869 ἡμῖν,
390 1813 463 1856 καὶ
501 1821 551 1869 τῇ
590 1817 714 1856 πόλει
746 1815 996 1867 καθάρσιόν
1033 1830 1078 1856 τε
1110 1821 1197 1870 πῦρ
1238 1815 1309 1857 καὶ
1343 1817 1445 1859 δου-

43 1900 76 1926 25
97 1888 219 1928 λείαν
252 1885 476 1939 ἐπιβαλεῖν
509 1886 593 1926 σὺν
630 1884 804 1938 γυναιξὶ
842 1883 913 1926 καὶ
952 1884 1136 1939 τέκνοις,-
1172 1889 1445 1940 σωφρονίσαι

96 1963 189 2006 ταῖς
220 1962 468 2010 συμφοραῖς
499 1956 772 2009 βουλόμενον
804 1955 925 2009 ἡμᾶς.

185 2027 330 2080 <167>
363 2026 414 2067 τὰ
447 2024 527 2079 μὲν
559 2019 641 2067 οὖν
672 2033 759 2067 τῶν
786 2029 957 2081 λῃστῶν
985 2028 1089 2079 ἔργα
1116 2028 1318 2080 τοιαύτης
1343 2027 1443 2070 ἀνο-

98 2101 295 2152 σιότητος
339 2096 532 2150 ἐπλήρου
577 2097 656 2150 τὴν
699 2098 843 2148 πόλιν,
878 2097 924 2138 oc
953 2094 1000 2138 δὲ
1041 2099 1194 2151 γόητες
1231 2096 1302 2138 καὶ
1335 2097 1442 2139 ἀπα-

35 2198 38 2201 ·
97 2177 254 2218 τεῶνες
294 2168 526 2221 ἄνθρωποι
563 2168 640 2208 τὸν
679 2168 811 2221 ὄχλον
850 2168 1032 2209 ἔπειθον
1074 2167 1224 2217 αὑτοῖς
1265 2169 1326 2217 εἰς
1363 2169 1442 2221 τὴν

45 2253 79 2278 30
100 2240 282 2295 ἐρημίαν
315 2237 517 2279 ἕπεσθαι·
562 2238 705 2290 <168>
744 2236 904 2287 δείξειν
945 2238 1028 2292 γὰρ
1068 2239 1237 2292 ἔφασαν
1280 2238 1442 2293 ἐναργῆ

195 2324 213 2362 g
241 2323 307 2354 167
335 2319 379 2354 cf.
405 2318 497 2353 Bell.
525 2318 602 2353 Iud.
630 2318 662 2352 H
689 2321 743 2362 13,
772 2321 802 2352 6.
