1732 2526
558 85 996 119 ENNEAKAIAEKATH
1370 85 1455 128 263

108 195 276 247 νήσεως
299 192 428 246 ὕψος,
458 190 530 234 καὶ
563 192 637 233 διὰ
663 194 794 234 τοῦτό
820 208 869 246 γε
895 193 1040 235 δοκῶν
1073 195 1252 243 δικαίως
1282 200 1332 250 τῇ
1365 202 1455 236 τῶν

107 262 325 317 βασιλέων
356 268 574 320 παρουσίᾳ
606 267 877 317 τετιμῆσθαι.
939 264 1084 318 <340>
1110 264 1220 306 ἀλλὰ
1245 265 1328 319 γὰρ
1355 266 1456 307 τού-

108 350 196 376 των
230 335 547 389 διατριβόντων
580 334 641 375 ἔτι
679 332 781 389 παρ’
828 333 945 391 αὐτῷ
979 334 1166 389 ,Μάρσος
1203 335 1225 376 ὁ
1258 342 1334 389 τῆς
1366 339 1455 377 Συ-

109 407 206 459 ρίας
247 404 420 460 ἡγεμὼν
463 403 739 460 παρεγένετο.
801 406 908 459 πρὸς
946 403 1185 459 Ῥωμαίους
1223 401 1304 447 οὖν
1349 406 1454 459 <τὸ>

70 477 332 530 ὅτιμητικὸν
381 482 546 530 τηρῶν,
596 476 955 529 ὑπαντησόμενος
1005 475 1121 532 αὐτῷ
1166 482 1241 529 τῆς
1287 478 1455 526 πόλεως

107 544 313 600 ἀπωτέρω
347 547 552 595 σταδίους
585 543 690 587 ἑπτὰ
723 549 950 601 προῆλθεν
989 546 1011 588 ὁ
1045 547 1259 600 βασιλεύς.
1323 552 1452 589 τοῦτο

109 614 146 657 δ’
184 617 268 670 ἄρα
300 618 450 671 ἔμελλε
481 623 556 671 τῆς
587 618 698 671 πρὸς
728 618 806 658 τὸν
826 617 1018 670 Μάρσον
1051 616 1160 672 ἀρχὴ
1186 619 1454 671 γενήσεσθαι

106 687 332 741 διαφορᾶς.
395 687 539 741 <341>
572 686 978 742 συγκαθεζομένους
1009 688 1097 741 γὰρ
1131 686 1201 729 ἐπὶ
1240 694 1315 741 τῆς
1347 687 1454 742 ἀπή-

104 773 182 811 νης
213 757 395 811 ἐπήγετο
427 759 528 808 τοὺς
560 759 722 808 ἄλλους
752 757 974 813 βασιλέας·
1007 759 1181 816 ,Μάρσῳ
1216 757 1254 799 δ’
1295 757 1320 812 ἡ
1354 759 1455 800 τού-

51 839 85 865 10
104 844 191 870 των
224 828 407 883 ὁμόνοια
438 828 511 871 καὶ
543 828 668 884 μέχρι
699 830 885 871 τοσοῦδε
923 831 1049 884 φιλία
1089 831 1198 883 πρὸς
1236 828 1454 882 ἀλλήλους

103 899 393 954 ὑπωπτεύθη,
434 898 675 954 συμφέρειν
714 899 793 955 οὐχ
831 899 1191 955 ὑπολαμβάνοντι
1229 897 1455 954 Ῥωμαίοις

105 971 335 1012 δυναστῶν
366 971 590 1012 τοσούτων
622 972 944 1025 συμφρόνησιν.
1007 970 1145 1020 εὐθὺς
1177 967 1258 1012 οὗν
1288 969 1453 1027 ἑκάστῳ

73 1049 190 1082 ’τῶν
224 1040 484 1095 ἐπιτηδείων
516 1041 614 1082 τινὰ
651 1040 833 1095 πέμπων
872 1040 1127 1082 ἐπέστελλεν
1169 1039 1238 1082 ἐπὶ
1270 1041 1321 1082 τὰ
1354 1039 1454 1083 ἑαυ-

102 1119 180 1154 τοῦ
214 1112 315 1166 δίχα
347 1113 595 1166 μελλήσεως
626 1109 908 1166 ἀπέρχεσθαι.
953 1111 1098 1165 <342>
1122 1109 1245 1153 ταῦτ’
1278 1110 1455 1167 Ἀγρίπ-

49 1194 82 1219 15
102 1197 185 1232 πας
215 1181 406 1236 ἀνιαρῶς
438 1180 670 1236 ἐξεδέχετο,
695 1180 767 1223 καὶ
793 1181 967 1239 Μάρσῳ
994 1179 1075 1236 μὲν
1102 1181 1148 1223 ἐκ
1174 1182 1332 1224 τούτου
1360 1183 1454 1224 δια-

101 1256 251 1309 φόρως
283 1254 394 1308 ἔσχε,
427 1253 508 1306 τὴν
540 1252 872 1308 ἀρχιερωσύνην
906 1250 953 1294 δὲ
986 1255 1202 1294 Ματθίαν
1242 1251 1454 1308 ἀφελόμε-

101 1340 178 1374 νος
222 1320 314 1365 ἀντ’
361 1323 498 1365 αὐτοῦ
537 1321 799 1377 κατέστησεν
846 1322 1048 1379 ἀρχιερέα
1082 1321 1338 1365 Ἐλιωναῖον
1375 1325 1454 1365 τὸν

100 1401 180 1437 τοῦ
212 1396 432 1450 Κανθηρᾶς
463 1395 611 1436 παῖδα.

191 1466 335 1520 <343>
367 1467 515 1520 τρίτον
554 1463 592 1506 δ’
633 1466 725 1514 ἔτος
763 1464 880 1520 αὐτῷ
920 1465 1201 1519 βασιλεύοντι
1238 1471 1313 1518 τῆς
1351 1465 1454 1519 ὅλης

48 1548 83 1574 20
98 1535 312 1586 Ἰουδαίας
343 1537 617 1590 πεπλήρωτο,
648 1534 719 1576 καὶ
746 1542 892 1590 παρῆν
924 1537 986 1585 εἰς
1012 1538 1142 1578 πόλιν
1165 1536 1453 1591 Καισάρειαν,

101 1607 127 1661 ἣ
159 1608 374 1662 πρότερον
407 1606 669 1662 Στράτωνος
694 1607 861 1661 πύργος
887 1605 1092 1648 ἐκαλεῖτο.
1157 1606 1377 1648 συνετέλει
1409 1605 1449 1648 δ’

102 1678 297 1720 ἐνταῦθα
336 1679 528 1731 θεωρίας
566 1678 628 1727 εἰς
664 1678 744 1731 τὴν
789 1679 1012 1732 Καίσαρος
1049 1679 1195 1731 τιμήν,
1236 1674 1345 1732 ὑπὲρ
1377 1683 1455 1731 τῆς

103 1749 274 1790 ἐκείνου
307 1750 525 1803 σωτηρίας
552 1746 707 1802 ἑορτήν
740 1763 838 1789 τινα
863 1748 1025 1801 ταύτην
1052 1747 1349 1802 ἐνιστάμενος·
1381 1746 1453 1789 καὶ

101 1818 204 1873 παρ’
241 1818 380 1873 αὐτὴν
411 1820 625 1873 ἤθροιστο
658 1825 746 1860 τῶν
778 1819 886 1860 κατὰ
911 1818 991 1872 τὴν
1020 1818 1229 1874 ἐπαρχίαν
1262 1818 1308 1860 ἐν
1339 1817 1455 1860 τέλει

49 1902 83 1928 25
103 1889 174 1932 καὶ
205 1891 546 1945 προβεβηκότων
579 1889 641 1937 είς
677 1887 804 1939 ἀξίαν
843 1892 1026 1942 πλῆθος.
1087 1889 1232 1943 <344>
1272 1888 1455 1946 δευτέρᾳ

104 1958 151 2003 δὲ
183 1968 271 2002 τῶν
303 1964 507 2014 θεωριῶν
540 1958 678 2015 ἡμέρᾳ
710 1960 871 2013 στολὴν
905 1960 1034 2010 ἐνδὺς
1065 1959 1108 2010 ἐξ
1152 1959 1348 2016 ἀργύρου
1381 1975 1455 2002 πε-

101 2030 346 2086 ποιημένην
377 2037 537 2085 πᾶσαν,
569 2030 627 2079 ὡς
650 2030 907 2085 θαυμάσιον
938 2032 1018 2085 τὴν
1045 2030 1165 2086 ὑφὴν
1193 2028 1320 2085 εἶναι,
1346 2046 1455 2086 παρ-

103 2107 243 2158 ῆλθεν
280 2103 343 2152 εἰς
379 2103 427 2144 τὸ
465 2100 658 2156 θεάτρον
697 2100 940 2157 ἀρχομένης
979 2101 1150 2158 ἡμέρας.
1213 2104 1324 2144 ἔνθα
1361 2110 1455 2152 ταῖς

102 2173 294 2228 πρώταις
336 2180 424 2215 τῶν
468 2171 662 2226 ἡλιακῶν
700 2171 889 2215 ἀκτίνων
927 2172 1151 2227 ἐπιβολαῖς
1194 2172 1217 2214 ὁ
1263 2173 1454 2227 ἄργυρος

49 2256 84 2282 30
102 2242 424 2298 καταυγασθεὶς
477 2245 738 2298 θαυμασίως
792 2242 1048 2298 ἀπέστιλβε,
1098 2245 1358 2299 μαρμαίρων
1412 2259 1454 2285 τι

102 2315 298 2370 φοβερὸν
347 2313 419 2356 καὶ
475 2321 565 2364 τοῖς
620 2315 682 2364 εἰς
738 2313 873 2356 αὐτὸν
929 2313 1172 2365 ἀτενίζουσι
1224 2314 1453 2369 φρικῶδες.
