1732 2526
571 114 979 149 OKTQKAIAEKATH
1369 112 1453 154 183

112 221 181 265 ἐπὶ
213 230 302 274 ταῖς
333 224 482 278 τύχαις
512 219 870 275 καθεσταμε’νον.’
933 221 1076 274 <255>
1111 220 1133 262 ὃ
1174 218 1212 262 δ’
1260 219 1306 262 ἐν
1345 220 1452 275 ὀργῇ

110 301 190 336 τοῦ
258 296 585 348 μεγαλόφρονος
645 292 784 346 αὐτὴν
845 291 1139 345 ποιησάμενος
1205 293 1454 344 συνήλαυνε

110 363 179 406 καὶ
233 365 369 419 αὐτὴν
418 369 477 420 τῷ
521 362 722 418 Ἡρώδῃ,
773 361 844 403 καὶ
893 363 974 416 τὴν
1019 361 1174 403 οὐσίαν
1220 362 1352 415 αὐτῆς
1395 367 1454 418 τῷ

107 433 322 491 Ἀγρίππᾳ
354 436 498 488 δῶρον
535 434 730 475 δίδωσιν.
786 431 1028 487 (Ηρωδιάδι
1066 429 1146 486 μὲν
1185 433 1239 485 δὴ
1278 434 1457 486 φθόνου

74 519 90 545 5
111 512 189 548 τοῦ
220 507 326 560 πρὸς
356 507 433 547 τὸν
465 504 661 558 ἀδελφὸν
693 502 764 544 καὶ
790 502 968 558 Ἡρώδῃ
1001 505 1266 556 γυναικείων
1299 501 1457 557 ἀκροα-

110 575 283 633 σαμένῳ
315 579 621 630 κουφολογιῶν
660 575 787 628 δίκην
820 574 984 627 ταύτην
1027 571 1245 628 ἀπῄτησεν
1279 572 1301 614 ὁ
1333 574 1456 621 θεός·

108 646 252 700 <256>
294 646 425 697 Γάιος
469 643 517 687 δὲ
555 646 633 687 τὸν
674 642 754 699 μὲν
798 652 974 697 πρῶτον
1020 643 1224 685 ἐνιαυτὸν
1263 644 1333 684 καὶ
1379 645 1457 685 τὸν

109 714 205 769 ἑξῆς
246 716 363 758 πάνυ
401 716 743 769 μεγαλοφρόνως
782 713 936 769 ἐχρῆτο
974 721 1064 762 τοῖς
1108 713 1347 767 πράγμασι,
1385 713 1457 755 καὶ

108 784 285 840 με’τριον
317 784 520 841 παρέχων
553 786 687 827 αὑτὸν
719 786 781 834 εἰς
807 785 986 826 εὔνοιαν
1011 785 1180 838 πολλὴν
1209 785 1457 839 προυχώρει

57 872 89 897 ιο
108 857 224 911 παρά
262 872 306 898 τε
338 856 564 910 Ῥωμαίοις
603 855 750 905 αὐτοῖς
788 853 860 896 καὶ
901 861 992 904 τοῖς
1023 854 1244 908 ὑπηκόοις,
1288 855 1457 909 προϊὼν

111 926 148 969 δ’
197 927 390 978 ἐξίστατο
433 933 510 969 τοῦ
553 926 841 981 ἀνθρωπείως
884 932 1069 979 φρονεῖν
1112 924 1198 966 ὑπὸ
1240 924 1459 978 μεγέθους

109 1004 184 1052 τῆς
215 997 347 1053 ἀρχῆς
380 997 618 1048 ἐκθειάζων
651 995 823 1050 ἑαυτόν,
855 994 926 1037 καὶ
952 996 1004 1037 τὰ
1030 995 1171 1037 πάντα
1203 991 1272 1036 ἐπ’
1308 995 1459 1052 ἀτιμίᾳ

108 1075 188 1111 τοῦ
219 1071 347 1111 θείου
380 1069 628 1110 πολιτεύειν
660 1064 778 1122 ἦρτο.

198 1140 343 1193 <257>
374 1137 446 1180 καὶ
479 1139 533 1192 δὴ
567 1138 756 1186 στάσεως
795 1136 843 1179 ἐν
877 1135 1182 1193 Ἀλεξανδρεία
1219 1134 1458 1190 γενομένης
1479 1138 1503 1179 8

15 1213 20 1216 ’
56 1228 89 1253 15
105 1209 332 1253 Ἰουδαίων
377 1207 423 1251 θ’
472 1211 518 1251 οἳ
559 1208 779 1250 ἐνοικοῦσι
820 1206 892 1249 καὶ
929 1206 1174 1262 “Ελλήνων,
1218 1214 1334 1261 τρεῖς
1377 1206 1454 1261 ἀφ’

110 1279 313 1336 ἑκατέρας
343 1286 418 1334 τῆς
449 1279 639 1329 στάσεως
670 1277 931 1333 πρεσβευταὶ
964 1277 1216 1331 αἱρεθέντες
1255 1284 1458 1332 παρῆσαν

110 1351 167 1401 ὡς
191 1353 269 1394 τὸν
291 1351 438 1393 Γάιον.
489 1348 560 1392 καὶ
586 1347 641 1404 ἧν
668 1350 750 1405 γὰρ
777 1357 865 1391 τῶν
879 1348 1204 1403 Ἀλεξανδρέων
1232 1348 1459 1403 πρέσβεων

110 1417 171 1472 εἷς
198 1420 373 1475 Ἀπίων,
406 1421 452 1470 ὃς
483 1421 625 1462 πολλὰ
663 1421 724 1469 εἰς
761 1421 862 1469 τοὺς
896 1418 1138 1468 Ἰουδαιόυς
1176 1418 1460 1473 ἐβλασφήμη-

111 1505 203 1547 σεν,
235 1493 344 1534 ἄλλα
375 1507 421 1534 τε
454 1491 594 1545 λέγων
625 1489 697 1532 καὶ
737 1490 794 1540 ὡς
831 1497 919 1532 τῶν
957 1492 1179 1544 Καίσαρος
1210 1497 1349 1543 τιμῶν
1386 1503 1460 1530 πε-

57 1582 91 1607 20
112 1570 317 1619 ριορῷεν·
363 1563 506 1616 <258>
548 1562 726 1603 πάντων
772 1567 905 1614 γοῦν,
951 1561 1103 1602 ὁπόσοι
1147 1566 1197 1615 τῇ
1237 1558 1461 1614 Ῥωμαίων

112 1637 220 1689 ἀρχῇ
254 1633 479 1682 ὑποτελεῖς
510 1629 612 1684 εἶεν,
646 1632 822 1685 βωμοὺς
852 1636 910 1687 τῷ
938 1632 1058 1687 Γαΐω
1089 1629 1161 1671 καὶ
1194 1630 1304 1679 νεὼς
1338 1630 1461 1683 ἱδρυ-

111 1704 281 1759 μένων,
325 1703 377 1744 τά
419 1700 453 1744 τ’
505 1703 614 1743 ἄλλα
651 1707 785 1742 πᾶσιν
823 1701 958 1742 αὐτὸν
998 1701 1142 1753 ὥσπερ
1181 1702 1283 1749 τοὺς
1326 1702 1462 1749 θεοὺς

112 1773 376 1830 δεχομένων,
414 1774 578 1827 μόνους
615 1768 766 1813 τούσδ’
811 1770 973 1821 ἄδοξον
1012 1770 1215 1824 ἡγεῖσθαι
1253 1769 1460 1825 ἀνδριᾶσι

111 1852 242 1900 τιμᾶν
286 1843 357 1886 καὶ
402 1844 554 1896 ὅρκιον
594 1842 730 1883 αὐτοῦ
769 1842 964 1895 τοῦνομα
1003 1845 1241 1883 ποιεῖσθαι.
1312 1840 1461 1895 <259>

57 1935 92 1960 25
111 1916 252 1959 πολλὰ
296 1912 344 1956 δὲ
388 1912 459 1955 καὶ
503 1913 666 1968 χαλεπὰ
709 1908 919 1961 Ἀπίωνος
969 1912 1212 1965 εἰρηκότος,
1263 1909 1339 1964 ὑφ’
1398 1907 1460 1953 ὧν

112 1987 305 2041 ἀρθῆναι
336 1986 484 2038 ἤλπιζε
517 1985 594 2025 τὸν
616 1983 751 2025 Γάιον
784 1982 841 2032 ὡς
873 1983 988 2031 εἰκὸς
1014 1979 1082 2035 ἧν,
1105 1983 1256 2023 Φίλων
1283 1981 1305 2024 ὁ
1332 1996 1461 2035 προε·

113 2058 223 2107 στὼς
265 2064 354 2098 τῶν
387 2053 617 2097 Ἰουδαίων
660 2059 734 2107 τῆς
764 2051 1024 2109 ζπρεσβειάς,
1067 2052 1178 2107 ἀνὴρ
1223 2053 1275 2094 τὰ
1318 2052 1461 2094 πάντα

114 2127 310 2180 ἔνδοξος,
344 2123 634 2179 Ἀλεξάνδρου
670 2139 715 2166 τε
755 2130 836 2165 τοῦ
873 2123 1124 2178 ἀλαβάρχου
1163 2122 1354 2177 ἀδελφὸς
1398 2123 1460 2164 ὢν

113 2196 185 2239 καὶ
216 2199 480 2252 φιλοσοφίας
512 2195 591 2237 οὐκ
623 2195 812 2249 ἄπειρος,
846 2188 938 2244 οἷός
963 2192 998 2235 τ’
1036 2191 1092 2248 ἧν
1119 2191 1183 2235 ἐπ’
1217 2193 1460 2246 ἀπολογιάν

58 2287 95 2311 30
115 2274 273 2324 χωρεῖν
299 2274 387 2309 τῶν
412 2262 789 2319 κατηγορημένων.
852 2264 996 2317 <260>
1017 2264 1225 2305 διακλείει
1252 2261 1295 2304 δ’
1325 2262 1461 2304 αὐτὸν

116 2339 248 2388 Γάιος
290 2338 497 2386 κελεύσας
535 2334 733 2377 ἐκποδὼν
771 2334 1004 2388 ἀπελθεῖν,
1041 2335 1277 2389 περιοργής
1317 2332 1352 2374 τ’
1399 2333 1462 2374 ὢν
