1732 2526
614 89 1023 121 EHTAKAIAEKATH
1435 89 1490 130 89

148 196 324 250 ἤλεγχες
349 196 573 249 πονηροὺς
598 196 850 248 γεγονότας,
875 197 947 236 καὶ
972 197 1074 244 τοὺς
1100 196 1493 251 ὁμοπραγήσαντας

147 265 296 314 αὐτοῖς
338 265 417 320 οὐχ
461 265 719 318 ὑπεδίδους,
760 266 957 319 φανερὸν
995 273 1086 314 τοϊς
1129 273 1233 308 πᾶσι
1281 269 1494 318 καθιστὰς

148 336 205 385 ὡς
231 334 301 376 καὶ
322 337 553 389 συνθήκην
572 336 681 389 πρὸς
707 335 868 384 αὐτοὺς
892 336 999 376 κατὰ
1020 342 1098 378 τοῦ
1125 338 1286 390 πατρὸς
1311 338 1492 391 ποιησά-

146 422 278 460 μενος
322 406 552 448 ἐπανείλου
597 413 874 460 κατηγορεῖν,
917 406 1062 459 <112>
1107 409 1378 461 βουλόμενός
1423 420 1492 450 σοι

111 478 226 530 ὀτὴν
270 476 509 531 ἐπιβουλὴν
552 482 627 530 τῆς
670 479 985 531 πατροκτονίας
1028 478 1340 531 κερδαίνεσθαι
1385 479 1493 519 κατὰ

146 549 297 601 μόνας,
340 545 413 588 καὶ
457 547 585 588 δυοῖν
630 546 823 599 ἀγώνοιν
861 547 1146 602 εὐφροσύνην
1191 549 1493 603 καρπούμενος

145 620 310 671 τρόπου
350 624 429 659 τοῦ
471 624 552 659 σοῦ
593 617 733 671 ἀξίαν,
774 625 972 672 φανεροῦ
1013 615 1094 672 μὲν
1134 624 1212 660 τοῦ
1254 619 1361 660 κατὰ
1406 627 1493 660 τῶν

145 687 366 742 ἀδελφῶν,
399 683 432 744 ᾧ
464 686 534 729 καὶ
567 688 762 741 ἠγάλλου
794 688 853 738 ὡς
892 687 961 729 ἐπὶ
1001 696 1092 737 τοῖς
1129 691 1358 742 μεγίστοις.
1421 688 1494 730 καὶ

146 755 200 812 ἦν
231 758 355 809 ἄξιον
388 758 501 801 οὕτω
528 766 730 813 φρονεῖν·
762 759 906 812 <113>
936 760 977 800 εί
1002 757 1049 800 δὲ
1076 760 1133 813 μή
1160 775 1207 812 γε
1244 762 1298 801 σὺ
1333 762 1493 815 χείρων

94 840 127 864 10
147 825 197 882 ἧς
228 830 422 883 κρυπτὸν
464 830 600 871 δόλον
640 830 747 870 κατὰ
789 835 867 871 τοῦ
907 831 1069 883 πατρὸς
1107 833 1347 885 συντιθείς,
1385 829 1494 872 ἐκεί-

145 914 250 949 νους
281 897 361 954 μὲν
403 900 482 954 οὐχ
525 900 582 949 ὡς
622 906 680 956 τῷ
723 898 853 954 πατρὶ
894 899 1312 954 ἐπιβεβουλευκότας
1351 908 1493 955 μισῶν

146 969 219 1025 (οὐ
250 970 333 1025 γὰρ
366 969 421 1011 ἂν
453 969 680 1020 ἐξώκειλας
711 969 842 1019 αὐτὸς
874 969 943 1012 ἐπὶ
975 970 1133 1025 πρᾶξιν
1164 970 1491 1026 παραπλησίαν)

145 1039 239 1082 ἀλλ’
278 1041 336 1090 ὡς
367 1041 602 1096 διαδόχους
633 1046 707 1094 τῆς
737 1041 973 1095 ἡγεμονίας
1012 1054 1092 1083 σου
1133 1042 1406 1096 δικαιότερον
1438 1042 1493 1083 ἂν

148 1110 430 1165 γενομένους,
461 1112 539 1153 τὸν
571 1110 619 1153 δὲ
650 1109 816 1166 πατέρα
842 1111 1120 1166 ἐπισφάττων
1145 1121 1236 1162 τοῖς
1267 1112 1494 1167 ἀδελφοῖς,

30 1225 35 1228 ,
94 1193 127 1218 15
148 1182 290 1235 <114>
328 1182 401 1224 ἴνα
438 1186 605 1224 θᾶττον
643 1182 701 1231 ὡς
737 1181 917 1224 ἐκείνων
949 1181 988 1224 τ’
1029 1181 1394 1233 ἐπικαταψεύσαιο
1435 1185 1492 1238 μὴ

114 1293 116 1295 ,
147 1251 373 1307 ἐλεγχθῇς,
403 1251 476 1294 καὶ
508 1248 570 1294 ὧν
603 1253 733 1302 αὐτὸς
765 1253 888 1302 δίκας
920 1261 1161 1308 παρασχεῖν
1187 1253 1304 1304 ἄξιος
1330 1252 1492 1307 γένοιο,

147 1323 310 1376 ταύτην
345 1323 463 1378 παρὰ
499 1329 578 1365 τοῦ
617 1324 862 1378 δυστυχοῦς
899 1323 1151 1377 εἰσπράξαιο
1189 1326 1364 1378 πατρός,
1405 1324 1495 1366 ἐπι-

148 1401 264 1436 νοῶν
304 1395 624 1448 πατροκτονίαν
669 1394 722 1435 οὐ
764 1395 920 1448 κοινὴν
959 1393 1052 1435 ἀλλ’
1097 1395 1196 1437 οἵαν
1241 1394 1366 1449 μέχρι
1409 1401 1494 1437 νῦν

148 1464 227 1518 οὐχ
273 1464 502 1518 ἱστόρησεν
543 1464 566 1505 ὁ
611 1466 716 1518 βίος.
779 1465 925 1518 <115>
969 1464 1049 1520 οὐχ
1092 1465 1189 1514 υίὸς
1232 1466 1315 1519 γὰρ
1353 1467 1494 1519 μόνον

95 1547 128 1571 20
147 1532 276 1588 πατρὶ
309 1533 605 1589 ἐπεβούλευες,
646 1533 757 1576 ἀλλὰ
798 1533 871 1576 καὶ
908 1539 1114 1590 φιλοῦντι
1151 1534 1223 1577 καὶ
1261 1535 1494 1590 εὐηργετη-

147 1607 256 1657 κότι,
288 1606 502 1654 κοινωνὸς
532 1611 608 1658 τῆς
638 1607 862 1658 βασιλείας
894 1606 956 1647 ὢν
988 1613 1080 1655 τοϊς
1111 1607 1256 1660 ἔργοις
1296 1605 1366 1647 καὶ
1401 1606 1494 1647 διά-

149 1676 278 1730 δοχος
308 1677 599 1729 προφανθείς,
636 1673 707 1716 καὶ
745 1675 825 1729 τὴν
863 1673 942 1729 μὲν
983 1676 1152 1730 ἡδονὴν
1188 1683 1264 1730 τῆς
1296 1675 1494 1726 ἐξουσίας

147 1746 230 1800 ’ἤδη
263 1745 591 1800 προλαμβάνειν
623 1746 680 1799 μὴ
715 1745 1101 1800 ἐπικεκωλυμένος,
1142 1745 1296 1788 ἐλπίδα
1334 1745 1382 1788 δὲ
1414 1748 1494 1800 τὴν

147 1818 349 1866 εἰσαῦθις
394 1817 546 1871 γνώμῃ
584 1822 663 1857 τοῦ
699 1818 861 1870 πατρὸς
900 1818 972 1858 καὶ
1013 1817 1234 1872 γράμμασι
1265 1829 1494 1872 προησφα-

95 1898 128 1924 25
149 1886 364 1941 λισμένος.
427 1887 570 1940 <116>
601 1884 694 1928 ἀλλ’
733 1886 813 1929 οὐκ
844 1887 928 1941 ἄρα
959 1893 1010 1942 τῇ
1036 1886 1241 1947 (Ηρώδου
1280 1888 1408 1943 ἀρετῇ
1441 1889 1493 1930 τὰ

147 1958 390 2012 πράγματα,
423 1958 575 2012 γνώμῃ
618 1954 666 1998 δὲ
706 1956 778 1998 καὶ
809 1960 999 2014 πονηρία
1030 1960 1197 2013 ἔκρινες
1227 1965 1279 2014 τῇ
1312 1966 1493 2013 σαυτοῦ,

147 2030 416 2083 βουλόμενος
446 2034 525 2070 τοῦ
555 2027 734 2069 πάντων
766 2040 836 2070 σοι
868 2029 1198 2079 ὑπακούσαντος
1227 2031 1390 2085 πατρὸς
1421 2028 1493 2071 καὶ

147 2100 196 2140 τὸ
229 2097 359 2154 μέρος
391 2097 691 2153 ἀφαιρεῖσθαι,
723 2097 795 2140 καὶ
827 2098 880 2140 ὃν
911 2106 1180 2153 προσεποιοῦ
1217 2107 1309 2150 τοῖς
1345 2102 1495 2154 λόγοις

149 2169 322 2222 σώζειν,
360 2176 451 2218 τοῖς
489 2170 634 2223 ἔργοις
670 2174 828 2211 τοῦτον
873 2168 1086 2224 ἀφανίσαι
1131 2171 1288 2224 ζητῶν,
1325 2169 1397 2211 καὶ
1435 2171 1492 2225 μὴ

70 2252 130 2277 ’30
149 2241 288 2294 μόνον
325 2239 455 2289 αὐτὸς
494 2240 686 2294 πονηρὸς
721 2239 1054 2294 καθιστάμενος,
1092 2240 1237 2294 <117>
1276 2239 1384 2282 ἀλλὰ
1422 2240 1493 2282 καὶ

243 2324 262 2363 ξ
290 2324 357 2354 112
384 2319 429 2355 ef.
457 2319 547 2354 Bell.
573 2319 651 2354 Iud.
677 2319 693 2353 Ι
719 2323 774 2363 32,
802 2323 833 2354 4.
