1732 2526
182 1753 202 1783 10

231 79 253 119 1
260 79 316 119 46
722 80 1086 114 ΑΡΧΑΙΟΛΟΓΙΑΣ

232 185 585 241 ἀπαγορεύοντος
615 187 720 240 ἡμῖν
758 193 837 229 τοῦ
875 189 1034 242 νόμου·
1080 187 1196 241 <56>
1234 184 1305 227 καὶ
1344 186 1416 227 διὰ
1452 193 1582 228 τοῦτο
1616 218 1621 222 .

230 258 277 299 οἱ
309 259 526 312 πρότερον
563 256 774 311 ἡγεμόνες
811 266 904 306 ταῖς
941 258 998 312 μὴ
1037 258 1142 312 μετὰ
1179 257 1363 299 τοιῶνδε
1404 258 1581 311 κόσμων

231 329 436 381 σημαίαις
468 327 698 369 ἐποιοῦντο
732 329 908 370 εἴσοδον
939 334 989 383 τῇ
1022 330 1158 370 πόλει.
1219 335 1389 382 πρῶτος
1421 326 1468 368 δὲ
1502 330 1583 369 Πι-

229 401 373 451 λᾶτος,
405 397 563 454 ἀγνοίᾳ
594 405 682 439 τῶν
715 398 967 453 ἀνθρώπων
1000 399 1072 440 διὰ
1098 400 1146 440 τὸ
1173 399 1346 453 νύκτωρ
1373 396 1583 451 γενέσθαι

227 469 308 522 τὴν
336 469 533 521 εἴσοδον,
567 469 762 522 ἱδρύεται
794 469 868 518 τὰς
899 470 1070 518 εἰκόνας
1102 468 1251 524 φέρων
1282 470 1344 517 εἰς
1374 469 1426 510 τὰ
1451 466 1583 523 Ἱερο-
1619 483 1635 509 5

229 542 412 592 σόλυμα.
475 540 589 593 <5ῖ>
624 541 669 581 οἳ
699 536 739 580 δ’
776 537 868 580 ἐπεὶ
900 541 1121 594 ἔγνωσαν,
1152 540 1260 580 κατὰ
1291 541 1472 593 πληθὺν
1503 553 1583 580 πα-

229 616 370 666 ρῆσαν
403 611 463 659 εἰς
489 609 776 664 Καισάρειαν,
811 610 996 651 ἱκετείαν
1026 610 1286 664 ποιούμενοι
1320 607 1389 650 ἐπὶ
1419 610 1584 659 πολλὰς

229 680 392 735 ἡμέρας
430 679 499 722 ἐπὶ
537 679 770 735 μεταθέσει
811 688 899 722 τῶν
939 682 1138 722 εἰκόνων.
1200 679 1273 722 καὶ
1315 681 1372 734 μὴ
1415 691 1582 735 συγχω-

230 758 416 806 ροῦντος
455 752 527 793 διὰ
564 753 612 793 τὸ
652 753 714 800 είς
750 751 882 806 ὕβριν
920 753 1111 806 Καίσαρι
1150 749 1324 805 φέρειν,
1368 750 1465 792 ἐπεί
1501 765 1582 806 περ

229 822 310 864 οὐκ
342 822 644 877 ἐξανεχώρουν
677 825 892 877 λιπαρεῖν,
925 823 1032 864 κατὰ
1063 823 1144 876 τὴν
1177 821 1304 876 ἕκτην
1336 821 1502 877 ἡμέραν
1535 821 1582 863 ἐν
1603 837 1636 862 10

229 893 381 942 ὅπλοις
413 893 594 947 ἀφανῶς
626 892 885 942 ἐπικαθίσας
916 894 964 935 τὸ
998 894 1310 948 στρατιωτικὸν
1352 891 1482 941 αὐτὸς
1514 890 1583 933 ἐπὶ

227 965 276 1006 τὸ
309 966 427 1018 βῆμα
459 960 552 1018 ἧκε·
594 965 642 1005 τὸ
677 962 716 1005 δ’
747 963 794 1005 ἐν
825 969 884 1020 τῷ
918 965 1080 1021 σταδίῳ
1113 963 1442 1016 κατεσκεύαστο,
1476 962 1582 1019 ὅπερ

228 1033 472 1089 ἀπέκρυπτε
505 1036 583 1076 τὸν
616 1034 912 1089 ἐφεδρεύοντα
944 1036 1143 1090 στρατόν.
1205 1034 1320 1088 <58>
1363 1033 1495 1075 πάλιν
1534 1031 1583 1075 δὲ

228 1113 317 1147 τῶν
338 1105 569 1148 Ἰουδαίων
597 1107 756 1162 ἱκετεία
787 1105 1026 1161 χρωμένων
1037 1139 1048 1160 ,
1084 1105 1167 1148 ἀπὸ
1199 1107 1481 1159 συνθήματος
1509 1119 1582 1146 πε-

228 1177 436 1231 ριστήσας
473 1177 576 1224 τοὺς
614 1177 878 1229 στρατιώτας
914 1176 1082 1229 ἠπείλει
1119 1175 1318 1218 θάνατον
1351 1175 1582 1229 ἐπιθήσειν
1603 1188 1636 1215 15

230 1248 383 1300 ζημίαν
417 1246 463 1287 ἐκ
489 1252 568 1288 τοῦ
601 1245 736 1299 ὀξέος,
768 1247 808 1288 εἰ
837 1248 895 1301 μὴ
922 1247 1194 1301 παυσάμενοι
1221 1244 1338 1302 (τοῦ)
1364 1248 1581 1301 θορυβεῖν

229 1316 299 1358 ἐπὶ
331 1318 383 1358 τὰ
416 1318 554 1358 οἰκεῖα
586 1316 768 1360 ἀπίοιεν.
831 1317 959 1371 <59>
998 1319 1043 1359 οἳ
1078 1315 1126 1358 δὲ
1164 1326 1344 1372 πρηνεῖς
1375 1318 1583 1371 ῥίψαντες

228 1386 412 1437 ἑαυτοὺς
448 1386 520 1429 καὶ
558 1394 829 1442 γυμνοῦντες
865 1388 940 1437 τὰς
978 1388 1171 1442 σφαγάς,
1208 1388 1337 1441 ἥδιον
1377 1387 1582 1438 δέξεσθαι

226 1460 306 1500 τὸν
336 1458 535 1500 θάνατον
569 1460 720 1512 ἔλεγον
752 1458 778 1512 ἢ
811 1460 1047 1513 τολμήσειν
1078 1460 1159 1513 τὴν
1192 1462 1355 1514 σοφίαν
1386 1460 1582 1514 παραβή-

229 1533 387 1571 σεσθαι
413 1536 501 1571 τῶν
533 1531 695 1583 νόμων.
752 1528 824 1571 καὶ
851 1533 1046 1579 Πιλᾶτος
1077 1531 1311 1585 θαυμάσας
1340 1531 1389 1572 τὸ
1422 1529 1581 1586 ἐχυρὸν
1601 1545 1635 1569 20

228 1600 376 1642 αὐτῶν
410 1598 475 1641 ἐπὶ
511 1603 684 1655 φυλακῇ
710 1608 799 1642 τῶν
824 1602 991 1655 νόμων,
1022 1606 1284 1656 παραχρῆμα
1309 1601 1384 1650 τὰς
1409 1602 1582 1650 εἰκόνας

229 1671 276 1712 ἐκ
307 1679 395 1712 τῶν
421 1669 742 1726 Ἱεροσολύμων
774 1670 1089 1725 ἐπανεκόμισεν
1122 1673 1183 1721 είς
1214 1672 1500 1727 Καισάρειαν.

318 1742 446 1797 <6Ο>
495 1742 671 1783 ὑδάτων
722 1741 761 1783 δ’
816 1741 1047 1796 ἐπαγωγὴν
1098 1744 1160 1791 είς
1209 1743 1259 1783 τὰ
1298 1739 1581 1797 Ἱεροσόλυμα

229 1812 406 1867 ἔπραξε,
452 1812 624 1868 δαπάνῃ
663 1820 750 1854 τῶν
793 1813 924 1867 ἱερῶν
964 1812 1217 1868 χρημάτων,
1263 1812 1460 1867 ἐκλαβὼν
1500 1813 1581 1867 τὴν

229 1882 369 1938 ἀρχὴν
400 1889 479 1924 τοῦ
512 1883 726 1938 ῥεύματος
758 1883 864 1925 ὅσον
897 1883 981 1924 ἀπὸ
1016 1884 1255 1925 διακοσίων
1282 1884 1484 1925 σταδίων.
1538 1885 1585 1925 οἳ
1600 1894 1634 1920 25

231 1951 268 1994 δ’
309 1953 389 1995 οὐκ
420 1954 601 2007 ἠγάπων
633 1961 724 2003 τοῖς
755 1952 866 2009 ἀμφὶ
899 1955 947 1996 τὸ
978 1954 1100 2009 ὕδωρ
1135 1952 1390 2010 δρωμένοις,
1422 1955 1586 1996 πολλαί

229 2039 275 2066 τε
314 2024 523 2079 μυριάδες
560 2024 812 2079 ἀνθρώπων
851 2027 1145 2075 συνελθόντες
1181 2026 1402 2079 κατεβόων
1443 2024 1581 2066 αὐτοῦ

229 2095 487 2136 παύσασθαι
530 2101 609 2136 τοῦ
651 2094 720 2136 ἐπὶ
760 2096 978 2145 τοιούτοις
1020 2093 1415 2150 προθυμουμένου·
1466 2092 1582 2144 τινες

232 2163 279 2207 δὲ
311 2163 384 2206 καὶ
417 2166 618 2221 λοιδορίᾳ
649 2167 867 2221 χρώμενοι
899 2166 1081 2220 ὕβριζον
1112 2167 1174 2215 εἰς
1205 2167 1282 2207 τὸν
1314 2165 1470 2219 ἄνδρα,
1510 2159 1580 2207 οἷα

229 2237 285 2290 δὴ
318 2239 438 2291 φιλεῖ
475 2235 680 2290 πράττειν
713 2236 875 2290 ὅμιλος.
936 2237 1050 2291 <61>
1089 2236 1111 2278 ὃ
1146 2234 1193 2278 δὲ
1226 2239 1357 2291 στολῇ
1389 2242 1440 2291 τῇ
1473 2235 1580 2278 ἐκεί-
1599 2248 1636 2274 30

327 2319 345 2358 ξ
373 2319 417 2351 60
444 2315 487 2352 cf.
514 2316 606 2352 Bell.
633 2316 711 2351 Iud.
739 2317 774 2350 Π
801 2320 831 2362 9,
859 2321 890 2352 4.
