1732 2526
245 74 328 116 192
735 76 1101 110 ΑΡΧΑΙοΛοΓΙΑΣ

242 182 387 237 <301>
421 182 520 224 (νῦν
558 180 639 225 οὖν
677 184 718 225 εἰ
757 181 836 238 μὲν
869 184 1058 239 φθάνεις
1089 185 1166 226 τὸν
1200 183 1442 239 ἀνδριάντα
1475 182 1617 238 ἔστα--

241 254 340 306 κώς,
386 251 566 295 ἑστάτω·
617 255 659 296 εἰ
701 252 748 296 δὲ
793 257 919 310 μήπω
963 257 1197 309 πεποίησαι
1241 255 1321 308 τὴν
1365 254 1597 309 ἀνάθεσιν,

243 321 379 378 μηδὲν
406 322 645 379 περαιτέρω
671 324 931 378 κακοπάθει,
963 324 1074 366 ἀλλὰ
1105 327 1182 367 τόν
1211 340 1256 366 τε
1284 327 1470 380 στρατὸν
1504 325 1596 367 διά-

243 397 318 436 λυε
363 393 435 435 καὶ
480 394 609 444 αὐτὸς
654 392 720 449 ἐφ’
766 395 792 437 ἃ
835 397 883 438 τὸ
928 397 1103 451 πρῶτόν
1149 406 1195 437 σε
1241 397 1411 438 ἔστειλα
1453 397 1595 438 ἄπιθι.

243 462 376 507 οὐδὲν
408 466 490 521 γὰρ
524 467 586 506 ἔτι
620 464 773 520 δέομαι
799 472 874 520 τῆς
900 465 1176 515 ἀναστάσεως
1208 471 1286 508 τοῦ
1319 465 1596 521 ἀνδριάντος,

237 533 453 592 Ἀγρίππᾳ
485 538 782 591 χαριζόμενος,
814 535 946 591 ἀνδρὶ
977 535 1077 591 παρ’
1117 535 1213 591 ἐμοὶ
1244 537 1474 593 τιμωμένῳ
1507 553 1598 592 μει-

245 608 378 657 ζόνως
410 607 435 661 ἢ
468 608 577 649 ὥστε
610 623 661 662 με
693 610 816 663 χρειά
849 614 900 663 τῇ
940 607 1111 650 ἐκείνου
1149 607 1221 650 καὶ
1253 603 1319 658 οἷς
1350 609 1598 650 κελεύσειεν

242 676 492 719 ἀντειπεῖν.’
557 678 701 732 <302>
742 678 874 728 Γάιος
912 676 992 733 μὲν
1031 680 1085 732 δὴ
1123 685 1258 721 ταῦτα
1300 679 1458 735 γράφει
1489 680 1599 735 πρὸς

242 750 319 790 τὸν
352 749 631 804 Πετρώνιον,
669 751 886 804 πρότερον
918 748 944 803 ἢ
978 748 1176 804 ἐντυχεῖν
1214 757 1306 799 ταῖς
1339 749 1474 792 αὐτοῦ
1508 749 1598 792 ἐπι-

244 822 417 869 στολαῖς
452 819 809 874 [ἐμφαινούσαις]
839 853 848 861 .
869 852 877 861 .
901 854 907 861 .
929 853 937 861 .
967 818 1029 861 ἐπ’
1065 819 1300 862 ἀποστάσει
1333 820 1492 870 αὐτοὺς
1523 836 1598 862 κα-

242 890 426 940 ταδόξας
467 890 737 944 ἐπείγεσθαι·
789 888 928 945 μηδὲν
968 891 1050 946 γὰρ
1090 890 1239 946 ἕτερον
1278 890 1597 946 ἀποσημαίνειν

241 962 321 1015 τὴν
355 961 558 1003 διάνοιαν
592 962 753 1016 αὐτῶν,
786 961 896 1004 ἀλλὰ
922 964 1116 1016 πόλεμον
1149 962 1355 1017 ἄντικρυς
1373 960 1599 1016 Ῥωμαίοις

242 1031 456 1074 ἀπειλεῖν·
507 1032 665 1086 <303>
705 1031 778 1074 καὶ
818 1035 1113 1089 περιαλγήσας
1154 1033 1211 1082 ὡς
1252 1031 1321 1074 ἐπὶ
1358 1034 1488 1089 πείρα
1525 1038 1600 1087 τῆς

242 1102 478 1157 ἡγεμονίας
510 1103 647 1145 αὐτοῦ
680 1105 1023 1158 τετολμηκότων,
1057 1103 1168 1159 ἀνὴρ
1203 1102 1272 1145 ἐπὶ
1297 1110 1431 1145 πᾶσιν
1457 1104 1598 1158 ἥττων

241 1189 322 1227 μεν
354 1179 433 1215 τοῦ
467 1178 650 1229 αισχροῦ
682 1177 892 1229 κρείττων
926 1172 974 1216 δὲ
1012 1180 1091 1216 τοῦ
1129 1175 1379 1228 βελτίστου,
1420 1172 1493 1215 καὶ
1526 1173 1592 1229 ἐφ’

241 1239 402 1287 οἷστισι
444 1247 636 1300 κρίνειεν
678 1246 786 1331 ὀργῆ
826 1249 1019 1301 χρῆσθαι
1050 1242 1150 1299 παρ’
1189 1245 1396 1287 ὁντινοῦν
1430 1243 1598 1298 ἐπειγό-

242 1331 389 1369 μενος,
414 1317 648 1358 παίδευσιν
675 1316 809 1370 αὐτῆς
835 1314 932 1358 οὐδ’
964 1315 1174 1369 ἡντινοῦν
1199 1317 1469 1371 προστιθείς,
1498 1312 1593 1358 ἀλλ’

243 1383 311 1441 ἐφ’
349 1386 487 1442 ἡδονῇ
521 1387 660 1437 τιθεὶς
697 1393 747 1442 τῇ
782 1386 950 1441 ἐκείνης
991 1386 1070 1440 τὴν
1103 1388 1249 1440 κρίσιν
1282 1393 1360 1428 τοῦ
1393 1386 1597 1440 εὐδαίμο-

244 1474 332 1512 νος,
356 1454 524 1513 (αὖθις)
546 1458 705 1513 γράφει
731 1459 840 1512 πρὸς
865 1458 941 1499 τὸν
962 1458 1236 1511 Πετρώνιον,
1261 1457 1405 1511 <304>
1430 1455 1596 1512 Ἐπειδὴ

243 1529 364 1584 δῶρα
397 1529 537 1571 ὁπόσα
570 1540 639 1570 σοι
666 1529 711 1570 οἱ
728 1527 938 1571 Ἰουδαῖοι
967 1527 1187 1583 παρέσχον
1215 1527 1262 1569 ἐν
1288 1529 1453 1583 μείζονι
1479 1530 1596 1586 λόγῳ

242 1607 330 1641 τῶν
363 1599 480 1653 ἐμῶν
512 1602 745 1654 πεποίησαι
779 1598 991 1653 ἐντολῶν,
1034 1600 1339 1641 διακονεῖσθαι
1371 1599 1423 1640 τὰ
1454 1599 1596 1641 πάντα

241 1670 380 1726 ἡδονῇ
425 1676 474 1725 τῇ
521 1670 702 1712 ἐκείνων
746 1668 900 1725 ἀρθεὶς
945 1668 1013 1712 ἐπὶ
1057 1670 1302 1725 παραβάσει
1347 1676 1434 1711 τῶν
1480 1669 1596 1725 ἐμῶν

244 1740 454 1795 ἐντολῶν,
503 1742 665 1783 κελεύω
712 1753 758 1782 σε
805 1747 949 1798 σαυτῷ
994 1742 1147 1795 κριτὴν
1192 1742 1433 1795 γενόμενον
1478 1743 1595 1794 λογί-

242 1816 406 1853 σασθαι
438 1810 537 1866 περὶ
569 1818 647 1853 τοῦ
679 1810 885 1866 ποιητέου
919 1823 988 1854 σοι
1020 1811 1261 1853 ὑποστάντι
1289 1811 1396 1866 ὀργῇ
1423 1817 1473 1866 τῇ
1501 1810 1594 1866 ἐμῇ,

243 1881 338 1923 ἐπεί
371 1898 437 1924 τοι
476 1883 753 1938 παράδειγμα
790 1878 955 1937 ποιοῖμ’
991 1884 1046 1925 ἄν
1085 1894 1130 1924 σε
1172 1889 1264 1932 τοῖς
1295 1897 1339 1924 τε
1372 1889 1457 1924 νῦν
1487 1888 1594 1924 πᾶσι

242 1951 313 1994 καὶ
358 1953 512 1995 ὁπόσοι
556 1954 743 2009 ὕστερον
788 1952 981 2007 γένοιντ’
1028 1955 1102 2007 ἄν,
1147 1954 1355 2008 μηδαμῶς
1398 1952 1593 2008 ἀκυροῦν

243 2023 563 2080 αὐτοκράτορος
595 2023 756 2079 ἀνδρὸς
788 2024 993 2074 ἐντολάςῖ

333 2096 478 2149 <305>
517 2096 680 2150 ταύτην
717 2093 798 2149 μὲν
837 2096 997 2151 γράφει
1030 2097 1268 2152 Πετρωνίῳ
1307 2095 1387 2148 τὴν
1424 2093 1593 2136 ἐπιστο-

242 2168 345 2220 λήν,
387 2165 439 2207 οὐ
478 2166 565 2220 μὴν
597 2166 762 2220 φθάνει
800 2182 848 2220 γε
882 2168 1040 2217 ζῶντος
1073 2166 1326 2221 Πετρώνιος
1358 2165 1593 2219 δεξάμενος

1619 835 1652 861 10

1620 1188 1652 1214 15

1617 1543 1650 1568 20

1614 1894 1647 1921 25

243 2237 403 2291 αὐτήν,
439 2236 771 2290 βραδυνθέντος
802 2244 880 2279 τοῦ
913 2241 1027 2279 πλοῦ
1058 2244 1148 2287 τοῖς
1179 2235 1394 2292 φέρουσιν
1430 2238 1492 2286 εἰς
1523 2251 1591 2278 το-
1611 2247 1646 2273 30

243 2304 365 2349 σόνδ’
403 2308 511 2350 ὥστε
542 2311 782 2366 Πετρωνίῳ
815 2308 1044 2364 γράμματα
1075 2309 1159 2363 πρὸ
1192 2307 1325 2362 αὐτῆς
1351 2305 1591 2362 ἀφικέσθαι
