1732 2526
251 59 338 100 240
742 59 1103 93 APXAIOAOPIAE

251 169 427 223 μαλακῷ
469 167 682 220 γεγονότι.
744 166 886 219 <198>
928 163 1001 208 καὶ
1041 167 1093 207 τὰ
1128 163 1207 220 μὲν
1252 164 1465 221 λεχθέντα
1509 166 1594 209 ὑπὸ

250 243 326 290 τῆς
370 238 640 292 Καισωνίας,
684 235 756 278 καὶ
797 237 925 279 ὁποῖα
967 237 1013 279 οἱ
1046 237 1277 291 ἄνθρωποι
1320 235 1419 290 περὶ
1464 236 1596 291 αὐτῆς

252 306 488 363 ἐφρόνουν,
520 305 640 349 ταῦτ’
677 304 749 360 ἦν·
798 307 820 360 ἢ
855 305 894 348 δ’
938 305 1029 348 ἐπεὶ
1067 311 1222 348 θεᾶται
1260 307 1340 360 τὴν
1372 307 1595 361 πρόσοδον

250 384 330 419 τοῦ
362 378 560 431 Λούπου,
594 379 641 419 τό
674 393 716 418 τε
750 385 871 431 σῶμα
903 384 981 419 τοῦ
1008 378 1049 418 Γ
1046 379 1145 418 αΐου
1174 378 1493 432 προυδείκνυεν
1524 375 1597 419 καὶ

252 444 390 490 ἀσσον
424 446 535 489 ἰέναι
567 447 799 501 παρεκάλει
841 444 930 500 μετ’
975 447 1231 502 ὀλοφυρμοῦ
1268 444 1339 488 καὶ
1380 447 1595 501 δακρύων.
1633 460 1649 485 5

251 519 395 572 (199)
429 517 520 560 ἐπεὶ
555 516 601 559 δὲ
640 524 689 572 τῇ
730 519 904 573 διανοίᾳ
941 518 998 571 μὴ
1039 520 1334 572 συνεστηκότα
1374 515 1487 571 ἑώρα
1518 519 1596 560 τὸν

252 591 436 631 Λοῦπον
469 588 539 630 καὶ
571 590 810 643 προσιόντα
844 588 901 637 ὡς
934 586 1001 629 ἐπὶ
1027 588 1184 642 πρᾶξιν
1218 588 1298 630 οὐκ
1324 588 1441 645 αὐτῷ
1474 603 1596 643 κεχα-

253 658 479 714 ρισμένην,
500 661 752 712 γνωρίσασα
773 656 839 712 ἐφ’
872 657 893 699 ὃ
917 657 1068 713 ἐχώρει
1088 661 1168 712 τήν
1194 674 1238 700 τε
1266 660 1440 713 σφαγὴν
1467 657 1596 713 ἐγύμ-

251 746 333 772 νου
365 728 438 770 καὶ
469 729 585 771 πάνυ
618 728 872 782 προθύμως,
898 727 1172 783 ποτνιωμένη
1200 729 1329 771 ὁποῖα
1355 730 1470 778 εἰκὸς
1495 731 1597 779 τοὺς

253 800 366 841 οὕτω
413 807 561 855 σαφῶς
606 798 654 840 ἐν
699 798 946 852 ἀπογνώσει
990 805 1068 840 τοῦ
1111 800 1184 852 ζῆν
1228 801 1480 852 γεγονότας,
1522 797 1595 841 καὶ
1616 813 1648 838 10

253 871 496 912 κελεύουσα
527 870 584 924 μὴ
618 868 793 923 μέλλειν
825 868 894 910 ἐπὶ
926 870 1144 910 τελειώσει
1182 876 1260 911 τοῦ
1294 869 1512 924 δράματος
1543 867 1596 911 οὗ

255 937 320 982 ἐπ’
365 941 472 996 αὐτῇ
515 939 776 982 συνέθεσαν.
843 940 999 993 <200>
1042 938 1113 980 καὶ
1151 940 1228 993 ἥδε
1274 937 1354 994 μὲν
1396 940 1598 995 εὐψύχως

252 1012 387 1066 ταύτῃ
420 1015 600 1067 τελευτᾷ
630 1011 714 1053 ὑπὸ
747 1016 824 1052 τοῦ
857 1011 1057 1064 Λούπου,
1089 1008 1160 1051 καὶ
1193 1008 1257 1051 ἐπ’
1295 1010 1402 1066 αὐτῇ
1434 1012 1483 1053 τὸ
1514 1014 1602 1052 θυ·

253 1083 450 1136 γάτριον·
483 1080 555 1123 καὶ
576 1084 754 1130 Λοῦπος
779 1086 912 1122 ταῦτα
940 1079 1278 1134 προσαγγέλλων
1299 1082 1480 1123 ἔσπευδε
1507 1089 1598 1131 τοῖς

253 1150 351 1206 περὶ
382 1152 459 1193 τὸν
492 1150 695 1204 Χαιρέαν.
1617 1164 1650 1190 15

341 1222 485 1276 (201)
519 1222 651 1271 Γάιος
683 1219 762 1275 μὲν
795 1222 848 1275 δὴ
882 1220 1086 1274 τέταρτον
1120 1221 1322 1264 ἐνιαυτὸν
1359 1221 1597 1276 ἡγεμονεύ-

255 1304 332 1342 σας
351 1291 574 1347 Ῥωμαίων
601 1295 805 1334 λείποντα
831 1293 1048 1347 τεττάρων
1074 1300 1225 1346 μηνῶν
1259 1292 1371 1334 οὕτω
1404 1296 1594 1349 τελευτᾷ,

254 1363 366 1418 ἀνὴρ
398 1362 470 1404 καὶ
501 1365 716 1418 πρότερον
749 1362 774 1416 ἢ
807 1369 857 1417 τῇ
891 1362 1000 1418 ἀρχῇ
1035 1366 1231 1416 συνῆλθε
1269 1365 1418 1412 σκαιός
1448 1378 1493 1404 τε
1525 1361 1595 1404 καὶ

254 1436 543 1487 κακοτροπίας
575 1435 636 1483 εἰς
667 1435 715 1475 τὸ
748 1434 884 1487 ἄκρον
915 1432 1170 1488 ἀφιγμένος,
1207 1433 1345 1488 ἡδονῇ
1377 1431 1424 1475 θ’
1466 1433 1598 1486 ἡττώ-

255 1519 385 1557 μενος
416 1503 488 1546 καὶ
521 1507 649 1558 φίλος
676 1505 875 1558 διαβολῇ,
907 1503 978 1545 καὶ
1010 1505 1061 1545 τὰ
1094 1502 1172 1558 μὲν
1210 1504 1378 1558 φοβερὰ
1415 1517 1596 1545 καταπε-
1616 1517 1650 1542 20

254 1572 514 1628 πληγμένος,
547 1573 618 1615 καὶ
657 1574 729 1615 διὰ
766 1572 882 1616 τοῦτ’
928 1572 994 1628 ἐφ’
1038 1568 1103 1623 οἷς
1133 1576 1371 1628 θαρρήσειε
1409 1575 1598 1628 φονικώ-

255 1660 394 1697 τατος,
425 1650 500 1698 τῆς
533 1643 571 1685 δ’
611 1644 809 1695 ἐξουσίας
842 1641 908 1699 ἐφ’
946 1643 1022 1686 ἐνὶ>
1050 1647 1171 1701 μόνῳ
1209 1645 1508 1698 πιμπλάμενος
1540 1650 1599 1701 τῷ

255 1714 450 1768 ὑβρίζειν
494 1716 555 1764 εἷς
599 1715 676 1765 οὓς
718 1714 856 1769 ἥκιστ’
907 1715 1060 1771 ἐχρῆν,
1104 1715 1248 1773 ἀλόγῳ
1299 1717 1600 1771 μεγαλοψυχίᾳ

256 1786 494 1840 χρώμενος,
532 1784 603 1827 καὶ
640 1786 847 1840 ποριστὴς
888 1786 934 1828 ἐκ
966 1793 1045 1828 τοῦ
1083 1789 1269 1828 κτείνειν
1307 1785 1378 1827 καὶ
1409 1800 1599 1839 παρανο-

257 1863 369 1909 μεῖν,
407 1855 552 1909 <QG-2>
592 1855 663 1897 καὶ
701 1863 780 1898 τοῦ
818 1854 897 1911 μὲν
935 1859 1064 1899 θείου
1103 1855 1176 1898 καὶ
1212 1859 1402 1910 νομίμου
1444 1858 1599 1910 μείζων
1619 1867 1652 1893 25

257 1925 538 1975 ἐσπουδακὼς
575 1923 692 1968 εἶναί
732 1942 775 1968 τε
814 1925 885 1968 καὶ
918 1928 1080 1981 δοκεῖν,
1121 1927 1363 1982 ἡττώμενος
1394 1924 1436 1968 δ’
1481 1925 1599 1968 ἐπαί-

257 2012 348 2037 νων
392 2002 467 2049 τῆς
504 1998 714 2050 πληθύος.
777 1997 848 2039 καὶ
891 1998 1031 2039 πάντα
1073 1996 1137 2040 ὅσ’
1188 1998 1343 2052 αἰσχρὰ
1381 1998 1532 2049 κρίνας
1576 1997 1598 2039 ὁ

257 2069 391 2120 νόμος
424 2065 611 2122 ἐπιτιμᾷ,
638 2068 868 2121 τιμιώτερα
895 2067 1097 2121 ἐνόμισεν
1124 2067 1287 2122 ἀρετῆς,
1349 2068 1420 2108 καὶ
1451 2069 1601 2120 φιλίας

258 2135 470 2191 ἀμνήμων
502 2135 571 2191 ἦν,
611 2138 753 2191 <20:3>
793 2139 833 2179 εἰ
868 2137 938 2179 καὶ
976 2141 1154 2192 πλείστη
1187 2153 1230 2179 τε
1268 2135 1339 2178 καὶ
1378 2137 1451 2178 διὰ
1482 2139 1600 2191 μεγί-

259 2218 374 2249 στων
405 2206 592 2261 γένοιτο,
626 2202 690 2257 οἷς
720 2207 816 2250 ποτ’
856 2208 1085 2262 ὀργισθείη
1125 2206 1344 2260 ἐπιπλήξει
1382 2206 1601 2256 κολάσεως
1619 2218 1653 2244 30
1712 2240 1713 2244 η

258 2276 329 2319 καὶ
374 2275 437 2319 ἐπ’
489 2277 742 2333 ἐλαχίστοις,
786 2278 996 2333 πολέμιον
1042 2277 1080 2320 δ’
1126 2278 1369 2332 ἡγούμενος
1415 2283 1502 2319 πᾶν
1550 2279 1598 2319 τὸ
