1732 2526
550 55 988 88 ENNEAKAIAEKATH
1354 53 1436 94 221

96 163 264 214 παρείη.
331 162 376 202 τί
415 161 497 214 γὰρ
543 161 596 214 δὴ
641 159 712 201 καὶ
756 157 914 212 γένοιτ’
962 160 1016 201 ἂν
1062 160 1190 214 ἀνδρὶ
1235 162 1441 214 φρόνημα

46 231 49 234 ’
97 233 239 286 ἔχοντι
275 231 434 272 τούτου
472 231 803 285 σχετλιώτερον,
841 230 977 272 Γάιον
1016 231 1151 272 ἄλλον
1189 232 1288 271 τινὰ
1320 224 1441 272 ἀναιὲ

98 308 192 354 ρεϊν
225 300 330 355 ἐμοῦ
364 303 540 354 ζῶντος,
574 301 646 342 καὶ
680 297 752 354 ἐμὲ
784 301 863 354 τὴν
897 299 964 341 ἐπὶ
996 299 1102 356 τῷδ’
1141 300 1298 354 ἀρετὴν
1331 300 1441 355 ἀφῃ-

98 370 323 426 ρημένον;’

62 453 78 477 5
186 442 299 495 <84>
342 440 412 482 καὶ
457 441 479 482 ὃ
523 439 603 494 μὲν
647 438 763 482 ταῦτ’
802 442 937 482 εἰπὼν
982 441 1113 490 αὐτός
1155 439 1203 481 θ’
1252 441 1442 494 ὡρμήκει

98 512 275 565 πράξων
313 513 361 553 τὸ
400 512 530 565 ἔργον
568 509 639 553 καὶ
681 518 770 560 τοῖς
803 514 972 560 λοιποῖς
1005 510 1228 564 ἐνεποίησε
1260 510 1444 565 θράσος,

82 584 207 623 ’πᾶσί
245 580 282 622 τ’
323 579 379 635 ἦν
423 583 531 635 ἔρως
575 582 787 622 ἅπτεσθαι
833 587 911 623 τοῦ
956 581 1264 636 ἐγχειρήματος
1307 577 1445 634 μηδὲν

96 650 522 711 ὑπερβαλλομένοις.”
569 652 681 703 <85>
726 650 867 692 ἕωθέν
911 649 946 692 τ’
996 650 1063 693 ἐπὶ
1107 657 1185 693 τοῦ
1230 653 1444 692 παλατίου

97 720 267 775 γέγονε,
298 722 346 763 τὸ
379 720 503 775 ξίφος
535 721 836 776 ὑπεζωσμένος
866 729 954 763 τῶν
981 722 1187 763 ἱππικῶν·
1233 723 1336 770 ἔθος
1362 722 1444 774 γὰρ

48 805 80 829 10
100 793 153 845 δὴ
185 798 277 840 τοῖς
306 792 547 846 χιλιάρχοις
577 799 728 845 τοῦτο,
763 791 1019 846 ἐζωσμένοις
1050 793 1186 834 αἰτεῖν
1206 792 1334 845 παρὰ
1366 798 1445 833 τοῦ

99 862 422 916 αὐτοκράτορος
458 864 506 904 τὸ
540 870 742 916 σημεῖον,
780 860 834 916 ἧν
865 861 910 903 θ’
948 862 974 916 ἡ
1013 861 1150 917 ἡμέρα
1188 864 1446 915 καθήκουσα

101 934 161 981 εἰς
193 932 327 973 αὐτὸν
359 939 435 986 τῆς
460 934 753 987 παραλήψεως
783 939 861 974 τοῦ
889 936 1083 986 σημείου.
1133 933 1246 986 <86>
1280 933 1375 986 ἄρτι
1401 947 1445 973 τε

102 1000 254 1058 συνῄει
280 1004 455 1056 πληθὺς
481 1004 540 1052 εἰς
571 1004 618 1058 τὸ
651 1003 863 1044 παλάτιον
895 1001 963 1044 ἐπὶ
988 1004 1313 1057 προκαταλήψει
1339 1001 1447 1051 θέας

101 1075 247 1129 πολλῷ
279 1073 463 1129 θορύβῳ
495 1071 566 1114 καὶ
594 1073 790 1128 ὠθισμῷ,
822 1079 934 1128 χαρᾷ
958 1072 1171 1127 φέροντος
1197 1074 1238 1113 Γ
1235 1075 1334 1114 α’ίόυ
1366 1073 1447 1126 τὴν

15 1154 82 1180 -15
103 1141 171 1184 ἐπὶ
212 1143 401 1184 τοιοῖσδε
443 1150 530 1184 τῶν
570 1144 747 1184 πολλῶν
788 1143 1007 1196 σπουδήν,
1049 1144 1162 1197 παρὸ
1200 1141 1274 1184 καὶ
1313 1141 1447 1183 διεκέ-

100 1228 221 1267 κριτο
261 1209 393 1253 οὐδὲν
432 1212 531 1253 οὔτε
569 1218 619 1267 τῇ
660 1213 886 1269 συγκλήτῳ
928 1214 1092 1267 χωριόν
1124 1214 1224 1255 οὔτε
1257 1220 1350 1262 τοῖς
1383 1213 1449 1253 ἶπ-

101 1289 245 1337 πεῦσι,
276 1283 455 1337 φύρδην
487 1281 526 1324 δ’
563 1283 728 1336 ἵζοντο,
768 1281 840 1323 καὶ
877 1290 969 1331 τοῖς
1007 1282 1222 1335 ἀνδράσιν
1262 1283 1373 1337 ὁμοῦ
1406 1284 1454 1324 αἶ

102 1360 306 1406 γυναῖκες
345 1351 416 1394 καὶ
449 1358 507 1410 τῷ
540 1354 685 1410 δούλῳ
717 1350 1071 1406 ἀναμεμιγμένον
1108 1354 1156 1394 τὸ
1200 1352 1450 1406 ἐλεύθερον,

104 1424 218 1476 <87>
250 1423 382 1472 Γάιος
421 1422 488 1475 δέ,
532 1424 745 1477 προόδων
777 1423 893 1479 αὐτῷ
932 1421 1203 1477 γενομένων,
1249 1425 1353 1464 ἔθυε
1392 1424 1450 1480 τῷ

51 1506 84 1530 20
105 1495 313 1549 Σεβαστῷ
353 1495 563 1547 Καίσαρι,
608 1489 641 1550 ᾧ
683 1494 736 1547 δὴ
775 1492 846 1534 καὶ
883 1493 934 1534 τὰ
972 1499 1046 1546 τῆς
1082 1495 1272 1548 θεωρίας
1309 1495 1452 1547 ἤγετο,

104 1563 176 1605 καὶ
213 1566 447 1612 πίπτοντος
483 1570 570 1604 τῶν
610 1563 780 1617 ἱερείων
817 1564 936 1612 τινὸς
969 1561 1131 1616 συνέβη
1165 1564 1343 1617 αἵματος
1373 1565 1453 1617 τὴν

100 1633 322 1688 ’Λσπρήνα
363 1635 541 1686 στολήν,
587 1631 684 1683 ἑνὸς
726 1641 814 1675 τῶν
856 1636 1178 1686 συγκλητικῶν,
1223 1633 1453 1675 ἀνάπλεων

105 1704 327 1759 γενέσθαι.
389 1710 517 1746 τοῦτο
556 1706 598 1745 Γ
594 1706 675 1760 αΐῳ
714 1703 880 1756 γέλωτα
918 1700 998 1757 μὲν
1035 1703 1272 1758 παρέσχεν,
1316 1701 1371 1757 ἦν
1410 1702 1448 1745 δ’

107 1775 191 1829 ἄρα
229 1775 290 1823 εἰς
328 1766 489 1815 οἰωνὸν
526 1780 585 1829 τῷ
614 1772 835 1829 Ἀσπρήνα
875 1774 1087 1827 φανερόν·
1139 1772 1454 1828 ἐπικατασφάτ-

55 1856 89 1881 25
107 1860 223 1886 τεται
256 1845 338 1898 γὰρ
371 1850 429 1900 τῷ
466 1845 592 1900 Γαΐῳ.
654 1844 769 1897 <88>
811 1843 946 1885 Γάιον
985 1841 1023 1884 δ’
1063 1844 1296 1898 ἱστορεῖται
1338 1845 1454 1899 παρὰ

109 1915 246 1969 φύσιν
289 1915 369 1968 τὴν
414 1912 571 1956 ἑαυτοῦ
614 1914 1060 1969 εὐπροσηγορώτατον
1104 1913 1312 1967 γενέσθαι
1358 1912 1449 1956 κατ’

110 1984 282 2038 ἐκείνην
320 1986 400 2038 τὴν
437 1983 623 2039 ἡμέραν,
664 1982 736 2026 καὶ
775 1984 986 2038 δεξιότητι
1023 1985 1249 2039 χρώμενον
1282 1984 1455 2039 ὁμιλίας

109 2053 245 2096 πάνθ’
277 2055 483 2097 ὁντινοῦν
511 2054 714 2108 ἐκπλῆξαι
740 2062 826 2096 τῶν
852 2057 1290 2110 παρατυγχανόντων.
1341 2055 1455 2108 <89>

111 2125 216 2178 μετὰ
249 2122 297 2166 δὲ
329 2126 408 2178 τὴν
440 2127 606 2166 θυσίαν
644 2124 712 2167 ἐπὶ
750 2126 829 2179 τὴν
867 2128 1062 2179 θεωρίαν
1094 2124 1271 2179 τραπεὶς
1303 2124 1455 2167 ἐκαθέ-

58 2208 93 2233 30
113 2183 224 2249 ζετο,
267 2193 338 2236 καὶ
376 2194 475 2250 περὶ
514 2195 648 2237 αὐτὸν
686 2203 773 2237 τῶν
812 2194 996 2251 ἑταίρων
1035 2197 1080 2237 οἱ
1108 2195 1455 2249 ἀξιολογώτατοι.

111 2266 226 2320 <90>
257 2266 572 2307 κατεσκεύαστο
600 2263 646 2307 δὲ
679 2267 726 2308 τὸ
752 2264 943 2321 θέατρον
972 2266 1154 2321 (πηκτὸν
1187 2264 1226 2308 δ’
1260 2265 1454 2319 ἐγίγνετο

1471 453 1512 483 13

1724 488 1732 781 ἡμὴ
1726 438 1728 468 ἡ
1726 375 1727 412 ᾼεᾼ
