1732 2526
64 851 96 875 10

65 1203 98 1227 15

66 1554 101 1579 20

70 1905 103 1931 25

70 2256 106 2282 30

725 94 838 126 13102
1368 91 1454 133 353

113 203 385 257 μεταπείσειν
411 201 572 249 αὐτοὺς
597 200 804 254 βοώντων
832 198 993 241 οὐδένα
1018 198 1117 252 περὶ
1142 207 1219 242 τοῦ
1240 200 1297 254 μὴ
1325 211 1453 254 στρα-

113 274 248 327 τηγὸν
279 274 394 326 ἔχειν
422 269 646 325 Ἰώσηπον.
708 271 851 324 032>
883 271 1093 323 ἄπρακτοι
1128 270 1175 312 δε
1207 272 1323 322 παρα
1355 271 1454 312 τού-

113 359 202 385 των
233 342 500 392 ἀπελθόντες
532 342 578 382 οῖ
604 339 702 392 περὶ
741 342 817 382 τὸν
843 339 1061 394 Ἰωνάθην
1103 343 1164 390 εἰς
1201 340 1455 395 Σέπφωριν,

113 415 321 468 μεγίστην
352 421 440 455 τῶν
473 413 520 454 ἐν
551 418 602 466 τῆ
641 413 854 466 Γαλιλαίᾳ
885 412 1029 463 πόλιν,
1062 410 1370 465 ἀφικνοῦνται·
1414 411 1459 452 οἱ

115 482 153 525 δ’
199 483 407 525 ἐντεῦθεν
444 484 675 537 ἄνθρωποι
712 483 822 535 πρὸς
852 480 1089 535 Ῥωμαίους
1125 489 1218 531 ταῖς
1264 483 1457 535 γνώμαις

115 553 433 608 ἀποβλέποντες
465 553 647 602 ἐκείνοις
679 550 758 607 μὲν
790 553 1011 606 ὑπήντων,
1045 548 1117 605 ἐμὲ
1151 547 1189 592 δ’
1227 548 1318 593 οὔτ’
1356 550 1456 607 ἐπῄ-

115 640 225 666 νουν
258 622 347 673 οὔτ’
386 623 708 678 ἐβλασφήμουν.
760 624 904 676 <233>
929 623 1045 676 παρὰ
1078 619 1126 663 δὲ
1152 625 1457 677 Σεπφωριτῶν

115 696 176 744 εἰς
201 692 385 750 Ἀσωχὶν
418 695 695 748 καταβάντες,
723 694 768 735 οἱ
791 693 999 735 ἐντεῦθεν
1025 695 1337 747 παραπλησίως
1368 700 1458 742 τοῖς

109 763 331 819 Ἰαφηνοῖς
349 766 570 819 κατεβόων
591 764 754 806 αὐτῶν·
776 766 820 805 οἳ
838 762 885 805 δὲ
906 764 985 817 τὴν
1008 764 1144 817 ὀργὴν
1166 762 1310 805 οὐκέτι
1331 779 1457 804 κατα-

117 838 293 890 σχόντες
329 836 557 877 κελεύουσι
595 842 686 884 τοῖς
732 832 822 888 μετ’
864 834 1010 876 αὐτῶν
1048 834 1243 884 ὁπλίταις
1280 835 1458 875 τύπτειν

117 906 264 956 ξύλοις
300 908 402 955 τοὺς
446 908 766 960 καταβοῶντας.
828 906 935 946 κατὰ
975 905 1154 959 Γάβαρα
1196 902 1244 946 δὲ
1281 904 1459 959 γενομέ-

118 992 210 1026 νοις
260 977 508 1027 ὑπαντιάζει
558 977 662 1030 μετὰ
711 978 964 1031 τρισχιλίων
1014 976 1203 1017 ὁπλιτῶν
1243 973 1459 1029 Ἰωάννης.

116 1048 259 1100 <234>
287 1047 369 1100 ἐγὼ
398 1045 438 1088 δ’
469 1046 516 1088 ἐκ
541 1053 616 1100 τῆς
642 1046 870 1099 ἐπιστολῆς
902 1047 985 1099 ἤδη
1013 1044 1160 1095 συνεὶς
1188 1046 1253 1087 ὅτι
1280 1047 1460 1099 διεγνώ-

117 1129 216 1158 κασι
252 1119 360 1172 πρός
397 1132 448 1171 με
486 1121 714 1171 πολεμεῖν,
757 1116 945 1164 ἀναστὰς
988 1115 1071 1158 ἀπὸ
1120 1117 1315 1170 Χαβωλὼ
1355 1117 1460 1170 μετὰ

117 1190 370 1243 τρισχιλίων
403 1187 607 1239 ὁπλιτῶν,
639 1187 888 1228 καταλιπὼν
915 1185 962 1227 ἐν
987 1192 1046 1242 τῷ
1075 1185 1354 1243 στρατοπέδῳ
1384 1188 1460 1228 τὸν

117 1259 376 1300 πιστότατον
420 1265 507 1299 τῶν
551 1259 716 1312 φίλων,
761 1258 821 1306 εἰς
861 1256 1099 1298 Ἰωτάπατα
1142 1259 1462 1311 παρεγενόμην,

117 1330 304 1383 πλησίον
342 1328 486 1369 αὐτῶν
527 1324 640 1369 εἶναι
679 1329 949 1381 βουλόμενος
989 1327 1096 1369 ὅσον
1140 1326 1224 1369 ἀπὸ
1262 1328 1463 1381 τετταρά-

118 1415 251 1440 κοντα
284 1399 491 1440 σταδίων·
524 1397 595 1439 καὶ
627 1398 781 1453 γράφω
814 1399 923 1451 πρὸς
955 1398 1114 1447 αὐτοὺς
1145 1398 1260 1439 τάδε.
1317 1398 1462 1452 <235>

120 1469 188 1510 εεἰ
218 1469 391 1518 πάντως
423 1484 474 1522 με
505 1470 614 1523 πρὸς
645 1468 756 1522 ὑμᾶς
788 1468 938 1510 ἐλθεῖν
970 1469 1205 1522 βούλεσθε,
1244 1469 1462 1509 διακόσιαι

120 1539 192 1581 καὶ
218 1538 416 1594 τέτταρες
441 1539 548 1580 κατὰ
573 1540 652 1593 τὴν
674 1540 914 1580 Γαλιλαίαν
934 1537 1017 1580 εἰσὶ
1043 1541 1190 1588 πόλεις
1209 1537 1280 1580 καὶ
1300 1546 1461 1592 κῶμαι·

121 1610 288 1652 τούτων
320 1611 380 1658 εἰς
421 1609 475 1663 ἣν
513 1611 721 1663 θελήσετε
761 1611 1117 1663 παραγενήσομαι
1158 1607 1290 1664 χωρὶς
1321 1609 1464 1663 Γαβά-

121 1697 212 1735 ρων
243 1679 314 1722 καὶ
347 1680 593 1735 Γισχάλων·
620 1680 646 1734 ἢ
679 1678 758 1734 μὲν
791 1681 873 1734 γὰρ
905 1683 1057 1734 πατρίς
1090 1679 1207 1721 ἐστιν
1238 1678 1462 1731 Ἰωάννου,

121 1751 147 1805 ἢ
181 1748 228 1792 δὲ
261 1751 485 1805 σύμμαχος
516 1751 632 1807 αὐτῷ
664 1750 736 1792 καὶ
769 1749 902 1805 φίλη.’

211 1822 355 1874 <236>
394 1828 528 1863 ταῦτα
565 1822 616 1862 τὰ
655 1821 884 1875 γράμματα
923 1823 1129 1874 λαβόντες
1166 1821 1212 1863 οἷ
1248 1819 1346 1875 περὶ
1387 1822 1463 1862 τὸν

118 1890 336 1944 Ἰωνάθην
362 1890 506 1933 οὐκέτι
532 1889 611 1945 μὲν
637 1891 999 1946 ἀντιγράφουσιν,
1032 1890 1267 1946 συνέδριον
1300 1889 1347 1932 δὲ
1376 1899 1463 1933 τῶν

122 1965 266 2016 φίλων
315 1963 575 2011 καθίσαντες
624 1961 694 2003 καὶ
744 1963 820 2003 τὸν
871 1960 1082 2016 Ἰωάννην
1137 1964 1471 2017 παραλαβόντες,

124 2032 412 2087 ἐβουλεύοντο
437 2034 535 2073 τίνα
559 2034 723 2086 τρόπον
751 2031 1078 2087 ἐπιχειρήσουσί
1099 2048 1183 2086 μοι.
1222 2032 1367 2086 <237>
1392 2031 1465 2074 καὶ

119 2100 302 2157 Ἰωάννῃ
346 2099 426 2156 μὲν
470 2101 611 2144 ἐδόκει
649 2102 836 2157 γράφειν
879 2103 988 2157 πρὸς
1029 2103 1167 2152 πάσας
1210 2103 1285 2152 τὰς
1323 2102 1370 2143 ἐν
1414 2108 1464 2156 τῇ

125 2175 166 2215 Γ
163 2174 338 2228 αλιλαίᾳ
369 2174 516 2221 πόλεις
546 2170 617 2213 καὶ
649 2173 810 2226 κώμας·
843 2169 955 2214 εἶναι
982 2173 1062 2227 γὰρ
1091 2172 1138 2214 ἐν
1170 2171 1326 2228 ἑκάστῃ
1358 2172 1466 2214 πάν-

124 2260 207 2293 τως
237 2243 313 2285 ἕνα
346 2248 455 2296 γοῦν
486 2240 558 2283 καὶ
590 2243 798 2297 δεύτερον
830 2243 1046 2298 διάφορον
1073 2243 1181 2298 ἐμοί,
1214 2242 1285 2284 καὶ
1316 2246 1466 2284 καλεῖν

125 2315 308 2362 τούτους
334 2314 391 2362 ὡς
417 2310 486 2354 ἐπὶ
513 2310 732 2366 πολέμιον.
776 2311 960 2367 πέμπειν
993 2312 1031 2355 δ’
1064 2312 1233 2355 ἐκέλευε
1254 2314 1303 2355 τὸ
1326 2314 1467 2367 δόγμα

196 2390 366 2414 Ioszpmxs.
404 2389 457 2413 IV.
1212 2385 1255 2415 ‘23

1489 1832 1534 1863 46
