1732 2526
600 63 1007 97 OKTQKAIAEKATH
1394 62 1444 102 17
1454 61 1475 101 7

131 171 270 213 ὁπόσα
313 172 430 225 παρὰ
474 172 602 224 δίκην
645 172 919 225 πραττόμενα
965 169 1162 224 ἀφανίζει
1207 176 1284 212 τοῦ
1336 172 1477 224 νόμου

130 242 178 282 τὸ
226 240 380 295 ἑτέρως
420 241 625 296 πράττειν
663 239 975 295 παρακαλοῦνέ
1039 240 1183 294 <223>
1224 247 1357 282 ταῦτα
1398 238 1478 295 μὲν

132 312 154 354 ὁ
210 311 407 366 Τιβέριος
457 313 627 364 ἔλεγεν,
677 311 730 352 οὐ
781 311 868 365 μὴν
911 311 1102 360 πιθανὸς
1151 308 1205 364 ἦν
1255 317 1313 367 τῷ
1359 312 1477 368 Γαΐῳ

131 384 284 437 καίπερ
324 380 674 438 ὑπισχνουμένῳ,
716 380 825 422 ἀλλὰ
865 381 1078 429 καταστὰς
1118 381 1180 429 εἰς
1218 382 1297 435 τὴν
1339 381 1479 436 ἀρχὴν

95 467 110 491 5
131 454 207 494 τόν
239 468 283 494 τε
322 451 524 507 Τιβέριον
557 453 780 506 μαντείαις
820 451 993 506 ἀναιρεῖ
1027 458 1121 500 ταῖς
1160 449 1346 505 ἐκείνου,
1378 451 1477 492 καύ-

131 524 203 572 τὸς
237 522 482 577 ἐπιβουλῶν
515 520 579 564 ἐπ’
624 522 760 564 αὐτὸν
799 525 1101 563 συντεθεισῶν
1139 519 1230 575 μετ’
1279 521 1331 563 οὐ
1364 523 1477 563 πολὺ

130 596 323 649 τελευτᾷ.

221 664 364 717 <224>
403 661 602 718 Τιβέριος
634 660 682 704 δὲ
713 665 808 705 τότε
841 664 918 705 τὸν
952 663 1088 704 Γάιον
1122 662 1353 712 ἀποδείξας
1387 662 1476 703 διά-
1497 674 1538 705 10

132 735 265 789 δοχον
303 740 378 788 τῆς
414 734 663 788 ἡγεμονίας,
702 733 852 787 ὀλίγας
889 732 1085 788 ἐπιβιοὺς
1130 731 1292 787 ἡμέρας
1329 734 1479 786 ἔθανε,

79 819 112 844 ιο
132 805 249 860 σχὼν
282 804 412 854 αὐτὸς
443 805 522 858 τὴν
554 803 692 859 ἀρχὴν
724 803 886 859 ἡμέρας
917 811 1032 859 τρεῖς
1071 804 1143 845 καὶ
1180 802 1307 845 πέντε
1341 810 1479 858 μῆνας

131 877 239 930 πρὸς
271 874 492 917 ἐνιαυτοῖν
526 875 653 917 δυοῖν
686 873 759 916 καὶ
790 878 940 916 εἴκοσι.
1010 874 1142 923 Γάιος
1180 872 1219 915 δ’
1268 871 1318 928 ἦν
1352 873 1479 915 αὐτο-

131 946 302 1000 κράτωρ
335 944 548 1000 τέταρτος.
611 944 755 998 <225>
781 943 1007 999 Ῥωμαίοις
1039 944 1078 986 δ’
1118 941 1192 998 ’ἧκε
1220 942 1300 999 μὲν
1326 945 1479 993 πύστις

131 1023 207 1070 τῆς
244 1018 449 1071 Τιβερίου
481 1019 682 1070 τελευτῆς
713 1015 1014 1070 ηὐφραίνοντό
1046 1031 1090 1056 τε
1123 1021 1181 1071 τῷ
1215 1015 1370 1071 ἀγαθῷ
1406 1021 1481 1068 τῆς

133 1086 349 1140 ἀγγελίας,
382 1087 435 1129 οὐ
467 1087 553 1140 μὴν
586 1087 808 1128 πιστεύειν
841 1102 888 1139 γε
930 1086 1097 1141 θάρσος
1134 1083 1190 1139 ἦν
1232 1085 1394 1139 αὐτοῖς,
1427 1085 1479 1126 οὐ

20 1192 25 1195 .
83 1171 115 1196 15
135 1164 193 1214 τῷ
232 1159 290 1212 μὴ
335 1158 579 1211 βούλεσθαι
631 1157 733 1212 (πρὸ
778 1160 954 1198 πολλῶν
998 1157 1080 1211 γὰρ
1126 1155 1180 1197 ἂν
1222 1155 1479 1210 ἐτιμήσαντο

131 1227 364 1284 χρημάτων
408 1229 456 1270 τὸ
496 1227 801 1281 ἐπαληθεῦσον
839 1234 927 1269 τῶν
969 1225 1151 1280 λόγων),
1197 1225 1284 1268 δέει
1330 1224 1378 1268 δὲ
1422 1228 1479 1281 μὴ

131 1300 325 1349 ψευδοῦς
355 1303 430 1351 τῆς
461 1297 665 1352 ἀγγελίας
697 1296 935 1352 γενομένης
971 1296 1370 1352 προεξαναστάντες
1411 1296 1480 1339 ἐπὶ

133 1369 320 1422 δηλώσει
352 1375 430 1411 τοῦ
463 1368 608 1410 αὑτῶν
634 1368 865 1424 χάρματος,
893 1364 969 1409 εἶτ’
1006 1367 1241 1410 ἀπόλοιντο
1273 1369 1480 1423 διαβολῆς

132 1439 277 1481 αὐτῶν
308 1437 559 1494 γενομένης.
621 1439 767 1493 <226>
799 1442 979 1480 πλεῖστα
1011 1439 1094 1493 γὰρ
1121 1438 1232 1493 ἀνὴρ
1259 1433 1321 1487 εἷς
1353 1436 1480 1488 οὗτος

78 1525 112 1549 20
126 1508 348 1564 Ῥωμαίων
368 1512 470 1559 τοὺς
496 1509 759 1564 εὐπατρίδας
786 1510 1017 1564 εἰργάσατο
1045 1509 1183 1562 δεινά,
1210 1510 1480 1564 δυσόργητος

133 1578 202 1622 ἐπὶ
234 1586 367 1622 πᾶσιν
401 1581 478 1634 ὥν,
509 1579 580 1621 καὶ
613 1579 850 1633 ἀνήκεστος
882 1581 942 1629 εἰς
974 1581 1021 1621 τὸ
1064 1579 1322 1634 ἐργάζεσθαι
1354 1595 1478 1621 κατα-

133 1651 235 1701 στὰς
272 1652 312 1692 εἰ
348 1649 420 1692 καὶ
457 1648 590 1705 χωρὶς
628 1652 762 1703 λόγου
800 1651 880 1704 τὴν
918 1651 1062 1691 αἰτίαν
1104 1649 1355 1692 ἐπανέλοιτο
1401 1657 1478 1692 τοῦ

132 1728 292 1776 μισεῖν,
324 1720 396 1762 καὶ
428 1719 497 1762 ἐπὶ
528 1727 634 1762 πᾶσι
660 1718 740 1774 μὲν
773 1715 838 1770 οἷς
862 1722 1056 1774 κρίνοιεν
1085 1719 1317 1774 ἐξαγριοῦν
1342 1721 1480 1775 φύσιν

133 1794 259 1847 ἔχων,
291 1793 354 1841 εἰς
384 1792 583 1833 θάνατον
617 1789 664 1832 δὲ
696 1790 768 1832 καὶ
806 1798 893 1832 τῶν
931 1791 1217 1845 κουφοτάτων
1256 1790 1480 1840 ἀνατιθεὶς

81 1876 113 1901 25
133 1864 214 1917 τὴν
247 1864 411 1917 ζημίαν.
476 1863 619 1916 <227>
654 1860 762 1903 ὥσθ’
800 1862 940 1916 [ἡδονῇ
974 1867 1051 1903 τοῦ
1085 1860 1150 1903 ἐπ’
1187 1862 1302 1919 αὐτῷ
1343 1863 1479 1915 λόγου

132 1932 340 1989 φέροντες
377 1933 455 1986 τὴν
493 1932 723 1987 ἀκρόασιν,
762 1934 823 1982 είς
860 1933 966 1974 ὅσον
1006 1931 1242 1987 ἐβούλοντο
1287 1931 1479 1974 ἀπολαύ-

134 2015 263 2059 σματι
306 2007 498 2059 χρῆσθαι
542 2003 809 2045 ἐκεκώλυντο
855 2004 1024 2057 δείματι
1062 2010 1208 2045 κακῶν
1250 2003 1275 2044 ἃ
1313 2017 1478 2058 προεω-

133 2081 238 2130 ρᾶτο
271 2079 506 2125 ψευσθεῖσι
538 2080 612 2127 τῆς
645 2073 831 2123 ἐλπίδος.
892 2074 1036 2127 <228>
1069 2074 1287 2128 Μαρσύας
1320 2071 1368 2115 δὲ
1400 2080 1479 2115 τοῦ

128 2143 342 2201 Ἀγρίππα
369 2146 392 2188 ὁ
426 2144 736 2200 ἀπελεύθερος,
766 2147 1020 2199 πυθόμενος
1058 2146 1263 2199 Τιβερίου
1302 2144 1381 2197 τὴν
1412 2159 1478 2185 τε-

80 2227 115 2253 30
135 2218 309 2270 λευτήν,
340 2215 521 2258 ἐωθεῖτο
555 2216 764 2270 δρομαῖος
802 2221 859 2272 τῷ
894 2213 1107 2271 Ἀγρίππα
1145 2214 1478 2268 εὐαγγελιούμε-

134 2301 223 2339 νος,
254 2285 325 2328 καὶ
357 2287 615 2340 καταλαβὼν
648 2285 696 2328 ἐν
728 2286 894 2337 ἐξόδοις
926 2287 1031 2328 ὄντα
1057 2286 1120 2335 εἰς
1145 2287 1193 2327 τὸ
1226 2288 1478 2339 βαλανεῖον,

205 2362 373 2387 Iostpnrs.
402 2362 455 2388 IV.
1222 2357 1263 2387 12
