1732 2526
170 63 256 105 264
662 67 1026 101 APXAIOAOPIAE

170 171 317 225 <345>
336 171 474 221 εὐθὺς
488 170 527 213 δ’
560 173 606 215 οἱ
621 175 800 224 κόλακες
819 175 894 225 τὰς
913 174 1008 217 οὐδ’
1043 175 1193 233 ἐκείνῳ
1213 175 1321 229 πρὸς
1343 173 1517 228 ἀγαθοῦ
1541 170 1546 174 ’

172 249 265 291 ταῖς
308 241 538 296 ἀληθείαις
575 244 705 294 ἄλλος
741 245 934 287 ἄλλοθεν
973 247 1124 301 φωνὰς
1164 246 1377 300 ἀνεβόων,
1407 244 1516 285 θεὸν

171 314 588 368 προσαγορεύοντες,
627 314 831 370 εεὐμενής
868 315 905 358 τ’
957 317 1067 371 εῖης’
1114 315 1396 370 ἐπιλέγοντες.
1459 313 1521 354 εεἰ

171 382 245 426 καὶ
277 383 403 439 μέχρι
434 391 519 426 νῦν
552 386 609 436 ὡς
640 387 880 441 ἄνθρωπον
913 387 1213 443 ἐφοβήθημεν,
1251 387 1360 428 ἀλλὰ
1392 384 1520 427 τούν-

173 458 334 496 τεῦθεν
376 457 604 511 κρείττονά
658 470 704 499 σε
753 462 920 512 θνητῆς
969 459 1142 513 φύσεως
1191 454 1519 512 ὁμολογοῦμεν.’
1560 468 1571 476 '

174 526 319 580 <346>
351 526 431 568 οὐκ
464 526 671 582 ἐπέπληξε
704 529 874 578 τούτοις
901 529 924 571 ὁ
950 529 1169 583 βασιλεύς,
1203 525 1308 570 οὐδὲ
1339 528 1419 581 τὴν
1450 542 1522 568 κο-

175 599 356 639 λακειάν
389 596 636 651 ἀσεβοῦσαν
664 598 939 653 ἀπετρίψατο.
990 599 1219 649 ἀνακύψας
1245 597 1287 640 δ’
1320 594 1401 640 οὖν
1428 595 1516 652 μετ’

177 668 330 722 ὀλίγον
362 670 438 710 τὸν
470 671 677 723 βουβῶνα
709 676 784 723 τῆς
817 668 975 712 ἑαυτοῦ
1007 674 1196 725 κεφαλῆς
1235 669 1524 725 ὑπερκαθιζό-

177 754 312 793 μενον
357 736 475 780 εἷδεν
520 737 589 780 ἐπὶ
634 742 833 794 σχοινίου
878 742 1012 794 τινός,
1056 741 1243 794 ἄγγελόν
1281 755 1326 782 τε
1367 745 1524 781 τοῦτον

179 809 318 858 εὐθὺς
349 809 503 862 ἐνόησε
535 817 681 851 κακῶν
714 807 827 852 εἶναι
859 812 936 853 τὸν
974 815 1050 852 καί
1083 825 1187 853 ποτε
1222 818 1309 852 τῶν
1342 809 1524 864 ἀγαθῶν
1546 823 1578 848 10

178 882 436 934 γενόμενον,
468 878 539 921 καὶ
572 881 832 935 διακάρδιον
865 883 989 936 ἔσχεν
1031 881 1209 935 ὀδύνην.
1272 882 1446 935 ἄθρουν
1481 876 1518 920 δ’

177 951 293 1008 αὐτῷ
327 958 402 1005 τῆς
439 954 607 1001 κοιλίας
649 951 928 1006 προσέφυσεν
967 953 1153 1006 ἄλγημα,
1192 953 1296 1006 μετὰ
1336 951 1526 1006 σφοδρό-

176 1038 304 1077 τητος
347 1021 604 1076 ἀρξάμενον.
667 1023 824 1077 <347>
868 1022 1107 1077 ἀναθορὼν
1152 1019 1233 1064 οὖν
1274 1023 1382 1074 πρὸς
1424 1023 1527 1070 τοὺς
1580 1031 1582 1033 ’

178 1096 335 1149 φίλους
377 1093 420 1135 (ὁ
458 1095 564 1142 θεὸς
603 1094 709 1148 ὑμῖν
749 1093 858 1146 ἐγώ’
898 1095 1034 1148 φησίν
1074 1093 1177 1147 Ἤδη
1211 1090 1526 1147 καταστρέφειν

179 1163 459 1219 ἐπιτάττομαι
490 1165 567 1206 τὸν
599 1166 715 1218 βιόν,
746 1171 1008 1219 παραχρῆμα
1046 1169 1120 1217 τῆς
1162 1161 1422 1219 εἱμαρμένης
1453 1163 1527 1211 τὰς
1547 1175 1579 1201 15

181 1235 280 1291 ἄρτι
324 1251 408 1289 μου
453 1234 806 1289 κατεψευσμένας
854 1235 1006 1289 φωνὰς
1055 1233 1338 1289 ἐλεγχούσης,
1386 1231 1459 1274 καὶ
1504 1233 1526 1274 ὁ

179 1305 361 1360 κληθεὶς
405 1306 626 1356 ἀθάνατος
669 1303 747 1360 ὑφ’
796 1305 920 1360 ὑμῶν
964 1306 1048 1359 ἤδη
1087 1310 1250 1360 ,θανεῖν
1294 1304 1527 1358 ἀπάγομαι..

183 1376 361 1419 δεκτέον
400 1375 447 1418 δὲ
485 1378 564 1431 τὴν
604 1375 895 1431 πεπρωμένην
932 1372 960 1432 ᾗ
999 1377 1104 1426 θεὸς
1141 1376 1424 1430 βεβούληται·
1457 1372 1530 1415 καὶ

181 1450 265 1504 γὰρ
298 1449 568 1503 βεβιώκαμεν
600 1447 772 1502 οὐδαμῇ
804 1448 985 1502 φαύλως
1016 1445 1108 1488 ἀλλ’
1149 1445 1216 1487 ἐπὶ
1250 1452 1325 1500 τῆς
1350 1460 1530 1500 μακαρι-

184 1518 363 1574 ζομένης
394 1517 720 1574 λαμπρότητοςῖ
783 1518 928 1571 <348>
964 1516 1093 1559 ταῦθ’
1139 1518 1226 1571 ἅμα
1267 1516 1408 1570 λέγων
1441 1515 1530 1557 ἐπι-
1550 1528 1585 1554 20

183 1591 305 1634 τάσει
335 1596 411 1644 τῆς
443 1590 606 1644 ὀδύνης
637 1597 928 1631 κατεπονεῖτο.
991 1589 1096 1643 μετὰ
1129 1588 1324 1641 σπουδῆς
1356 1583 1437 1629 οὗν
1469 1587 1531 1636 εἰς

183 1663 233 1704 τὸ
266 1663 492 1716 βασίλειον
524 1660 754 1715 ἐκομίσθη,
785 1658 857 1701 καὶ
890 1659 1008 1714 διῇξε
1041 1661 1170 1712 λόγος
1195 1660 1258 1707 εἰς
1283 1657 1448 1707 πάντας
1474 1657 1532 1707 ὡς

185 1733 277 1787 ε”χοι
314 1738 392 1773 τοῦ
430 1731 641 1773 τεθνάναι
679 1730 925 1772 παντάπασι
957 1727 1047 1784 μετ’
1097 1729 1260 1783 ὀλίγον.
1322 1728 1467 1782 <349>
1504 1727 1530 1780 ἡ

185 1804 359 1856 πληθὺς
393 1800 430 1843 δ’
470 1801 623 1844 αὐτίκα
657 1803 740 1843 σὺν
771 1799 944 1855 γυναιξὶ
975 1799 1046 1842 καὶ
1071 1798 1222 1841 παισὶν
1255 1797 1326 1841 ἐπὶ
1359 1799 1531 1840 σάκκων

185 1877 458 1915 καθεσθεῖσα
490 1878 548 1929 τῷ
581 1875 747 1929 πατρίῳ
772 1873 900 1929 ’νόμςο
932 1872 1009 1913 τὸν
1047 1872 1156 1913 θεὸν
1200 1869 1389 1912 ἱκέτευεν
1421 1866 1530 1922 ὑπὲρ
1552 1880 1585 1906 25

190 1951 269 1987 τοῦ
302 1943 532 1998 βασιλέως·
567 1944 757 1997 οἰμωγῆς
789 1939 837 1983 δὲ
867 1940 994 1983 πάντ’
1022 1938 1078 1995 ἧν
1105 1940 1298 1982 ἀνάπλεα
1323 1937 1394 1981 καὶ
1424 1939 1531 1993 θρή-

188 2031 292 2059 νων.
356 2014 404 2056 ἐν
435 2014 589 2070 ὑψηλῷ
624 2010 664 2054 δ’
701 2013 723 2055 ὁ
756 2014 962 2067 βασιλεὺς
994 2013 1197 2068 δωματίῳ
1229 2012 1533 2064 κατακείμενος

187 2085 259 2129 καὶ
291 2085 405 2127 κάτω
439 2083 612 2138 βλέπων
645 2084 804 2133 αὐτοὺς
828 2090 1010 2137 πρηνεῖς
1034 2083 1397 2135 προσπίπτοντας,
1429 2080 1533 2121 ἄδα-

190 2173 296 2213 κρυς
329 2153 425 2198 οὐδ’
463 2156 593 2204 αὐτὸς
627 2153 808 2209 διέμενε.
872 2154 1012 2207 <350>
1039 2160 1231 2207 συνεχῶς
1259 2147 1297 2193 δ’
1328 2149 1394 2205 ἐφ’
1432 2150 1534 2204 ἡμέ-

189 2245 266 2283 ρας
297 2226 424 2268 πέντε
455 2233 513 2282 τςό
554 2231 626 2279 τῆς
666 2226 850 2278 γαστρὸς
887 2223 1101 2278 ἀλγήματι
1143 2220 1419 2277 διεργασθεὶς
1456 2223 1590 2263 τὸνὸθ

188 2301 289 2353 βίον
334 2295 644 2352 κατέστρεψεν,
689 2295 772 2337 ἀπὸ
818 2294 1026 2348 γενέσεως
1070 2295 1189 2347 ἄγων
1238 2293 1534 2346 πεντηκοστὸν
