1732 2526
218 25 305 66 214
711 26 1074 60 ΑΡΧΑΙΟΛΟΓΙΑΣ

215 132 521 188 παριστάντος,
548 134 664 189 λόγῳ
698 129 737 174 δ’
774 133 922 183 αὐτοῖς
953 134 1033 188 τὴν
1059 134 1220 187 μανιάν
1247 139 1325 175 τοῦ
1357 133 1565 188 αὐτοκρά-

216 220 345 259 τορος
364 206 629 259 προσκαλεῖν
655 205 810 246 ἄδικον
835 202 1085 258 ἡγουμένου
1111 206 1299 260 προνοίᾳ
1325 210 1403 246 τοῦ
1425 203 1583 259 ἀσφα-”

217 278 335 328 λοῦς,
373 274 487 328 <4Ο>
526 273 712 330 Χαιρέας
752 275 835 329 ἤδη
874 274 1031 330 θράσει
1069 275 1292 329 χρώμενος
1332 274 1379 316 ἐν
1418 276 1565 329 λόγοις

215 342 271 399 ἦν
314 345 539 387 κινδύνων
583 344 828 400 ἀνειμένοις
871 346 980 400 πρὸς
1025 344 1181 398 αὐτόν,
1232 345 1284 386 τὰ
1328 344 1564 401 κατέχοντα

217 417 340 458 δεινὰ
371 416 451 470 τὴν
482 418 612 458 πόλιν
644 415 716 458 καὶ
748 417 828 470 τὴν
856 415 995 471 ἀρχὴν
1024 414 1220 470 ἐπεξιών,
1251 416 1366 469 <41>
1399 415 1469 458 καὶ
1497 416 1563 458 ὅτι

215 489 332 543 λόγῳ
363 484 444 541 μὲν
475 491 541 541 εἴη
570 487 702 536 Γάιος
734 487 757 529 ὁ
789 487 868 540 τὴν
896 485 964 527 ἐπὶ
990 487 1207 536 τοιούτοις
1239 487 1384 528 αἰκίαν
1415 502 1563 542 προτι-

215 556 431 611 θέμενος,Δ
451 556 577 606 (τοῖς
599 554 646 598 δὲ
679 554 866 610 τάληθὲς
899 556 1109 607 ἐξετάζειν
1147 556 1436 612 πειρωμένοις
1477 556 1562 618 ε’γῴ

215 643 276 682 τε,
309 625 342 669 ὦ
375 629 570 682 Κλήμης,
602 627 674 669 καὶ
708 627 858 669 οὑτοσὶ
892 629 914 670 ὁ
949 630 1181 682 Παπίνιος,
1213 627 1285 670 καὶ
1322 629 1406 682 πρὸ
1440 628 1563 683 ἡμῶν

216 699 286 752 σύ,
318 699 476 748 ταύτας
501 696 726 752 Ῥωμαίοις
757 714 801 740 τε
833 697 906 740 καὶ
938 705 996 755 τῷ
1028 697 1158 740 παντὶ
1190 698 1460 757 ἀνθρωπίνῳ
1488 699 1563 748 τὰς

216 768 426 823 στρέβλας
462 770 836 823 προσφερόμενοι,
881 768 961 810 οὐκ
1000 768 1257 823 ἐπιτάγμασι
1295 776 1385 818 τοῖς
1423 770 1465 810 Γ
1462 771 1562 811 α’ίόυ

216 839 553 893 διακονούμενοι
574 839 726 894 γνώμῃ
750 836 797 880 δὲ
825 845 874 893 τῇ
908 839 1068 893 αὑτῶν,
1099 839 1214 894 <42>
1233 840 1275 880 εἰ
1292 841 1434 895 παρὸν
1454 846 1563 881 παῦ-

216 920 287 951 σαι
320 910 510 964 τοσαύτῃ
541 910 625 963 ἤδη
659 910 887 965 χρώμενον
919 909 1044 965 ὕβρει
1076 914 1138 959 εἵς
1168 925 1211 950 τε
1255 911 1357 959 τοὺς
1386 912 1564 959 πολίτας

214 979 285 1021 καὶ
317 981 420 1029 τοὺς
452 980 688 1034 ὑπηκόους,
722 980 1052 1034 διακονούμεθα
1091 981 1336 1035 δορυφόροι
1373 979 1445 1021 καὶ
1488 980 1563 1033 δή-

215 1067 308 1105 μιοι
339 1052 656 1104 καθεστηκότες
682 1049 779 1092 ἀντὶ
806 1058 1097 1106 στρατιωτῶν,
1123 1050 1194 1092 καὶ
1226 1051 1277 1092 τὰ
1303 1051 1415 1092 ὅπλα
1440 1048 1563 1092 ταυτὶ

215 1120 424 1176 φέροντες
463 1121 542 1176 οὐχ
583 1119 693 1176 ὑπὲρ
733 1121 987 1175 ἐλευθερίας
1028 1119 1125 1163 οὐδ’
1170 1121 1303 1177 ἀρχῆς
1341 1129 1428 1163 τῶν
1463 1119 1563 1162 Ῥω-

216 1194 372 1246 μαίων,
405 1189 499 1233 ἀλλ’
539 1191 607 1233 ἐπὶ
641 1194 833 1248 σωτηρία
864 1198 942 1233 τοῦ
976 1191 1278 1246 δουλουμένου
1310 1192 1362 1233 τά
1402 1207 1447 1233 τε
1480 1192 1563 1233 σώ-

216 1259 311 1316 ματ’
350 1262 496 1304 αὐτῶν
535 1261 606 1303 καὶ
644 1263 696 1303 τὰ
734 1264 1009 1317 φρονήματα,
1048 1264 1324 1317 μιαινόμενοι
1364 1268 1422 1319 τῷ
1455 1259 1557 1304 καθ’

215 1331 384 1388 ἡμέραν
416 1334 564 1387 αἵματι
598 1339 768 1388 σφαγῆς
794 1331 866 1374 καὶ
893 1333 1089 1386 βασάνου
1116 1338 1191 1386 τῆς
1217 1332 1412 1387 ἐκείνων,
1437 1332 1563 1388 μέχρι

217 1403 271 1444 ἂν
305 1405 358 1457 δή
391 1419 455 1452 τις
486 1402 557 1444 καὶ
589 1401 691 1444 καθ’
729 1403 853 1457 ἡμῶν
887 1404 1198 1457 διακονήσηται
1231 1409 1410 1445 τοιαῦτα
1431 1405 1563 1460 Γαΐῳ.

217 1475 331 1529 <43>
366 1474 418 1516 οὐ
451 1475 533 1529 γὰρ
566 1474 719 1530 εὐνοία
751 1489 798 1527 γε
829 1474 1049 1516 πολιτεύει
1077 1474 1148 1515 διὰ
1174 1474 1276 1515 τάδε
1302 1475 1411 1530 πρὸς
1436 1473 1562 1528 ἡμᾶς,

218 1543 277 1586 δι’
315 1545 575 1600 ὑφοράσεως
607 1542 655 1585 δὲ
688 1547 870 1598 μᾶλλον,
896 1543 968 1586 καὶ
1000 1545 1142 1594 ἄλλως
1172 1551 1251 1587 τοῦ
1282 1548 1450 1587 πολλοῦ
1476 1553 1563 1586 τῶν

217 1614 535 1670 ἀπολλυμένων
568 1614 916 1665 ἀποδεδωκότος·
951 1615 1003 1657 οὐ
1035 1616 1117 1669 γὰρ
1151 1616 1205 1670 δὴ
1234 1617 1439 1670 στήσεταί
1460 1630 1563 1657 ποτε

217 1688 337 1743 Γαΐῳ
381 1687 433 1727 τὰ
476 1691 552 1740 τῆς
596 1686 741 1741 ὀργῆς,
787 1686 858 1727 διὰ
896 1686 944 1727 τὸ
983 1687 1040 1740 μὴ
1085 1686 1210 1739 δίκην
1251 1683 1348 1727 ἀλλ’
1395 1686 1563 1740 ἡδονὴν

215 1755 348 1812 πέρας
380 1757 513 1811 αὐτῆς
543 1757 790 1811 τυγχάνειν,
823 1754 978 1798 σκοποὶ
1012 1754 1060 1797 δὲ
1092 1758 1417 1810 προκεισόμεθα
1458 1756 1561 1798 καύ-

216 1829 308 1880 τοί,
351 1826 454 1868 δέον
498 1828 568 1868 καὶ
607 1835 699 1877 τοῖς
740 1833 846 1869 πᾶσι
892 1829 939 1869 τὸ
985 1826 1359 1881 ἀνεπιβούλευτόν
1402 1842 1446 1868 τε
1490 1825 1561 1868 καὶ

217 1897 456 1953 ἐλεύθερον
508 1901 720 1952 βεβαιοῦν
762 1896 834 1939 καὶ
884 1898 988 1952 ἡμῖν
1038 1898 1262 1939 κινδύνων
1312 1897 1564 1951 ἀπαλλαγὰς

215 1968 524 2023 ψηφίσασθαι.’
694 1968 697 1969 ’

306 2039 421 2091 <44>
464 2040 645 2093 Κλήμης
687 2037 734 2080 δὲ
773 2040 853 2093 τὴν
892 2036 972 2093 μὲν
1011 2038 1215 2080 διάνοιαν
1251 2038 1332 2092 τὴν
1371 2036 1562 2092 Χαιρέου

217 2110 409 2164 φανερὸς
440 2106 495 2162 ἧν
529 2108 734 2163 ἐπαινῶν,
773 2115 902 2163 σιγᾶν
942 2107 980 2150 δ’
1025 2108 1215 2163 ἐκέλευε,
1253 2109 1311 2163 μὴ
1351 2106 1423 2149 καὶ
1463 2123 1563 2163 φοι-

216 2187 378 2228 τῶντος
404 2180 465 2229 εἰς
490 2182 696 2229 πλείονας
721 2187 799 2222 τοῦ
826 2182 977 2233 λόγου,
1004 2178 1074 2221 καὶ
1102 2176 1397 2233 διαχεομένων
1424 2178 1562 2221 ὁπόσα

216 2251 488 2305 κρύπτεσθαι
521 2253 662 2299 καλῶς
695 2252 801 2305 ἔχοι,
832 2249 937 2306 πρὶν
969 2256 1117 2305 τυχεῖν
1154 2248 1398 2305 πράξαντας
1436 2248 1563 2291 ἐκπύ-

1584 782 1616 807 10

1584 1134 1617 1160 15

1584 1489 1617 1514 20

1582 1840 1615 1865 25

1582 2191 1616 2217 30
