1732 2526
711 70 824 102 ΒΙοΣ
1357 67 1441 108 317

97 177 160 225 εἰς
209 177 379 230 μακρὰν
424 175 634 229 Κέστιον,
684 177 789 230 μετὰ
833 176 1021 230 μεγάλης
1072 175 1298 230 δυνάμεως
1339 175 1443 217 ἀνα-

96 246 250 301 βάντα,
280 248 465 289 παύσειν
497 249 573 289 τὸν
605 249 911 301 νεωτερισμόν.

186 320 300 371 (⁴24)
333 318 355 360 ὃ
390 316 428 360 δ’
473 318 673 360 ἐπελθὼν
711 316 782 359 καὶ
822 319 1060 372 συμβαλὼν
1092 318 1206 373 μάχῃ
1245 317 1445 372 ἐνικήθη,

97 392 274 430 πολλῶν
312 397 400 431 τῶν
438 385 531 444 μετ’
578 389 714 431 αὐτοῦ
757 391 997 431 πεσόντων.
1059 391 1130 430 καὶ
1169 391 1362 443 γίγνεται
1395 389 1442 429 τὸ

60 474 76 499 5
98 460 288 501 Κεστίου
314 467 505 514 πταῖσμα
531 461 736 515 συμφορὰ
756 465 835 502 τοῦ
856 461 1106 514 σύμπαντος
1125 459 1248 514 ἡμῶν
1269 461 1442 507 ἔθνους.

98 528 358 584 ἐπήρθησαν
401 531 484 584 γὰρ
530 529 598 572 ἐπὶ
643 531 782 588 τούτῳ
825 534 992 584 μᾶλλον
1044 531 1089 573 015
1129 532 1207 572 τὸν
1251 531 1444 583 πόλεμον

97 599 412 654 ἀγαπήσαντες,
443 599 514 642 καὶ
547 603 804 655 νικήσαντες
828 603 931 650 τοὺς
955 599 1193 655 Ῥωμαίους
1231 602 1292 650 εἰς
1323 599 1445 649 τέλος

96 671 307 725 ἤλπισαν,
351 670 707 726 προσγενομένης
755 670 827 713 καὶ
878 670 1024 726 ἑτέρας
1073 673 1193 721 τινὸς
1241 672 1445 725 τοιαύτης

97 742 246 791 αἰτίας.
309 742 423 795 <25>
455 743 501 784 οἱ
534 743 610 792 τὰς
646 741 767 797 πέριξ
806 749 882 796 τῆς
915 744 1082 797 Συρίας
1121 744 1269 791 πόλεις
1300 757 1445 784 κατοι-

44 828 77 853 10
96 817 279 862 κοῦντες
310 814 412 863 τοὺς
442 811 542 867 παρ’
582 811 753 863 ἑαυτοῖς
779 812 1023 862 Ἰουδαίους
1065 813 1446 867 συλλαμβάνοντες

98 883 182 923 σὺν
224 882 398 935 γυναιξὶ
441 882 514 924 καὶ
557 883 726 933 τέκνοις
769 882 986 939 ἀνῄρουν,
1036 884 1248 937 οὐδεμίαν
1298 883 1446 932 αὐτοῖς

98 954 242 994 αἰτίαν
275 952 497 995 ἐπικαλεῖν
531 956 721 1009 ἔχοντες·
755 955 853 996 οὔτε
887 955 969 1008 γὰρ
1004 952 1307 1008 ἐπὶῬωμαίων
1341 952 1444 995 ἀπο-

99 1023 247 1065 στάσει
285 1025 501 1079 νεώτερόν
540 1040 580 1066 τι
618 1027 966 1080 πεφρονήκεσαν,
1009 1025 1108 1067 οὔτε
1147 1027 1255 1079 πρὸς
1287 1024 1446 1072 αὐτοὺς

99 1093 294 1144 ἐκείνους
326 1095 489 1151 ἐχθρὸν
522 1095 547 1149 ἢ
580 1095 830 1150 ἐπίβουλον.
881 1096 995 1149 (26)
1027 1099 1361 1137 Σκυθοπολῖται
1397 1091 1445 1135 δὲ

45 1180 78 1205 15
97 1165 275 1207 πάντων
319 1165 582 1220 ἀσεβέστατα
626 1165 697 1207 καὶ
741 1167 1088 1220 παρανομώτατα
1139 1165 1444 1221 διεπράξαντο·

98 1234 379 1278 ἐπελθόντων
424 1238 506 1292 γὰρ
551 1238 700 1286 αὐτοῖς
737 1236 964 1279 Ἰουδαίων
1003 1236 1168 1287 ἔξωθεν
1208 1239 1446 1291 πολεμίων,

97 1308 199 1356 τοὺς
230 1307 330 1362 παρ’
369 1308 517 1358 αὑτοῖς
544 1306 788 1357 Ἰουδαίους
819 1307 1050 1362 ἐβιάσαντο
1083 1308 1189 1349 κατὰ
1221 1315 1309 1349 τῶν
1342 1307 1446 1360 ὁμο-

99 1377 255 1430 φύλων
293 1378 405 1420 ὄπλα
446 1382 612 1434 λαβεῖν,
654 1379 759 1433 ὅπερ
800 1377 917 1420 ἐστὶν
954 1379 1060 1433 ἡμῖν
1101 1377 1329 1432 ἀθέμιτον,
1374 1376 1447 1419 καὶ

97 1445 192 1501 μετ’
230 1447 411 1490 ἐκείνων
437 1451 735 1503 συμβαλόντες
762 1449 1001 1504 ἐκράτησαν
1028 1456 1115 1490 τῶν
1149 1448 1447 1502 ἐπελθόντων,

45 1533 78 1559 20
100 1516 248 1573 ἐπειδὴ
282 1517 321 1560 δ’
359 1518 581 1573 ἐνίκησαν,
613 1519 904 1574 ἐκλαθόμενοι
942 1526 1017 1573 τῆς
1053 1520 1162 1574 πρὸς
1200 1520 1302 1568 τοὺς
1334 1518 1447 1560 ἐνοί-

96 1604 202 1638 κους
238 1588 311 1631 καὶ
351 1591 607 1645 συμμάχους
646 1593 829 1640 πίστεως
865 1591 1030 1640 πάντας
1068 1591 1229 1640 αὐτοὺς
1275 1591 1447 1644 διεχρή-

98 1670 244 1713 σαντο,
279 1661 445 1710 πολλὰς
475 1662 692 1716 μυριάδας
717 1663 856 1711 ὄντας.
901 1661 1017 1715 <27>
1044 1662 1173 1715 ὅμοια
1200 1657 1240 1702 δ’
1276 1663 1447 1702 ἔπαθον

96 1729 168 1771 καὶ
213 1731 260 1772 οἱ
298 1732 378 1786 τὴν
416 1733 658 1786 Δαμασκὸν
696 1730 903 1774 Ἰουδαῖοι
948 1739 1264 1781 κατοικοῦντες.
1337 1731 1447 1773 ἀλλὰ

97 1799 198 1855 περὶ
231 1799 311 1856 μὲν
344 1802 513 1844 τούτων
545 1802 855 1857 ἀκριβέστερον
888 1803 935 1844 ἐν
968 1810 1062 1852 ταῖς
1098 1801 1197 1857 περὶ
1234 1808 1314 1844 τοῦ
1342 1801 1446 1845 Ἰου-

45 1885 79 1911 25
100 1872 256 1914 δαῖκοῦ
288 1871 482 1926 πολέμου
519 1875 690 1927 βίβλοις
728 1874 1056 1928 δεδηλώκαμεν·
1095 1880 1180 1915 νῦν
1219 1871 1256 1915 δ’
1302 1873 1447 1914 αὐτῶν

99 1942 384 1997 ἐπεμνήσθην
404 1946 673 1998 βουλόμενος
690 1950 964 1998 παραστῆσαι
984 1951 1075 1993 τοῖς
1089 1943 1448 1998 ἀναγιγνώσκου-

99 2024 171 2055 σιν
204 2013 272 2055 fin
304 2013 357 2055 οὐ
389 2016 642 2069 προαίρεσις
674 2013 844 2068 ἐγένετο
877 2020 955 2056 τοῦ
989 2014 1184 2069 πολέμου
1215 2016 1324 2070 πρὸς
1347 2013 1447 2055 Ῥω-

99 2085 255 2138 μαίους
281 2081 530 2138 Ἰουδαίοις,
562 2083 672 2126 ἀλλὰ
704 2086 751 2126 τὸ
783 2083 917 2127 πλέον
949 2083 1128 2139 ἀνάγκη.

189 2154 319 2208 <28>
362 2153 623 2209 νικηθέντος
654 2152 752 2209 οὖν,
797 2156 854 2205 ὡς
894 2157 1081 2210 ἔφαμεν,
1121 2162 1202 2198 τοῦ
1242 2157 1447 2209 Κεστίου,

47 2237 81 2263 80
99 2232 187 2267 τῶν
218 2224 582 2281 Ἱεροσολυμιτῶν
621 2227 668 2268 oc
700 2234 880 2281 πρῶτοι,
916 2227 1186 2282 θεασάμενοι
1227 2229 1329 2277 τοὺς
1367 2224 1448 2281 μὲν

101 2297 260 2352 λῃστὰς
291 2297 378 2351 ἅμα
415 2303 508 2346 τοῖς
548 2304 852 2352 νεωτερισταῖς
890 2297 1244 2352 εὐπορουμένους
1284 2298 1448 2352 ὅπλων,
