1732 2526
197 45 282 86 242
690 40 1052 78 ΑΡΧΑΙοΛοΓΙΑΣ

196 159 271 206 τῆς
313 153 514 202 παιδείας
555 150 819 205 συλλεγέντα
861 151 1007 205 ἀγαθὰ
1044 153 1152 207 πρὸς
1189 154 1266 194 τὸν
1299 151 1551 195 ἐπελθόντα·

198 225 389 278 ὄλεθρον
428 222 544 279 αὐτῷ
587 222 672 264 ὑπὸ
710 228 784 275 τῆς
821 221 1039 272 ἐξουσίας·
1079 222 1217 272 οὕτως
1255 223 1338 276 ἄρα
1380 223 1542 264 δυσπό-

197 304 349 348 ριστον
380 293 406 347 ἡ
446 292 574 347 ἀρετὴ
607 298 686 334 τοῦ
720 300 968 348 σωφρονεῖν
1007 287 1072 342 οἷς
1112 292 1423 342 ἀνυπεύθυνος
1462 299 1542 334 τοῦ

196 364 404 420 πράττειν
437 363 637 420 ῥᾳστώνη
669 363 862 418 πάρεστι.
924 363 1067 417 <211>
1099 367 1245 418 φίλοις
1279 360 1360 417 μὲν
1390 370 1541 419 κεχρῆ-

197 439 304 477 σθαι
336 433 409 476 καὶ
441 435 492 476 τὰ
517 434 658 475 πάντα
685 433 929 487 ἀξιολόγοις
954 432 1342 483 ὑποσπουδασθεὶς
1366 435 1414 476 τὸ
1443 431 1535 475 κατ’
1578 445 1595 472 5

197 506 332 561 ἀρχὰς
363 505 449 547 ὑπό
481 520 525 546 τε
558 505 757 553 παιδείας
787 503 859 545 καὶ
892 503 1020 558 δόξης
1059 507 1189 559 ζήλου
1227 512 1315 546 τῶν
1352 507 1542 559 κρειττό-

196 592 303 629 νων,
335 575 461 631 μέχρι
493 576 547 628 δὴ
580 576 637 631 τῷ
670 576 866 628 περιόντι
903 580 982 616 τοῦ
1019 575 1214 630 ὑβρίζειν
1256 574 1543 630 ἀπαλιφείσης

197 647 370 695 εὐνοίας
402 642 428 701 ᾗ
461 647 568 700 πρὸς
599 645 734 686 αὐτὸν
768 644 1020 699 ἐχρήσαντο,
1053 644 1124 686 καὶ
1156 647 1311 699 μίσους
1342 646 1542 701 ὑποφύν-

196 732 283 771 τος,
315 712 388 757 ὑπ’
425 716 570 757 αὐτῶν
604 714 936 769 ἐπιβουλευθεὶς
967 718 1157 772 τελευτᾷ.

151 789 177 830 3
289 787 433 840 <212>
454 787 679 835 Κλαύδιος
705 784 767 840 δέ,
792 785 991 840 καθάπερ
1018 785 1240 841 ἀνώτερον
1262 788 1389 841 ἔφην,
1409 785 1541 841 ἀπορ-
1564 800 1595 824 ιο

199 857 360 912 ρήξεως
393 856 509 913 αὐτῷ
542 863 630 898 τῶν
662 857 745 897 σὺν
779 858 897 913 Γαΐῳ
931 856 1050 898 ὁδῶν
1081 855 1335 910 γενομένης,
1366 855 1439 897 καὶ
1464 862 1543 898 τοῦ

198 932 322 969 οἴκου
347 926 687 982 θορυβηθέντος
717 926 852 968 πάθει
890 932 964 980 τῆς
995 929 1218 982 Καίσαρος
1248 930 1462 981 τελευτῆς,
1496 925 1543 968 ἐν

197 997 437 1053 ἀμηχάνοις
469 997 531 1038 ὢν
563 996 662 1052 περὶ
688 1003 764 1051 τῆς
790 999 1005 1052 σωτηρίας
1040 999 1087 1039 ε”ν
1121 1013 1209 1039 τινι
1236 1003 1442 1055 στενωπῷ
1468 1013 1543 1038 κα-

195 1066 478 1127 τειλημμένος
505 1069 715 1123 ἔκρυπτεν
741 1068 893 1122 αὑτόν,
918 1067 1130 1122 οὐδεμίαν
1149 1068 1373 1110 κινδύνων
1400 1069 1544 1109 αἰτίαν

195 1139 312 1192 πλὴν
344 1144 418 1192 τῆς
449 1140 726 1193 μετριότητος
758 1138 1059 1193 ὑφορώμενος·
1092 1138 1236 1193 <213>
1256 1137 1433 1193 μέτριον
1459 1139 1541 1192 γὰρ
1564 1150 1596 1176 15

197 1210 374 1262 ἰδιώτης
406 1209 467 1249 ὣν
499 1205 604 1262 ἦγεν
638 1209 773 1250 αὑτὸν
804 1207 877 1249 καὶ
909 1216 1001 1258 τοῖς
1037 1215 1255 1263 παροῦσιν
1293 1208 1440 1264 ἀρκῶν
1472 1206 1542 1262 ἦν,

195 1280 372 1336 παιδεία
404 1294 447 1321 τε
481 1280 644 1332 συνών,
675 1277 746 1320 καὶ
779 1279 964 1333 μάλιστα
996 1285 1046 1334 τῇ
1071 1277 1309 1333 Ἑλληνίδι,
1335 1277 1408 1320 καὶ
1434 1293 1542 1320 παν-

196 1351 269 1399 τὸς
298 1356 377 1391 τοῦ
410 1350 472 1398 εἰς
509 1350 712 1404 θόρυβον
750 1347 1039 1403 ἀνακειμένου
1070 1350 1286 1398 παντοίως
1327 1348 1542 1390 ἀπαλλάτ-

197 1436 284 1462 των
317 1419 465 1462 αὑτόν.
527 1420 670 1473 <214>
707 1421 802 1461 τότε
842 1416 890 1461 δὲ
927 1421 1078 1468 πτοίας
1118 1421 1428 1473 κατειληφυίας
1464 1420 1541 1460 τὸν

198 1492 347 1546 ὄχλον,
377 1489 450 1532 καὶ
481 1497 560 1532 τοῦ
591 1492 816 1544 βασιλείου
848 1491 1009 1539 παντὸς
1047 1496 1355 1545 στρατιωτικῆς
1386 1492 1542 1544 μανιάς
1561 1503 1595 1528 20

198 1561 400 1603 ἀνάπλεω
433 1562 680 1615 γεγονότος,
719 1558 790 1602 καὶ
830 1561 992 1609 δειλίας
1029 1559 1100 1602 καὶ
1139 1559 1312 1610 ἀταξίας
1354 1561 1542 1602 ἰδιωτῶν

199 1626 295 1674 οἷον
333 1631 640 1686 ἀπειληφότων
678 1631 1081 1685 σωματοφυλάκων,
1120 1633 1164 1673 οἵ
1202 1630 1302 1686 περὶ
1333 1632 1381 1673 τὸ
1415 1643 1542 1686 στρα-

198 1703 377 1757 τηγικὸν
409 1702 699 1757 καλούμενον,
732 1700 837 1756 ὅπερ
871 1699 961 1742 ἐστὶ
992 1707 1067 1755 τῆς
1099 1707 1301 1756 στρατιᾶς
1325 1703 1373 1744 τὸ
1405 1705 1543 1743 καθα-

198 1773 410 1826 ρώτατον,
444 1771 491 1814 ἐν
522 1775 661 1827 βουλῇ
694 1770 791 1827 περὶ
824 1779 915 1821 τοῖς
945 1770 1174 1827 πρακτέοις
1202 1768 1324 1826 ἦσαν.
1387 1772 1542 1814 ὁπόσοι

199 1843 246 1885 δὲ
290 1842 361 1885 καὶ
405 1843 758 1898 παρετύγχανον,
799 1843 879 1896 τὴν
923 1839 1002 1897 μὲν
1048 1844 1184 1885 Γαΐου
1234 1844 1448 1897 τιμωρίαν
1494 1841 1541 1884 ἐν
1562 1854 1596 1880 25

198 1914 332 1971 ὀλίγῳ
370 1912 594 1967 τιθέμενοι
633 1913 706 1954 διὰ
744 1913 791 1955 τὸ
828 1913 935 1954 κατὰ
973 1914 1100 1967 δίκην
1139 1913 1254 1969 αὐτῷ
1294 1913 1368 1961 τὰς
1411 1913 1542 1967 τύχας

199 1987 457 2037 συνελθεῖν,
501 1983 645 2037 <215>
685 1984 736 2024 τὰ
782 1980 830 2024 δὲ
873 1981 972 2038 περὶ
1015 1983 1176 2032 αὑτοὺς
1216 1982 1541 2025 ἀνεσκοποῦντο

199 2057 366 2109 μᾶλλον
399 2053 451 2095 ὃν
493 2055 657 2108 τρόπον
697 2055 849 2108 σχήσοι
880 2057 1035 2107 καλῶς,
1073 2053 1145 2095 καὶ
1183 2061 1270 2095 τῶν
1303 2055 1542 2108 Γερμανῶν

199 2124 248 2167 ἐν
279 2114 504 2179 τιμωρίαις
535 2131 622 2165 τῶν
656 2123 860 2178 σφαγέων
887 2126 1029 2166 ὄντων
1056 2124 1275 2179 ὠμότητος
1299 2123 1442 2179 χάριτι
1467 2129 1543 2178 τῆς

199 2193 367 2237 ἑαυτῶν
399 2198 567 2249 μᾶλλον
598 2194 623 2248 ἢ
656 2200 735 2236 τοῦ
768 2193 1070 2250 συμφέροντος
1095 2203 1185 2244 τοῖς
1214 2200 1358 2236 πᾶσιν.
1399 2193 1542 2248 <216>
1561 2206 1597 2232 3ο

198 2263 276 2319 ὑφ’
314 2260 376 2306 ὧν
409 2263 614 2306 ἁπάντων
646 2264 668 2306 ὁ
703 2265 923 2314 Κλαύδιος
950 2264 1222 2319 ἐθορυβεῖτο,
1255 2265 1411 2314 δεδιὼς
1441 2263 1541 2319 περὶ
