1732 2526
228 95 309 136 102
716 94 1080 127 ΑΡΧΑῙΟΛΟΓΙΑΣ

180 215 199 246 6
226 202 421 245 κάκεῖνοι
471 202 730 257 ὡμολόγουν
781 201 834 244 οὐ
883 201 1238 257 παραβήσεσθαι·
1295 198 1452 254 <180>
1502 215 1578 241 κα-

221 275 449 328 τανοήσειε
482 271 520 314 δ’
552 274 606 315 ἄν
631 289 696 322 τις
727 274 808 327 τὴν
841 271 1044 314 διάνοιαν
1075 270 1359 326 τάνθρώπου,
1391 268 1463 311 καὶ
1490 265 1580 327 ὅτω

221 345 274 386 τὰ
311 346 502 400 πρότερα
539 345 744 399 ἤρεσκεν,
789 343 847 392 ὡς
886 341 971 384 ὑπὸ
1013 348 1091 384 τοῦ
1130 342 1364 396 φιλοζωεῖν
1401 339 1576 396 πράξειε

221 416 274 457 τὰ
305 416 368 465 εἰς
399 416 501 464 τοὺς
532 421 759 469 συγγενεῖς
790 411 1094 468 πεπραγμένα,
1134 411 1180 453 ἐκ
1218 417 1329 465 γοῦν
1360 417 1448 452 τῶν
1480 411 1579 466 ἄρτι

223 485 416 528 ἐντολῶν
450 482 582 528 οὐδὲν
615 484 898 539 ἀνθρώπειον
926 481 1258 538 εἰσφερομένην,
1289 481 1435 536 <181>
1467 485 1512 523 εἴ
1531 497 1579 536 γε
1617 494 1633 519 5

222 556 295 598 καὶ
327 556 470 598 ἀπιὼν
501 563 581 599 τοῦ
613 557 714 610 βίου
746 557 963 609 πρόνοιαν
996 550 1111 609 εἶχεν
1145 554 1202 603 ὡς
1240 552 1287 594 ἐν
1319 551 1475 594 πένθει
1507 551 1580 594 καὶ

224 627 382 683 ἐρημία
413 634 501 669 τῶν
533 626 755 682 φιλτάτων
787 627 836 667 τὸ
867 631 956 666 πᾶν
982 625 1293 677 καταστήσειεν
1326 625 1473 677 ἔθνος,
1505 622 1582 665 ἕνα

225 696 300 752 ἀφ’
334 696 518 739 ἑκάστου
545 701 670 740 οἴκου
696 697 890 738 κελεύων
912 697 1227 754 μεταχειρίσαι,
1261 691 1399 749 μηδὲν
1425 695 1582 736 ἄδικον

226 765 322 823 μήτ’
370 769 431 818 εἰς
475 768 611 810 αὐτὸν
656 768 921 823 δεδρακότας
964 764 1059 821 μήτ’
1106 764 1173 820 ἐφ’
1223 763 1386 821 ἑτέροις
1430 764 1582 819 ἐγκλή-

227 851 331 894 μασι
353 840 614 893 κατηγορίας
635 838 782 880 αὐτῶν
808 836 1062 892 γενομένης,
1088 838 1330 890 εἰωθότων,
1357 829 1423 885 οἷς
1447 846 1581 892 προσ-
1603 848 1635 873 10

226 911 401 964 ποίησις
427 909 595 965 ἀρετῆς,
623 908 695 951 καὶ
720 910 829 964 πρὸς
853 910 957 958 τοὺς
983 907 1031 950 ἐν
1061 909 1161 964 δίκῃ
1189 906 1378 963 ἐχθροὺς
1403 908 1583 961 γεγονό-

228 996 304 1030 τας
335 979 382 1022 ἐν
414 981 605 1022 τοιοῖσδε
638 987 808 1035 καιροῖς
838 980 890 1021 τὰ
923 981 1028 1034 μίση
1061 980 1392 1020 κατατίθεσθαι.

189 1069 198 1093 ι
315 1051 459 1106 (182)
503 1057 638 1093 ταῦτα
684 1050 722 1093 δ’
773 1049 1105 1099 ἐπιστέλλοντος
1149 1049 1286 1091 αὐτοῦ
1329 1049 1439 1104 πρὸς
1481 1049 1584 1098 τοὺς

229 1128 476 1177 συγγενεῖς,
531 1122 763 1178 γράμματα
817 1126 963 1177 παρῆν
1018 1120 1104 1162 ὑπὸ
1160 1128 1248 1162 τῶν
1303 1121 1366 1169 εἰς
1414 1117 1583 1173 Ῥώμην

227 1192 453 1247 πρέσβεων
492 1191 832 1247 ἀπεσταλμένων
869 1193 977 1247 πρὸς
1014 1193 1239 1246 Καίσαρα,
1279 1188 1352 1232 καὶ
1384 1189 1584 1243 ἀναγνω-
1604 1201 1637 1227 15

185 1288 193 1300 ι
229 1262 432 1305 σθέντων
463 1265 511 1306 τὸ
544 1264 784 1319 κεφάλαιον
816 1260 872 1317 ἦν
911 1263 968 1312 ὡς
1007 1268 1082 1316 τῆς
1119 1260 1155 1303 τ’
1189 1258 1345 1316 Ἀκμῆς
1383 1261 1491 1316 ὀργῇ
1533 1266 1583 1316 τῇ

228 1336 454 1390 Καίσαρος
492 1333 770 1390 ἀνῃρημένης
809 1331 879 1388 ἐφ’
918 1327 983 1382 οἷς
1010 1331 1279 1390 Ἀντιπάτρῳ
1313 1342 1586 1387 συγκακουρ-

229 1407 420 1460 γήσειεν,
460 1405 596 1447 αὐτόν
627 1403 667 1446 τ’
700 1403 987 1459 Ἀντίπατρον
1020 1404 1078 1453 ὡς
1110 1401 1179 1445 ἐπὶ
1210 1403 1362 1458 γνώμῃ
1394 1407 1446 1458 τῇ
1479 1401 1586 1444 ε’κεί-

230 1492 312 1517 νου
354 1483 525 1518 ποιοῖτο
571 1476 629 1526 ὡς
670 1477 832 1531 πατρὸς
875 1473 948 1516 καὶ
992 1472 1226 1529 βασιλέως,
1276 1477 1362 1515 εἴτε
1409 1473 1587 1528 φυγάδα

232 1546 436 1589 ἐλαύνειν
474 1546 726 1601 ἐθελήσειεν
765 1550 849 1587 εἴτε
888 1546 960 1587 καὶ
997 1545 1233 1587 κτιννύειν.
1302 1543 1449 1599 <183>
1486 1544 1586 1585 τού·
1608 1554 1640 1580 20

230 1633 319 1659 των
357 1616 685 1674 ἀκροασάμενος
716 1614 919 1671 Ἶ-Ῑρώδης
960 1618 1101 1671 βραχὺ
1144 1614 1224 1670 μέν
1264 1630 1306 1656 τι
1347 1614 1586 1669 ἀνήνεγκεν

230 1687 370 1743 ἡδονῇ
402 1696 490 1730 τῶν
522 1687 854 1744 γεγραμμένων,
885 1687 1066 1745 θανάτῳ
1097 1703 1142 1729 τε
1174 1692 1250 1740 τῆς
1277 1684 1435 1740 Ἀκμῆς
1468 1685 1587 1727 ἐπαι-

231 1761 418 1813 ρόμενος
466 1757 539 1800 καὶ
589 1757 767 1815 ἐξουσία
815 1764 892 1812 τῆς
947 1756 1017 1800 ἐπὶ
1073 1763 1132 1813 τῷ
1183 1754 1308 1798 παιδὶ
1359 1758 1586 1811 τιμωρίας·

231 1836 485 1884 προϊουσῶν
518 1827 557 1871 δ’
594 1830 656 1879 είς
687 1828 796 1884 μέγα
829 1836 918 1871 τῶν
956 1828 1218 1882 ἀλγηδόνων
1255 1829 1433 1881 παρίετο
1465 1841 1587 1868 τετα-

233 1899 565 1956 λαιπωρημένος
597 1903 765 1955 σιτίων,
797 1898 869 1942 καὶ
900 1896 1032 1955 ’ᾔτησε
1059 1902 1199 1953 μῆλον
1230 1897 1302 1940 καὶ
1334 1900 1585 1953 μαχαίριον*
1607 1909 1640 1936 25

232 1967 288 2024 ἣν
320 1971 402 2027 γὰρ
443 1970 490 2012 ἐν
530 1973 624 2013 ἔθει
657 1969 730 2012 καὶ
762 1972 978 2025 πρότερον
1016 1969 1134 2025 αὐτῷ
1165 1967 1448 2024 περιλέψαντι
1480 1967 1586 2010 αὐτὸ

234 2039 291 2082 δι’
336 2040 472 2084 αὑτοῦ
510 2041 582 2084 καὶ
619 2037 711 2084 κατ’
754 2041 908 2094 ὀλίγον
944 2038 1148 2095 τέμνοντι
1187 2038 1369 2081 ἐσθίειν.
1431 2038 1588 2094 <184>

234 2113 384 2167 λαβὼν
411 2110 459 2154 δὲ
485 2111 555 2154 καὶ
582 2112 955 2168 περισκεψάμενος
981 2111 1162 2165 γνώμην
1188 2106 1306 2166 εἶχεν
1332 2110 1391 2160 ὡς
1415 2111 1588 2151 παίσων

235 2181 413 2237 ἑαυτόν,
449 2182 532 2225 κᾶν
571 2183 801 2238 ἐπεπράχει
839 2183 896 2237 μὴ
935 2181 1192 2236 φθάσαντος
1228 2180 1366 2223 αὐτοῦ
1403 2183 1589 2223 καταλα-

235 2256 330 2308 βεῖν
362 2255 443 2309 τὴν
476 2253 624 2304 δεξιὰν
651 2252 878 2309 Ἀχιάβου,
917 2251 965 2302 ὃς
996 2251 1177 2303 ἀνεψιὸς
1208 2248 1264 2306 ἦν
1303 2251 1452 2294 αὐτοῦ.
1514 2249 1588 2293 καὶ
1608 2263 1642 2289 30

331 2338 349 2376 g
378 2338 443 2369 182
472 2334 516 2371 of.
543 2334 636 2370 Bell.
662 2334 740 2370 Iud.
768 2333 784 2367 Ι
811 2338 866 2379 33,
896 2336 925 2369 7.
1367 2316 1371 2320 ²
