1732 2526
616 85 1023 119 OKTQKAIAEKATH
1238 106 1252 118 .
1410 83 1491 124 171

149 193 293 235 δοκῶν
324 191 423 246 περὶ
454 199 533 234 τοῦ
561 190 773 246 Ἀγρίππα
805 191 940 233 αὐτὸν
972 194 1178 234 κελεῦσαί
1205 208 1244 233 τι
1277 198 1495 246 τοιοῦτον,

150 261 375 318 ἐπανεῖχεν
407 262 760 318 ἀκριβωσόμενος
790 262 841 303 τὰ
873 260 1093 316 εἰρημένα.
1150 263 1294 316 <190>
1328 260 1419 303 ἐπεὶ
1446 259 1494 303 δὲ

147 335 319 389 Καῖσαρ
369 333 654 388 περιοδεύσας
703 334 780 375 τὸν
832 333 1108 387 ἱππόδρομον
1155 333 1366 387 λαμβάνει
1417 333 1494 373 τὸν

142 400 382 459 Ἀγρίππαν
428 402 654 458 ἑστηκότα,
700 401 792 444 ‘nal
837 404 923 457 μὴν
970 403 1045 456 δή’
1091 405 1219 457 φησί,
1265 402 1494 455 τΑ’Ἁάκρων,

111 486 127 514 5
149 481 305 516 τοῦτον
331 471 454 516 εἷπον
480 473 696 527 δεθῆναι.’
745 479 825 514 τοῦ
852 471 889 514 δ’
921 472 1244 528 ἐπανερομένου
1272 472 1493 526 ὁντινοῦν,

148 542 404 600 ςἈγρίππαν
448 543 517 597 γε’
557 541 689 585 εἶπεν.
751 542 906 597 <191>
951 542 1022 585 καὶ
1067 544 1089 586 ὁ
1124 541 1360 598 Ἀγρίππας
1400 541 1494 596 τρέ-

145 630 268 656 πεται
295 612 374 669 μὲν
400 615 507 656 κατὰ
535 615 719 668 δεήσεις,
745 620 823 656 τοῦ
850 629 893 655 τε
920 615 1076 664 παιδὸς
1102 609 1135 670 ᾧ
1164 612 1492 668 συνετέθραπτο

146 685 436 740 μνημονεύων
467 683 539 726 καὶ
571 691 649 727 τοῦ
687 687 893 739 Τιβερίου
931 689 1005 738 τῆς
1043 683 1277 739 ἐκτροφῆς,
1316 683 1368 725 οὐ
1407 684 1494 737 μὴν

143 755 255 810 ἤνυέ
289 755 340 810 γε’
374 772 435 810 τι,
479 754 572 796 ἀλλ’
611 752 722 809 ἦγον
759 755 894 797 αὐτὸν
934 754 980 796 ἐν
1017 757 1262 810 πορφυρίσι
1301 753 1492 808 δέσμιον.

91 840 124 865 10
144 827 288 880 <192>
321 824 392 868 καὶ
423 826 568 880 καῦμά
606 841 649 867 τε
688 826 771 880 γὰρ
810 827 1008 880 σφοδρὸν
1038 822 1114 879 ἦν,
1152 824 1223 867 καὶ
1255 824 1328 867 ὑπ’
1365 829 1491 866 οῖ’νου

142 903 220 939 τοῦ
253 895 323 938 ἐπὶ
355 899 510 946 σιτίοις
544 897 637 950 [μὴ]
671 900 838 938 πολλοῦ
870 898 1103 950 γεγονότος
1142 897 1271 946 δίψος
1303 894 1494 946 ἐξέκαιεν

143 967 293 1021 αὐτόν,
324 969 401 1008 καί
428 983 468 1008 τι
500 968 571 1008 καὶ
604 967 771 1020 ἠγωνία
802 965 873 1008 καὶ
906 968 954 1008 τὸ
986 965 1090 1021 παρ’
1128 965 1252 1016 ἀξίαν
1285 966 1493 1020 κατελάμ-

142 1041 265 1092 βανε·
316 1038 592 1093 θεασάμενος
623 1034 704 1079 οὖν
742 1038 841 1079 τινὰ
878 1044 966 1079 τῶν
1000 1039 1139 1079 Γαΐου
1171 1037 1343 1078 παίδων
1377 1039 1493 1078 Θαυ-

143 1110 308 1163 μαστὸν
335 1110 489 1163 ὄνομα,
520 1109 642 1164 ὕδωρ
670 1108 717 1150 ἐν
744 1108 903 1166 ἀγγείῳ
930 1110 1176 1162 κομίζοντα,
1203 1105 1334 1162 ’ᾔτησε
1361 1113 1491 1148 πιεῖν.

38 1207 43 1210 -
90 1196 123 1223 15
142 1180 284 1233 (193)
326 1177 398 1220 καὶ
437 1178 667 1232 ὀρέξαντος
697 1179 938 1233 προθύμως
975 1178 1089 1219 πιών
1123 1173 1233 1219 (ἀλλ’
1271 1181 1390 1231 εἴπερ
1424 1174 1485 1218 ἐπ’

142 1249 342 1304 ἀγαθοῖς’
377 1251 534 1304 φησίν,
572 1245 621 1290 ’ὦ
655 1256 753 1303 παῖ,
791 1249 842 1290 τὰ
874 1247 1009 1303 τῆσδέ
1045 1260 1126 1290 σου
1158 1254 1233 1302 τῆς
1265 1249 1493 1296 διακονίας

141 1319 317 1375 γέγονε,
361 1321 578 1375 διαφυγῆς
618 1336 692 1373 μοι
733 1318 971 1374 γενομένης
1011 1320 1149 1361 τῶνδε
1187 1326 1276 1360 τῶν
1318 1319 1492 1372 δεσμῶν

143 1391 224 1433 οὐκ
249 1391 304 1433 ἂν
330 1392 593 1446 βραδύνοιμι
621 1390 881 1444 ἐλευθερίαν
901 1391 1267 1444 εἰσπραττόμενός
1287 1400 1356 1430 σοι
1375 1388 1493 1441 παρὰ

144 1463 302 1515 Γαΐου,
353 1461 399 1511 ὃς
441 1460 514 1503 καὶ
559 1462 758 1517 δεσμώτῃ
803 1477 876 1515 μοι
920 1459 1142 1517 γενομένῳ
1188 1461 1492 1501 διακονεῖσθαι

91 1549 125 1575 20
143 1533 342 1586 καθάπερ
370 1531 417 1574 ἐν
442 1538 501 1588 τῷ
528 1534 743 1586 πρότερον
769 1533 1058 1585 καθεστηκότι
1085 1532 1269 1585 σχήματι
1295 1535 1369 1582 τῆς
1394 1526 1491 1583 περὶ

145 1600 217 1657 ἐμὲ
251 1602 466 1652 ἀξιώσεως
498 1602 577 1643 οὐκ
610 1600 829 1651 ἐνέλιπεςῖ
879 1600 951 1643 καὶ
984 1600 1063 1643 οὐκ
1095 1600 1310 1651 ἐψεύσατο
1344 1596 1486 1652 [ταῦτ’

145 1674 294 1726 εἰπών,
327 1672 435 1714 ἀλλὰ
469 1672 522 1726 δὴ
554 1672 806 1726 ἠμείψατο]·
845 1671 988 1725 <194>
1021 1670 1068 1712 ἐν
1100 1669 1266 1726 ὑστέρῳ
1300 1670 1382 1723 γὰρ
1415 1671 1492 1723 βα-

145 1744 349 1792 σιλεύσας
380 1744 456 1785 τὸν
486 1743 749 1796 Θαυμαστὸν
778 1743 984 1796 μειζόνως
1017 1740 1254 1795 ἐλεύθερόν
1286 1738 1323 1781 τ’
1353 1739 1492 1794 ἀφῆκε

144 1815 260 1869 παρὰ
288 1815 425 1856 Γαΐου
446 1815 669 1867 Καίσαρος
695 1814 927 1866 γεγονότος
954 1812 1116 1866 λαβών,
1142 1809 1213 1852 καὶ
1241 1817 1315 1865 τῆς
1341 1809 1494 1859 οὐσίας

92 1899 126 1926 25
146 1884 381 1939 ἐπίτροπον
421 1885 678 1937 καθίστησι,
720 1886 935 1924 τελευτῶν
974 1897 1018 1924 τε
1056 1882 1114 1938 τῷ
1158 1881 1249 1923 υἱεῖ
1276 1879 1492 1936 Ἀγρίππᾳ

146 1954 217 1997 καὶ
249 1957 460 2010 Βερενίκῃ
493 1960 542 2009 τῇ
576 1952 767 2008 θυγατρὶ
799 1952 868 1995 ἐπὶ
899 1959 991 2002 τοῖς
1028 1952 1196 2007 ὁμοίοις
1234 1952 1492 2005 διακονησό-

146 2024 575 2080 μενονκατέλιπεν,
620 2024 667 2066 ἐν
705 2029 804 2078 τιμῇ
849 2020 884 2064 τ’
930 2023 991 2064 ὢν
1034 2023 1168 2078 ταύτῃ
1207 2023 1386 2077 γηραιὸς
1428 2036 1494 2063 τε-

146 2099 288 2153 λευτᾷ.

235 2166 380 2221 <195>
418 2165 489 2208 καὶ
528 2171 662 2207 ταῦτα
694 2162 774 2219 μὲν
812 2164 998 2219 ὕστερον
1031 2162 1224 2217 ἐγένετο,
1255 2161 1492 2218 Ἀγρίππας
1520 2174 1539 2204 7

93 2251 128 2277 3ο
148 2235 195 2279 δὲ
226 2239 321 2279 τότε
355 2235 503 2286 δεθεὶς
535 2236 721 2289 εἱστήκει
752 2235 836 2290 πρὸ
868 2241 948 2276 τοῦ
979 2236 1224 2288 βασιλείου,
1266 2235 1374 2288 πρός
1405 2248 1492 2274 τινι

148 2307 316 2366 δένδρῳ
343 2306 511 2357 κλιθεὶς
538 2305 612 2348 ὑπ’
643 2306 849 2360 ἀθυμίας,
875 2305 980 2360 μετὰ
1007 2307 1183 2347 πολλῶν
1209 2306 1255 2346 οἳ
1278 2302 1493 2345 ἐδέδεντο.
