1732 2526
589 91 996 125 οΚΤΩΚΑΙΔΕΚΑΤΗ
1392 89 1473 130 181

127 199 223 252 ρίας
266 198 393 253 ἀρετῇ
433 201 601 253 μᾶλλον
633 201 825 252 χρῆσθαι
870 195 1138 251 δυναμένην,
1183 195 1293 251 μηδὲ
1333 198 1478 240 δευτε-

126 269 272 323 ρεύειν
305 268 653 323 ἀνεπαίσχυντον
685 267 797 322 ἡγοῦ
830 275 918 309 τῶν
951 265 1056 322 χθὲς
1088 266 1160 308 καὶ
1191 266 1344 325 πρςόην
1371 267 1477 325 ἐλέῳ

125 345 182 395 τῷ
230 345 290 396 σςό
337 340 702 393 διαβεβιωκότων.
765 338 908 391 <244>
948 335 1039 379 ἀλλ’
1089 336 1157 379 ἐπὶ
1201 344 1275 392 τῆς
1312 337 1477 393 Ῥώμης

126 414 275 464 ἱωμεν,
308 408 380 451 καὶ
413 410 518 464 μήτε
550 411 692 451 πόνου
724 409 863 463 φειδώ
897 424 961 458 τις
994 409 1102 449 ἔστω
1130 406 1227 462 μήτ’
1261 408 1476 463 ἀργυρίου

88 480 320 534 ὓδαπάνης
362 478 433 521 καὶ
470 481 678 534 χρυσίου,
717 479 790 520 διὰ
828 480 876 521 τὸ
916 480 973 533 μὴ
1015 476 1081 520 ἐπ’
1125 478 1383 533 οὐδαμινοῖς
1421 479 1475 520 ἂν

122 553 315 604 βελτίοσι
348 548 556 604 γενέσθαι
589 551 669 604 τὴν
700 551 885 604 τήρησιν
920 549 1066 591 αὐτῶν
1099 549 1361 599 ἀναλώσεως
1402 554 1478 603 τῆς

125 619 193 662 ἐπὶ
226 622 373 674 κτήσει
405 622 629 674 βασιλείας
662 619 898 674 ἐσομένης’

214 691 357 744 <245>
385 690 407 731 ὃ
442 688 490 732 δὲ
524 689 629 740 τέως
663 687 743 744 μὲν
777 691 1019 746 ἀπεμάχετο
1047 690 1227 745 ἀγαπῶν
1259 692 1339 745 τὴν
1371 691 1475 745 ἡσυ-

123 763 224 816 χίαν
258 759 330 802 καὶ
363 767 437 815 τῆς
461 759 627 815 Ῥώμης
653 763 729 803 τὸν
757 763 889 816 ὄχλον
917 759 974 803 δι’
1006 762 1196 812 ὑποψίας
1223 761 1477 816 λαμβάνων,

68 847 100 871 10
120 831 432 873 ἀναδιδάσκειν
465 829 500 873 τ’
538 832 677 886 αὐτὴν
710 831 923 887 ἐπειρᾶτο.
985 832 1012 886 ἢ
1045 830 1084 873 δ’
1123 828 1190 887 ἐφ’
1234 832 1341 873 ὅσον
1382 831 1474 882 ἐξα-

122 908 404 957 ναχωροῦντα
450 900 563 955 ἑώρα
607 905 816 956 μειζόνως
867 901 1075 955 ἐνέκειτο,
1126 902 1369 945 κελεύουσα
1415 904 1472 957 μὴ

121 971 291 1014 ἀνιέναι
332 972 474 1014 πάντα
511 972 716 1025 πράττειν
761 972 830 1014 ε’πὶ
871 980 920 1028 τῇ
960 975 1181 1029 βασιλείᾳ·
1227 973 1372 1027 <246>
1404 971 1477 1014 καὶ

119 1042 252 1096 πέρας
284 1043 363 1085 οὐκ
396 1042 573 1096 ἀνῆκεν,
606 1043 686 1093 ἕως
718 1043 966 1098 ἐξενίκησεν
1005 1044 1140 1085 αὐτὸν
1181 1043 1475 1098 ὁμογνώμονα

120 1113 229 1167 αὑτῇ
263 1112 481 1162 ἀκουσίως
512 1112 722 1166 γενέσθαι
756 1114 829 1155 διὰ
861 1115 909 1155 τὸ
943 1115 1000 1168 μὴ
1034 1111 1149 1155 εἶναι
1193 1114 1337 1163 ἄλλως
1369 1113 1475 1156 ἀπο-

13 1201 18 1204 ·
69 1197 99 1223 15
119 1190 280 1238 φυγεῖν
301 1183 435 1236 αὐτῆς
460 1185 507 1225 τὸ
535 1182 604 1224 ε’πὶ
625 1185 843 1233 τοιούτοις
862 1184 1186 1238 ψηφισάμενον.
1231 1197 1476 1239 παρασκευ-

120 1253 337 1307 ασάμενός
368 1251 416 1294 θ’
454 1253 512 1302 ὡς
545 1253 649 1308 ἐνῆν
680 1257 946 1307 πολυτελῶς,
989 1252 1061 1295 καὶ
1106 1254 1258 1308 φειδοῖ
1287 1255 1477 1309 μηδενὸς

116 1324 354 1378 χρώμενος,
391 1322 579 1377 ἀνήγετο
620 1322 689 1365 ἐπὶ
731 1330 807 1378 τῆς
837 1322 1023 1379 Ῥώμης,
1062 1325 1150 1379 ἅμα
1200 1322 1248 1366 δὲ
1286 1323 1358 1366 καὶ
1398 1326 1478 1379 τὴν

110 1393 366 1447 “Ηρωδιάδα
398 1393 622 1447 ἀγόμενος.
687 1394 832 1448 <247>
862 1392 1097 1448 Ἀγρίππας
1129 1392 1177 1436 δὲ
1204 1396 1284 1448 τήν
1310 1410 1354 1436 τε
1384 1395 1478 1436 ‹5⁶02-

118 1480 246 1506 νοιαν
267 1463 413 1505 αὐτῶν
438 1462 510 1505 καὶ
536 1464 617 1517 τὴν
642 1465 928 1519 παρασκευὴν
956 1466 1226 1519 αἰσθόμενος
1251 1463 1322 1506 καὶ
1349 1465 1479 1516 αὐτὸς

63 1550 96 1575 20
116 1534 470 1589 παρεσκευάζετο.
535 1532 631 1575 ε’πεί
657 1532 693 1575 τ’
740 1533 1085 1584 ἐκπεπλευκότας
1120 1534 1287 1588 ἀκούει,
1319 1535 1478 1590 πέμπει

114 1604 187 1647 καὶ
231 1604 361 1654 αὐτὸς
405 1603 475 1646 ἐπὶ
516 1611 592 1658 τῆς
629 1603 793 1659 Ῥώμης
839 1608 1157 1660 Φορτουνᾶτον
1203 1602 1346 1649 αὑτοῦ
1389 1613 1477 1648 τῶν

116 1674 443 1731 ἀπελευθέρων,
477 1675 597 1727 δῶρά
629 1691 671 1717 τε
714 1678 945 1730 κομίζοντα
976 1682 1036 1731 τῷ
1068 1676 1366 1732 αὐτοκράτορι
1404 1676 1478 1719 καὶ

117 1746 347 1796 ἐπιστολὰς
378 1746 486 1787 κατὰ
527 1750 606 1788 τοῦ
638 1745 858 1801 “Ηρώδου,
895 1747 946 1788 τὰ
979 1744 1027 1787 δὲ
1065 1745 1137 1788 καὶ
1178 1747 1321 1790 αὐτὸν
1354 1748 1478 1790 διδά-

118 1817 261 1869 ξοντα,
295 1817 336 1857 εἰ
365 1818 528 1870 καιρός,
560 1817 638 1858 τὸν
672 1816 820 1859 Γάιον.
883 1817 1027 1872 <248>
1060 1817 1082 1859 ὃ
1120 1816 1159 1858 δ’
1214 1817 1478 1874 ἐπαναχθεὶς

66 1902 99 1927 25
119 1894 210 1936 τοῖς
242 1885 354 1941 ἀμφὶ
385 1887 463 1928 τὸν
489 1885 695 1941 “Ηρώδην
726 1886 799 1929 καὶ
832 1886 959 1944 δεξιῷ
993 1887 1266 1943 χρησάμενος
1296 1895 1355 1946 τῷ
1382 1893 1476 1946 πλῷ

119 1955 298 2000 τοσόνδ’
332 1957 585 1999 ἀπελείπετο
612 1964 691 1999 τοῦ
706 1956 912 2013 Ἱῑῖρώδου
934 1958 1042 2000 ὥστε
1062 1960 1140 2000 τὸν
1167 1956 1248 2013 μὲν
1274 1958 1472 2015 ἐντυχεῖν

122 2030 163 2070 Γ
159 2030 257 2085 αΐῳ,
289 2027 311 2069 ὃ
346 2027 391 2069 δ’
426 2027 728 2082 ἐπικατάγεται
760 2028 832 2071 καὶ
862 2029 938 2078 τὰς
978 2028 1208 2079 ἐπιστολὰς
1245 2029 1472 2073 ἀπεδίδου.

122 2097 194 2140 καὶ
244 2097 579 2152 προσέπλευσαν
627 2098 865 2156 ἀμφότεροι
912 2101 1223 2156 Δικαιαρχείᾳ,
1272 2099 1345 2142 καὶ
1394 2102 1472 2143 τὸν

122 2169 259 2211 Γάιον
310 2167 357 2210 ἐν
401 2170 558 2217 Βαΐαις
602 2170 892 2224 λαμβάνουσι·
955 2170 1100 2224 <249>
1145 2171 1379 2226 πολίδριον
1429 2163 1469 2212 δ’

69 2255 103 2279 30
124 2239 214 2283 ἐστὶ
257 2237 329 2281 καὶ
373 2245 503 2281 τοῦτο
548 2245 622 2293 τῆς
667 2242 949 2295 Καμπανίας,
993 2240 1101 2282 ὅσον
1152 2240 1236 2283 ἀπὸ
1282 2242 1474 2283 σταδίων

122 2310 249 2354 πέντε
288 2316 364 2364 τῆς
405 2312 717 2366 Δικαιαρχείας
753 2314 967 2367 κείμενον.
1028 2313 1250 2366 βασίλειοί
1288 2310 1324 2353 τ’
1361 2310 1474 2353 εἰσὶν
