1732 2526
189 72 275 114 284
680 70 1044 104 ΑΡΧΑΙΟΛΟΓΙΑΣ

184 181 383 233 ποταμὸν
423 179 574 233 σχίσας
613 177 766 219 δίοδον
811 178 892 231 ἔφη
936 175 1138 232 παρέξειν
1177 176 1326 226 αὐτοῖς
1364 177 1555 234 ῥᾳδίαν.’

185 249 257 292 καὶ
299 255 433 292 ταῦτα
475 246 615 302 λέγων
657 249 847 297 πολλοὺς
886 247 1118 302 ἠπάτησεν.
1182 247 1310 301 <98>
1354 248 1406 290 οὐ
1451 249 1537 303 μὴν

186 325 334 362 εἴασεν
379 319 540 368 αὐτοὺς
582 324 656 371 τῆς
701 317 955 372 ἀφροσύνης
1000 318 1190 359 ὄνασθαι
1214 318 1394 372 >Φᾶδος,
1438 315 1533 360 ἀλλ’

185 390 423 445 ἐξέπεμψεν
457 393 555 443 ἴλην
589 386 754 430 ἱππέων
782 385 846 429 ἐπ’
879 388 1054 442 αὐτούς,
1085 388 1178 441 ἥτις
1207 387 1535 443 ἀπροσδόκητος

184 462 451 504 ἐπιπεσοῦσα
477 460 668 508 πολλοὺς
693 456 773 513 μὲν
799 459 944 500 αὐτῶν
971 458 1114 500 ἀνεῖλε
1139 460 1331 508 πολλοὺς
1357 457 1405 501 δὲ
1433 462 1536 510 ζῶν·
1573 474 1590 499 5

183 547 258 581 τας
296 533 467 585 ἔλαβεν·
514 530 647 571 αὐτόν
684 544 729 570 τε
767 530 844 570 τὸν
879 530 1054 570 Θευδᾶν
1095 531 1392 585 ζωγρήσαντες
1430 530 1544 576 ἀπο-.

182 601 391 657 τέμνουσι
422 602 503 655 τὴν
535 601 730 654 κεφαλὴν
762 599 899 641 αὐτοῦ
930 598 1002 641 καὶ
1034 602 1287 654 κομίζουσιν
1319 602 1380 650 εἰς
1404 599 1536 655 Ἱερο-

184 674 367 726 σόλυμα.

273 742 400 796 <99>
438 741 489 782 τὰ
527 738 607 794 μὲν
646 736 728 782 οὖν
768 740 994 794 συμβάντα
1035 748 1126 790 τοϊς
1158 738 1390 792 Ἰουδαίοις
1428 742 1535 783 κατὰ

182 815 285 862 τοὺς
323 812 554 853 Κουσπίου
601 810 753 852 Φάδου
793 817 869 865 τῆς
911 809 1143 864 ἐπιτροπῆς
1184 813 1371 866 χρόνους
1411 808 1530 854 ταῦτ’
1557 827 1589 852 10

183 882 371 937 ἐγένετο·
417 882 561 935 <100>
598 878 708 935 ἦλθε
752 878 800 922 δὲ
841 881 976 938 Φάδῳ
1021 880 1220 937 Τιβέριος
1254 879 1537 938 Ἀλέξανδρος

182 954 406 1009 διάδοχος,
445 951 736 1005 Ἀλεξάνδρου
776 959 877 1001 παῖς
916 958 995 994 τοῦ
1036 951 1108 993 καὶ
1150 952 1536 1008 ἀλαβαρχήσαντος

181 1023 228 1065 ἐν
262 1022 586 1078 Ἀλεξανδρείᾳ,
630 1021 747 1075 γένει
788 1038 833 1063 τε
874 1021 945 1064 καὶ
987 1023 1161 1079 πλούτῳ
1202 1025 1537 1079 πρωτεύσαντος

180 1102 268 1137 τῶν
307 1093 397 1136 ἐκεῖ
432 1091 533 1135 καθ’
578 1093 732 1146 αὑτόν,
778 1092 825 1142 ὃς
863 1093 1064 1146 διήνεγκε
1106 1092 1178 1135 καὶ
1219 1100 1270 1149 τῇ
1312 1096 1421 1150 πρὸς
1457 1096 1535 1137 τὸν

178 1167 290 1207 θεὸν
322 1164 521 1220 εὐσεβείᾳ
558 1169 637 1205 τοῦ
675 1164 832 1213 παιδὸς
859 1162 1166 1219 Ἀλεξάνδρου·
1211 1173 1300 1214 τοῖς
1338 1166 1421 1220 γὰρ
1453 1180 1532 1206 πα-
1554 1178 1586 1204 15

179 1237 317 1291 τριόις
349 1235 431 1276 οὐκ
464 1232 683 1288 ἐνέμεινεν
717 1231 846 1284 οὗτος
878 1236 1040 1276 ἔθεσιν.
1096 1235 1241 1289 <101>
1275 1234 1343 1276 ἐπὶ
1373 1236 1532 1277 τούτου

180 1307 234 1360 δὴ
272 1304 344 1347 καὶ
382 1307 459 1347 τὸν
497 1303 634 1359 μέγαν
674 1306 802 1359 λιμὸν
843 1305 951 1347 κατὰ
994 1306 1074 1359 τὴν
1107 1304 1324 1348 Ἰουδαίαν
1367 1304 1532 1361 συνέβη

178 1375 407 1430 γενέσθαι,
447 1374 548 1417 καθ’
588 1375 639 1417 ὃν
671 1374 742 1416 καὶ
781 1375 806 1429 ἡ
839 1374 1011 1429 βασιλὶς
1036 1373 1189 1429 (Ελένη
1221 1379 1398 1418 πολλῶν
1430 1392 1532 1432 χρη-

179 1447 327 1501 μάτων
367 1444 625 1500 ὠνησαμένη
668 1452 792 1487 σῖτον
820 1445 918 1488 Αἀπὸ
959 1452 1034 1500 τῆς
1072 1447 1300 1500 Αἰγύπτου
1343 1445 1530 1501 διένειμε

178 1525 269 1567 τοῖς
301 1516 634 1571 ἀπορουμένοις,
668 1516 725 1565 ὡς
756 1523 980 1571 προεῖπον.
1043 1515 1188 1571 <102>
1220 1518 1329 1570 πρὸς
1360 1517 1532 1567 τούτοις
1551 1533 1585 1558 20

178 1585 227 1629 δὲ
265 1586 336 1629 καὶ
375 1587 420 1629 οί
453 1588 606 1636 παῖδες
639 1585 784 1628 Ἰούδα
828 1593 907 1641 τοῦ
946 1588 1186 1629 Γαλιλαίου
1231 1586 1530 1643 ἀνῃρέθησαν,

177 1664 255 1700 τοῦ
297 1659 374 1700 τὸν
416 1659 523 1700 λαὸν
565 1657 650 1700 ἀπὸ
682 1655 906 1712 Ῥωμαίων
948 1657 1273 1711 ἀποστήσαντος
1310 1660 1530 1714 Κυρινίου

176 1734 252 1782 τῆς
277 1727 495 1778 Ἰουδαίας
533 1728 862 1782 τιμητεύοντος,
906 1728 964 1777 ὡς
1009 1727 1056 1770 ἐν
1100 1735 1191 1777 τοῖς
1233 1730 1318 1784 πρὸ
1359 1729 1529 1771 τούτων

177 1798 478 1853 ἐδηλώσαμεν,
519 1795 722 1853 Ἰάκωβος
754 1797 824 1840 καὶ
857 1801 1034 1854 Σίμων,
1078 1798 1155 1848 οὓς
1192 1798 1527 1854 ἀνασταυρῶσαι

174 1868 438 1925 προσέταξεν
472 1869 494 1911 ὁ
522 1866 819 1923 Ἀλέξανδρος.
883 1868 1027 1923 <103>
1067 1869 1089 1910 ὁ
1125 1866 1172 1910 δὲ
1204 1875 1279 1923 τῆς
1311 1869 1527 1918 Χαλκίδος
1548 1884 1581 1910 25

174 1941 381 1995 βασιλεὺς
404 1937 628 1993 (Ηρώδης,
670 1941 938 1993 μεταστήσας
974 1946 1049 1993 τῆς
1087 1938 1413 1994 ἀρχιερωσύνης
1439 1937 1526 1980 Ἰώ-

175 2022 315 2064 σηπον
347 2011 425 2051 τὸν
457 2016 535 2052 τοῦ
567 2010 758 2064 Κεμεδῆ,
789 2011 868 2064 τὴν
902 2010 1115 2065 διαδοχὴν
1146 2015 1221 2064 τῆς
1252 2015 1376 2064 τιμῆς
1403 2007 1526 2051 Ἀνα-

173 2082 247 2137 νία
286 2086 344 2136 τςό
382 2085 460 2122 τοῦ
501 2081 750 2134 Νεδεβαίου
792 2081 989 2122 δίδωσιν.
1052 2080 1207 2134 <104>
1253 2081 1438 2137 Τιβερίῳ
1477 2078 1525 2121 δὲ

167 2147 439 2207 Ἀλεξάνδρῳ
473 2152 709 2204 Κουμανὸς
747 2150 924 2205 ἀφίκετο
965 2150 1192 2206 διάδοχος,
1235 2149 1307 2192 καὶ
1344 2154 1525 2207 τελευτᾷ

172 2223 249 2263 τὸν
287 2223 386 2275 βιόν
419 2218 620 2275 ἷΗρώδης
658 2220 680 2262 ὁ
719 2228 797 2263 τοῦ
835 2222 1027 2276 μεγάλου
1065 2221 1278 2276 βασιλέως
1309 2217 1521 2277 Ἀγρίππα
1541 2241 1576 2266 30

172 2292 382 2347 ἀδελφός,
423 2291 567 2348 ὀγδόῳ
607 2297 681 2345 τῆς
721 2293 949 2334 Κλαυδίου
988 2294 1209 2348 Καίσαρος
1251 2291 1383 2347 ἀρχῆς
1422 2293 1523 2346 ἔτει,
