1732 2526
607 85 1016 118 EHTAKAIAEKATH
1400 83 1484 124 105

137 193 405 246 παρακλήσει
436 199 523 233 τῶν
550 191 714 246 ὁμοίων
739 197 996 247 παροκωχῆς
1023 190 1237 249 Ἀρχελάῳ
1271 198 1328 248 τῷ
1360 190 1484 233 παιδὶ

139 263 294 316 αὐτοῦ,
339 262 390 304 ὃν
434 260 614 315 βασιλέα
658 263 928 303 καθίσταιτο.
1000 262 1156 317 <19ῖ>>
1200 260 1291 304 εἶτα
1335 260 1484 316 μέντοι

139 336 430 388 Πτολεμαῖος,
470 333 547 374 τὸν
589 338 842 387 σημαντῆρα
882 339 962 374 τοῦ
1002 331 1216 386 βασιλέως
1257 344 1485 374 πεπιστευ-

138 403 289 458 μένος,
327 404 402 452 τὰς
434 403 649 456 διαθήκας
686 401 914 457 ἀνέλεγεν,
955 404 1003 443 αἳ
1038 404 1259 456 λήψεσθαι
1292 403 1486 457 κύρωσιν

103 475 218 516 ῦούκ
262 475 402 523 ἄλλως
452 474 633 528 ἔμελλον
677 472 702 526 ἢ
749 475 972 528 Καίσαρος
1024 473 1281 528 ἐντυχόντος
1324 473 1486 521 αὐταῖς.

136 546 219 599 βοὴ
252 541 334 586 οὖν
365 544 503 593 εὐθὺς
533 540 589 598 ἦν
624 543 898 598 ἐκτιμώντων
921 541 1155 598 Ἀρχέλαον
1188 541 1381 598 βασιλέα,
1415 541 1487 583 καὶ

138 616 183 657 οἱ
220 622 478 670 στρατιῶται
518 615 626 656 κατὰ
669 616 799 670 στίφη
841 613 878 655 τ’
922 613 1047 656 αὐτοὶ
1085 613 1155 656 καὶ
1194 615 1240 656 οὗ
1278 613 1488 668 ἡγεμόνες

136 681 401 728 εὔνοιάν>θ’
437 684 753 740 ὑπισχνοῦνται
794 683 866 726 καὶ
906 688 1164 740 προθυμίαν
1205 686 1285 738 τὴν
1326 684 1487 737 αὐτῶν,

136 754 207 798 καὶ
240 757 518 810 συλλήπτορα
550 757 627 798 τὸν
659 757 769 797 θεὸν
801 756 1091 811 παρεκάλουν.

85 838 117 863 10
225 827 368 880 (196)
410 825 621 868 ἐντεῦθεν
663 823 711 867 δὲ
751 825 895 880 τάφον
933 826 1166 880 ἡτοίμαζον
1204 831 1263 883 τῷ
1302 828 1488 880 βασιλεῖ,
1514 835 1535 866 3

138 900 332 951 μελήσειν
370 892 587 953 Ἀρχελάῳ
629 897 1005 951 πολυτελεστάτην
1051 895 1259 950 γενέσθαι
1300 896 1380 949 τὴν
1423 894 1489 937 ἐκ·

138 968 325 1022 κομιδὴν
357 973 436 1009 τοῦ
467 968 648 1021 πατρός,
685 965 757 1008 καὶ
793 966 935 1008 πάντα
972 968 1049 1008 τὸν
1081 969 1248 1021 κόσμον
1280 968 1489 1021 προκομί-

140 1048 296 1087 σαντος
322 1039 383 1086 εἰς
410 1037 432 1079 ὃ
460 1037 811 1091 συμπομπεύσειε
842 1043 901 1094 τῷ
930 1044 1082 1094 νεκρῷ.
1134 1038 1278 1092 <197>
1311 1035 1488 1091 ἐφέρετο

139 1105 179 1149 δ’
218 1106 287 1149 ἐπὶ
320 1108 471 1162 κλίνης
501 1113 664 1163 χρυσῆς
696 1109 844 1157 λίθοις
881 1107 1138 1150 πολυτελέσι
1169 1107 1242 1150 καὶ
1273 1110 1489 1156 ποικίλοις

27 1216 32 1219 ⁴
87 1190 119 1215 15
140 1177 511 1233 διαπεπασμένης,
554 1181 758 1234 στρωμνή
796 1176 832 1219 τ’
870 1175 926 1232 ἦν
965 1178 1203 1234 ἁλουργής,
1245 1177 1317 1220 καὶ
1356 1175 1490 1232 ἠμπέ-

140 1261 265 1304 σχετο
290 1250 563 1304 πορφυρίσιν
584 1248 607 1291 ὁ
633 1250 788 1304 νεκρὸς
815 1249 1050 1303 διαδήματι
1075 1247 1332 1303 ἠσκημένος,
1359 1248 1490 1302 ὑπερ-

138 1318 342 1374 κειμένου
369 1318 589 1373 στεφάνου
609 1324 792 1374 χρυσοῦ,
819 1321 1040 1374 σκῆπτρόν
1066 1335 1110 1361 τε
1136 1325 1186 1374 τῇ
1215 1319 1335 1375 δεξιᾷ
1353 1333 1490 1374 παρα-

139 1392 352 1444 κείμενον.
414 1388 558 1442 <198>
591 1388 690 1445 περὶ
730 1386 778 1431 δὲ
815 1390 895 1443 τὴν
926 1393 1082 1444 κλίνην
1121 1391 1166 1432 οἵ
1193 1388 1239 1432 θ’
1277 1390 1387 1438 υἱεῖς
1418 1387 1490 1430 καὶ

140 1461 188 1502 τὸ
219 1463 390 1513 πλῆθος
420 1456 476 1514 ἧν
507 1467 595 1501 τῶν
622 1466 868 1514 συγγενῶν·
908 1459 977 1501 ἐπὶ
1004 1457 1052 1501 δὲ
1078 1461 1250 1510 τούτοις
1281 1462 1329 1502 τὸ
1363 1471 1490 1514 στρα-

88 1543 122 1568 20
142 1532 344 1573 τιωτικὸν
376 1528 469 1571 κατ’
508 1532 646 1572 οἰκεῖα
678 1532 788 1585 ἔθνη
821 1528 893 1572 καὶ
934 1532 1230 1586 προσηγορίας
1262 1529 1490 1583 διέκειντο,

141 1600 254 1643 οὕτω
287 1599 574 1655 νεμηθέντες,
609 1609 774 1657 πρῶτοι
807 1599 887 1655 μὲν
920 1602 966 1643 οἱ
996 1602 1263 1656 δορυφόροι,
1305 1601 1410 1655 μετὰ
1443 1597 1491 1642 δὲ

140 1674 189 1714 τὸ
224 1669 440 1728 Θρᾴκιον,
479 1670 548 1713 ἐπὶ
581 1669 629 1713 δὲ
661 1673 833 1721 τούτοις
865 1672 1020 1714 ὁπόσοι
1055 1673 1294 1728 Γερμανοί,
1331 1669 1401 1712 καὶ
1435 1667 1490 1711 αὖ

140 1743 188 1784 τὸ
223 1743 466 1784 Γαλατικὸν
505 1740 594 1796 μετ’
633 1742 814 1795 αὐτούς,
854 1741 900 1783 ἐν
938 1744 1086 1799 κόσμῳ
1124 1742 1281 1791 πάντες
1317 1747 1376 1798 τῷ
1414 1756 1491 1783 πο-

141 1814 415 1870 λεμιστηρίῳ.
479 1812 636 1866 <199>
680 1813 849 1854 τούτων
895 1810 943 1854 δὲ
986 1814 1169 1854 κατόπιν
1212 1813 1297 1866 ἤδη
1341 1818 1424 1861 πᾶς
1468 1812 1490 1854 ὁ

88 1896 121 1921 ‘25
143 1884 323 1939 στρατὸς
355 1883 500 1938 ὥσπερ
534 1881 576 1932 ἐς
607 1884 800 1937 πόλεμον
839 1881 1135 1936 ἐξοδεύοντες,
1172 1882 1257 1924 ὑπὸ
1291 1886 1491 1937 λοχαγῶν

142 1954 350 2009 ἀγόμενοι
375 1952 448 1995 καὶ
474 1960 564 2002 τοῖς
584 1952 892 2008 ταξιαρχοῦσιν
913 1953 1070 1995 αὐτῶν.
1118 1953 1290 2002 τούτοις
1317 1953 1491 1995 εἵποντο

141 2026 421 2067 πεντακόσιοι
453 2031 541 2065 τῶν
574 2025 754 2065 οἰκετῶν
787 2023 1135 2079 ἀρωματοφόροι.
1195 2019 1309 2079 ᾖσαν
1342 2022 1386 2064 δ’
1423 2021 1492 2064 ἐπὶ

136 2093 382 2151 “Ηρωδείου
416 2095 570 2136 στάδια
609 2094 739 2136 ὀκτώ·
789 2095 893 2149 τῇδε
934 2095 1016 2148 γὰρ
1055 2094 1172 2151 αὐτῷ
1211 2093 1414 2147 ἐγένοντο
1448 2093 1496 2134 αἱ

143 2164 276 2221 ταφαὶ
307 2166 538 2220 κελεύματι
569 2170 628 2221 τῷ
662 2164 809 2207 αὐτοῦ.

90 2247 124 2273 30
234 2236 378 2290 (200)
404 2234 607 2292 “Ηρώδης
644 2232 724 2290 μὲν
763 2236 817 2290 δὴ
856 2243 1015 2278 τοῦτον
1056 2234 1254 2277 ἐτελεύτα
1286 2236 1363 2277 τὸν
1394 2235 1490 2289 τρό-
1518 2245 1540 2275 4

238 2320 258 2358 ξ
285 2319 351 2351 196
378 2316 422 2352 cf.
449 2316 542 2352 Bell.
569 2315 648 2351 Iud.
675 2316 691 2349 Ι
716 2320 772 2360 33,
800 2319 831 2350 9.
