1732 2526
261 68 346 109 160
751 68 1114 102 APXAIOAOPIAE

261 175 444 232 ἀνεψιῷ,
475 173 601 217 παιδὶ
631 181 708 230 τῆς
740 175 935 230 ἀδελφῆς
959 173 1165 230 ρΗρώδου
1202 173 1433 228 Σαλώμης.
1466 172 1616 227 <131>

261 244 333 288 καὶ
357 248 579 303 Φασαήλῳ
605 244 685 301 μὲν
712 245 759 288 ἐκ
785 249 1076 300 Σαλαμψιοῦς
1104 248 1332 298 γίγνονται
1363 241 1490 286 πέντε
1516 250 1614 286 παῖ-

263 317 349 369 δες,
384 315 667 373 Ἀντίπατρος
698 315 900 371 Ἡρώδης
934 314 1238 370 Ἀλέξανδρος,
1280 312 1521 370 θυγατέρες
1565 311 1614 356 δὲ

256 385 520 444 Ἀλεξάνδρα
552 386 624 430 καὶ
651 389 846 442 Κύπρος,
871 387 926 441 ἣν
950 384 1188 441 Ἀγρίππας
1219 393 1349 441 γαμεῖ
1374 385 1396 428 ὁ
1421 383 1614 441 Ἀριστο-

262 459 439 513 βούλου.
512 455 803 512 Ἀλεξάνδραν
837 456 886 500 δὲ
926 464 1058 513 γαμεῖ
1092 455 1172 512 μὲν
1217 459 1369 511 Τίμιος
1400 457 1614 512 Κύπριος,
1652 469 1667 495 5

263 529 375 585 ἀνὴρ
407 536 495 572 τῶν
527 530 786 583 ἀξιολόγων,
816 527 916 584 παρ’
954 525 987 584 ᾧ
1022 529 1075 582 δὴ
1108 526 1180 570 καὶ
1211 529 1391 578 ἄτεκνος
1417 531 1615 585 τελευτᾷ·

263 601 410 655 <132>
443 601 611 657 Κύπρῳ
646 598 685 640 δ’
724 600 767 651 ἐξ
797 599 1009 655 Ἀγρίππα
1048 597 1129 654 μὲν
1167 600 1349 655 ἄρρενες
1386 601 1616 654 γίγνονται

264 672 361 726 δύο,
400 671 643 726 θυγατέρες
682 669 731 714 δὲ
768 678 898 727 τρεῖς,
936 673 1148 726 Βερενίκη
1182 671 1430 727 Μαριάμμη
1469 672 1616 726 Δρού-

265 746 409 784 σιλλα·
433 740 670 797 Ἀγρίππας
696 740 745 784 δὲ
770 741 843 784 καὶ
863 746 1069 798 Δροῦσος
1092 749 1184 792 τοῖς
1203 743 1383 797 ἄρρεσιν
1410 742 1616 797 ὀνόματα,

265 809 327 854 ὧν
372 814 394 855 ὁ
439 816 646 868 Δροῦσος
689 811 793 869 πρὶν
833 812 993 868 ἡβῆσαι
1036 816 1228 869 τελευτᾷ.
1302 812 1448 866 <133>
1500 813 1522 855 ὁ
1569 809 1617 854 δὲ
1638 825 1670 850 10

263 885 404 939 πατὴρ
424 884 593 926 τούτων
609 882 846 940 Ἀγρίππας
865 882 1067 939 ἐτρέφετο
1094 883 1200 938 μετὰ
1219 881 1291 925 καὶ
1312 881 1472 938 ἑτέρων
1492 882 1618 925 ἀδελ-

265 962 379 1009 φῶν,
417 951 624 1011 Ἡρώδου
668 971 714 997 τε
758 953 831 997 καὶ
867 953 1222 1010 Ἀριστοβούλου.
1291 953 1338 996 ἐκ
1380 955 1619 1009 Βερενίκης

264 1024 337 1067 καὶ
376 1026 469 1068 οἵδε
508 1027 661 1076 παῖδες
698 1032 778 1068 τοῦ
815 1024 944 1076 υίέως
975 1024 1181 1081 “Ηρώδου
1218 1031 1298 1067 τοῦ
1336 1025 1546 1080 μεγάλου·
1591 1024 1617 1079 ἡ

266 1094 316 1138 δὲ
347 1099 561 1152 Βερενίκη
584 1097 874 1153 Κοστοβάρου
907 1095 980 1139 καὶ
1000 1097 1218 1151 Σαλώμης
1247 1103 1350 1146 παῖς
1381 1101 1456 1150 τῆς
1477 1094 1618 1151 “Ηρώ-

267 1168 349 1210 δου
388 1167 591 1223 ἀδελφῆς.
653 1169 796 1223 <134>
839 1169 1023 1218 τούτους
1055 1165 1392 1224 Ἀριστόβουλος
1434 1169 1619 1222 νηπίους
1640 1177 1672 1204 15

265 1240 453 1293 θνήσκει
494 1239 635 1281 λιπὼν
678 1239 764 1282 ὑπὸ
808 1245 887 1281 τοῦ
930 1239 1093 1293 πατρὸς
1133 1239 1217 1279 σὺν
1251 1235 1520 1295 Ἀλεξάνδρῳ
1558 1243 1617 1294 τῷ

267 1309 465 1367 ἀδελφῷ,
508 1310 708 1365 καθάπερ
755 1311 999 1366 εἰρήκαμεν.
1067 1309 1310 1364 ἡβήσαντες
1354 1306 1392 1350 δ’
1435 1309 1619 1363 ἄγονται

260 1379 466 1436 τΗρώδης
497 1379 577 1435 μὲν
610 1378 751 1436 οὗτος,
784 1381 807 1423 ὁ
839 1386 918 1423 τοῦ
933 1379 1149 1436 Ἀγρίππα
1182 1379 1387 1434 ἀδελφός,
1412 1380 1619 1435 Μαριάμ-

269 1468 356 1506 μην
387 1451 613 1507 θυγατέρα
641 1450 931 1506 Ὀλυμπιάδος
962 1456 1037 1505 τῆς
1063 1449 1268 1506 Ἡρώδου
1300 1456 1380 1492 τοῦ
1405 1448 1621 1504 βασιλέως

268 1525 492 1578 θυγατρὸς
523 1521 595 1564 καὶ
611 1520 824 1577 Ἰωσήπου
850 1528 929 1565 τοῦ
944 1520 1157 1576 Ἰωσήπου
1184 1520 1395 1577 (ἀδελφὸς
1420 1517 1458 1562 δ’
1491 1517 1620 1571 οὗτος
1639 1532 1674 1558 20

269 1600 348 1636 τοῦ
380 1593 593 1648 βασιλέως
618 1592 860 1650 (Ηρώδου),
893 1593 1038 1648 <135>
1072 1597 1180 1649 ἴσχει
1214 1591 1252 1634 δ’
1287 1591 1328 1643 ἐξ
1356 1591 1489 1646 αὐτῆς
1519 1591 1620 1634 υίὸν

265 1662 616 1721 Ἀριστόβουλον.
693 1666 715 1708 ὁ
761 1663 809 1707 δὲ
852 1666 997 1720 τρίτος
1043 1670 1122 1706 τοῦ
1166 1662 1382 1720 Ἀγρίππα
1431 1661 1622 1718 ἀδελφὸς

269 1734 604 1791 Ἀριστόβουλος
636 1742 767 1790 γαμεῖ
781 1734 992 1790 Ἰωτάπην
1013 1735 1364 1790 Σαμψιγεράμου
1395 1732 1621 1789 θυγατέρα

270 1812 349 1848 τοῦ
385 1805 577 1862 Ἐμεσῶν
620 1807 848 1861 βασιλέως·
898 1807 1100 1862 θυγάτηρ
1145 1804 1187 1848 δ’
1235 1805 1383 1855 αὐτοῖς
1426 1807 1621 1859 γίγνεται

271 1879 411 1933 κωφή,
457 1880 596 1933 ὄνομα
639 1876 711 1920 καὶ
751 1878 856 1934 τῇδε
893 1875 1089 1932 Ἰωτάπη.
1151 1876 1223 1919 καὶ
1266 1877 1370 1918 τάδε
1414 1873 1494 1930 μὲν
1532 1882 1620 1917 τῶν
1640 1884 1673 1911 25

273 1947 473 2004 ἀρρένων
504 1948 649 2004 τέκνα,
687 1949 833 2004 <136>
865 1946 1086 2004 “Ηρωδιὰς
1124 1946 1162 1989 δ’
1209 1947 1354 1989 αὐτῶν
1391 1946 1417 2000 ἡ
1451 1946 1619 2001 ἀδελφὴ

272 2028 473 2074 γαμεῖται
499 2018 676 2076 “Ηρώδῃ
702 2018 909 2075 “Ηρώδου
939 2026 1019 2062 τοῦ
1057 2019 1249 2074 μεγάλου
1286 2018 1426 2072 παιδί,
1465 2017 1512 2067 ὃς
1551 2016 1620 2071 γέ-

271 2107 404 2145 γονεν
437 2090 483 2133 ἐκ
514 2091 786 2147 Μαριάμμης
817 2096 891 2145 τῆς
921 2096 1000 2133 τοῦ
1032 2093 1238 2145 Σίμωνος
1268 2095 1347 2131 τοῦ
1373 2087 1620 2144 ἀρχιερέως,

272 2160 345 2204 καὶ
378 2161 529 2211 αὐτοῖς
549 2162 741 2216 Σαλώμη
769 2163 977 2216 γίγνεται,
1009 2159 1107 2216 μεθ’
1146 2158 1197 2215 ἧς
1227 2160 1302 2209 τὰς
1332 2160 1465 2213 γονὰς
1477 2157 1620 2214 “Ηρω-

274 2233 386 2288 διάς,
418 2232 487 2274 ε’πὶ
520 2233 729 2287 συγχύσει
767 2234 1028 2287 φρονήσασα
1065 2239 1153 2274 τῶν
1190 2232 1405 2286 πατρίων,
1439 2227 1621 2284 “Ηρώδῃ
1639 2238 1673 2265 30

273 2311 472 2358 γαμεῖται
522 2303 708 2359 τάνδρὸς
757 2308 816 2360 τῷ
869 2303 1119 2360 ὁμοπατρίῳ
1164 2302 1360 2359 ἀδελφῷ,
1411 2302 1621 2343 διαστᾶσα
