1732 2526
62 830 95 854 10

34 1183 95 1218 ‚15

61 1535 95 1560 20

63 1886 96 1912 25

63 2239 97 2264 30

587 71 993 105 οΚΤΩΚΑῙΔΕΚΑΤΗ
1381 68 1460 110 191

116 182 224 223 δων·
278 179 364 222 εκαὶ
397 181 478 234 γὰρ
512 179 552 220 εἰ
580 185 655 232 τῆς
687 183 764 231 σῆς
796 177 1004 219 ἐλάττονα
1037 176 1190 230 γέγονε
1224 177 1465 231 δυνάμεως,

115 258 189 306 τῆς
227 250 266 304 γ’
304 251 410 306 ἐμοῦ
448 256 525 292 τοῦ
565 250 794 303 εἰληφότος
832 248 1030 297 διανοίας
1067 263 1111 288 τε
1144 246 1215 288 καὶ
1249 247 1465 298 ἀξιώσεως

115 322 319 377 μείζονα.’
382 320 539 375 <296>
580 318 652 361 καὶ
693 319 715 361 ὁ
748 319 881 368 Γάιος
922 317 1147 372 ἐκπλαγεῖς
1184 319 1262 371 τὴν
1304 318 1463 372 ἀρετὴν

116 393 276 447 αὐτοῦ,
326 393 539 440 πλειόνως
583 387 772 431 ἐνέκειτο
817 390 955 430 εἰπεῖν
998 388 1020 429 ὅ
1065 404 1105 429 τι
1150 387 1357 443 χαρίζοιτ’
1408 388 1463 430 ἂν

116 464 232 519 αὐτῷ
265 464 606 517 παρασχόμενος.
670 460 692 502 ὃ
720 459 772 501 δέ
801 459 1011 514 (ἐπείπερ,
1053 455 1086 500 ὦ
1120 458 1327 511 δέσποτα,
1358 473 1464 513 προ-

115 536 257 590 θυμίᾳ
287 539 338 588 τῇ
371 538 423 588 σῇ
457 533 635 586 δωρεῶν
668 530 791 581 ἄξιον
823 530 1082 585 ἀποφαίνεις
1120 545 1191 584 με,
1231 531 1468 583 αἰτήσομαί

115 615 161 646 σε
195 611 282 645 τῶν
314 601 394 658 μὲν
432 604 492 652 εἰς
531 603 665 656 ὄλβον
703 602 932 656 φερόντων
971 599 1104 642 οὐδὲν
1143 600 1215 641 διὰ
1252 601 1301 641 τὸ
1334 599 1464 654 μεγά-

115 678 199 724 λως
236 689 288 728 με
317 671 634 727 ἐνδιαπρέπειν
673 666 738 722 οἷς
776 672 858 726 ἤδη
898 669 1125 726 παρέσχες·
1176 671 1329 724 <297>
1369 670 1392 711 ὅ
1424 685 1466 711 τι

115 743 157 787 δ’
203 745 258 786 ἄν
303 756 372 787 σοι
418 743 552 794 δόξαν
594 744 856 797 προσποιοίη
902 747 980 784 τοῦ
1025 741 1256 795 εὐσεβοῦς,
1299 738 1371 782 καὶ
1415 741 1463 781 τὸ

114 819 242 857 θεῖον
288 815 515 870 σύμμαχον
561 812 626 868 ἐφ’
679 808 744 862 οἷς
780 814 1013 866 θελήσειας
1050 814 1343 867 παρακαλοιή,
1391 810 1465 852 κά-

115 884 189 941 μοὶ
232 887 340 939 πρὸς
389 885 585 934 εὐκλείας
642 883 814 938 γένοιτο
864 884 981 938 παρὰ
1036 889 1128 932 τοῖς
1183 880 1465 935 πυνθανομέ-

115 973 231 1010 νοις,
277 957 334 1006 ὡς
377 957 565 1010 μηδενὸς
610 951 671 997 ὧν
714 957 960 1010 χρησαίμην
1000 954 1085 996 ὑπὸ
1137 960 1211 1007 τῆς
1267 952 1466 1003 ἐξουσίας

116 1027 292 1082 ἀτυχεῖν
329 1027 500 1069 πώποτε
539 1028 702 1079 γνόντι.
777 1024 881 1075 ἀξιῶ
921 1024 1003 1080 γάρ
1049 1035 1095 1065 σε
1139 1030 1218 1065 τοῦ
1258 1022 1466 1078 ἀνδριάν-

115 1110 188 1148 τος
224 1099 304 1152 τὴν
343 1097 583 1150 ἀνάθεσιν,
633 1097 687 1150 ἣν
730 1098 1001 1150 ποιήσασθαι
1051 1095 1242 1143 κελεύεις
1292 1093 1466 1147 Πετρώ-

116 1184 214 1211 νιον
252 1169 313 1218 εἰς
345 1170 393 1210 τὸ
421 1166 652 1209 Ἰουδαίων
691 1167 826 1220 ἱερόν,
867 1164 1017 1220 μηκέτι
1058 1164 1342 1219 προστάττειν
1376 1164 1465 1204 δια-

114 1239 347 1282 νοεῖσθαι.’

203 1311 346 1364 (298)
379 1308 451 1352 καὶ
483 1309 505 1351 ὃ
539 1307 634 1363 μέν,
666 1309 820 1363 καίπερ
854 1307 1139 1349 ἐπικίνδυνον
1171 1312 1300 1348 τοῦτο
1332 1305 1464 1359 ἡγού-

114 1397 245 1436 μενος
277 1380 337 1438 (εί
365 1381 448 1435 γὰρ
481 1381 538 1434 μὴ
571 1380 740 1422 πιθανὰ
773 1381 916 1434 ἔκρινε
949 1378 1100 1431 Γάιος,
1133 1374 1266 1419 οὐδὲν
1299 1377 1405 1418 ἄλλο
1438 1375 1464 1430 ἢ

115 1454 175 1502 εἰς
216 1452 415 1494 θάνατον
456 1449 632 1506 ἔφερεν)
675 1451 748 1492 διὰ
789 1451 836 1492 τὸ
876 1449 1042 1504 μεγάλα
1079 1450 1272 1501 νομίζειν
1309 1462 1354 1488 τε
1392 1444 1465 1488 καὶ

115 1519 244 1576 εἶναι,
268 1523 407 1577 κύβον
434 1521 718 1577 ἀναρριπτεῖν
744 1522 822 1563 τὸν
849 1516 914 1562 ἐπ’
944 1520 1093 1569 αὐτοῖς
1118 1517 1278 1574 ᾑρεῖτο.
1319 1517 1465 1571 <299>

117 1593 249 1642 Γάιος
282 1590 320 1634 δ’
354 1593 441 1647 ἅμα
472 1599 522 1647 τῇ
548 1592 763 1647 θεραπεία
794 1597 873 1633 τοῦ
895 1588 1109 1645 Ἀγρίππα
1143 1586 1465 1643 ἐνειλημμένος,

115 1662 186 1705 καὶ
228 1664 370 1712 ἄλλως
410 1660 596 1716 ἀπρεπὲς
636 1661 963 1716 ὑπολαμβάνων
1009 1659 1077 1702 ἐπὶ
1121 1660 1314 1702 τοσῶνδε
1358 1674 1466 1713 μαρ-

115 1735 261 1788 τύρων
300 1734 465 1787 ψευδὴς
502 1732 711 1787 γενέσθαι
751 1731 850 1787 περὶ
889 1728 951 1773 ὧν
991 1732 1233 1786 προθύμως
1274 1729 1464 1784 ἐβιάζετο

116 1806 336 1846 αἰτεῖσθαι
379 1805 456 1846 τὸν
495 1802 758 1859 Ἀγρίππαν,
806 1803 911 1857 μετὰ
954 1808 1034 1844 τοῦ
1078 1800 1198 1852 ὀξέος
1241 1799 1465 1856 μεταμέλῳ

115 1876 352 1930 χρώμενος,
381 1874 526 1928 <300>
556 1875 644 1929 ἅμα
676 1870 724 1915 δὲ
743 1879 822 1915 τοῦ
844 1871 1057 1927 Ἀγρίππα
1083 1872 1162 1926 τὴν
1189 1870 1328 1926 ἀρχὴν
1353 1874 1466 1912 θαυ-

117 1946 275 2001 μάσας,
301 1945 427 2000 (ὅτι)
456 1944 503 1986 ἐν
530 1944 663 2001 ὀλίγῳ
690 1941 990 2000 (ποιούμενος)
1018 1941 1166 1992 αὔξειν
1192 1942 1274 1995 τὴν
1299 1942 1466 1983 οἰκείαν

117 2016 277 2071 ἀρετὴν
308 2017 405 2070 ἤτοι
435 2015 674 2069 προσόδοις
704 2014 936 2069 χρημάτων
968 2013 993 2068 ἢ
1027 2014 1135 2068 ἄλλῃ
1170 2012 1354 2066 δυνάμει
1386 2017 1465 2053 τοῦ

117 2093 270 2130 κοινοῦ
289 2093 364 2141 τῆς
382 2086 599 2140 εὐθυμίας
620 2084 879 2139 ἐπεμελεῖτο,
898 2084 1154 2139 πρεσβεύων
1173 2084 1277 2132 τοὺς
1302 2084 1466 2136 νόμους

117 2157 189 2199 καὶ
220 2158 268 2199 τὸ
300 2161 445 2211 θεῖον,
477 2163 715 2212 συγχωρεῖ,
745 2154 818 2197 καὶ
849 2155 1010 2210 γράφει
1040 2155 1148 2208 πρὸς
1180 2154 1256 2195 τὸν
1289 2153 1465 2207 Πετρώ-

117 2243 238 2282 νιον,
269 2224 440 2270 ἐκεῖνόν
471 2242 514 2269 τε
547 2233 621 2281 τῆς
652 2226 899 2280 ἀθροίσεως
930 2231 1008 2267 τοῦ
1041 2224 1360 2279 στρατεύματος
1393 2222 1465 2264 ἐπ-

119 2305 257 2340 αινῶν
293 2296 366 2340 καὶ
403 2304 481 2341 τοῦ
518 2298 626 2353 πρὸς
663 2296 798 2339 αὐτὸν
829 2294 928 2351 περὶ
965 2296 1109 2338 αὐτῶν
1142 2294 1466 2342 ἐπεσταλκότος.
