1732 2526
34 821 67 846 10

0 1173 66 1199 '15

33 1527 66 1553 20

31 1879 65 1905 25

30 2231 64 2256 30

709 66 823 98 13102
1356 65 1440 106 327

91 172 444 227 παρελάμβανον,
475 169 547 212 καὶ
580 171 684 225 μετὰ
718 172 892 225 γνώμης
923 177 998 225 τῆς
1031 171 1211 214 ἐκείνων
1238 173 1312 222 τὰς
1339 172 1444 215 ἀπο-

91 243 244 298 φάσεις
277 241 532 296 ἐποιούμην,
565 242 670 295 μήτε
702 243 938 297 προπετείᾳ
964 243 1235 296 πειρώμενος
1267 250 1345 285 τοῦ
1379 245 1444 285 δι-

89 315 218 355 καιόυ
259 311 591 367 διαμαρτάνειν,
629 312 895 366 καθαρεύειν
934 327 978 353 τε
1016 314 1179 362 παντὸς
1212 313 1259 354 ἐν
1292 313 1442 363 αὐταῖς

89 386 321 438 λήμματος.
377 382 490 436 <8Ο>
523 380 622 437 περὶ
654 384 914 436 τριακοστὸν
946 389 1056 436 γοῦν
1090 385 1184 432 ἔτος
1217 384 1440 439 ὑπάρχων,

89 452 137 495 ἐν
175 449 208 510 ᾧ
248 455 414 511 χρόνῳ,
458 452 540 494 κᾶν
579 451 790 508 ἀπέχηταί
824 469 888 502 τις
925 460 1012 494 τῶν
1049 456 1319 508 παρανόμων
1352 454 1441 496 ἐπι-

87 528 288 579 θυμιῶν,
329 524 548 566 δύσκολον
587 524 661 572 τὰς
695 523 741 564 ἐκ
773 529 851 565 τοῦ
884 526 1063 578 φθόνου
1097 525 1306 578 διαβολὰς
1337 526 1442 580 φεύ-

87 610 198 648 γειν,
229 595 371 643 ἄλλως
397 609 440 636 τε
466 593 538 635 καὶ
566 592 629 635 ἐπ’
663 593 861 644 ἐξουσίας
887 595 992 636 ὄντα
1020 595 1222 649 μεγάλης,
1255 603 1442 648 γυναῖκα

86 662 167 719 μὲν
198 660 343 706 πᾶσαν
375 664 645 719 ἀνύβριστον
677 663 886 719 ἐφύλαξα,
918 665 1094 707 πάντων
1126 663 1173 707 δὲ
1200 673 1287 707 τῶν
1321 667 1441 708 διδο-

86 734 233 790 μένων
278 736 335 785 ὡς
378 736 436 790 μὴ
481 733 651 791 χρῄζων
695 737 1020 790 κατεφρόνησα·
1071 734 1169 777 ἀλλ’
1219 734 1323 778 οὐδὲ
1367 737 1442 786 τὰς

88 805 375 860 ὀφειλομένας
414 822 487 860 μοι
526 806 583 855 ὡς
617 806 726 861 ἱερεῖ
761 806 943 855 δεκάτας
981 805 1293 861 ἀπελάμβανον
1324 809 1440 861 παρὰ

85 883 174 918 τῶν
205 878 486 931 κομιζόντων.
544 876 659 930 <81>
693 876 740 918 ἐκ
766 875 914 930 μέντοι
941 885 1029 918 τῶν
1056 878 1268 931 λαφύρων
1295 877 1440 934 μέρος,

85 949 188 996 τοὺς
220 948 398 1002 Σύρους
435 949 539 997 τοὺς
575 947 650 997 τὰς
687 946 810 1002 πέριξ
851 949 1000 997 πόλεις
1031 954 1344 998 κατοικοῦντας
1375 966 1441 991 νι-

85 1019 236 1072 κήσας,
269 1019 448 1072 ἔλαβον,
491 1018 517 1059 ἃ
550 1016 621 1059 καὶ
654 1019 715 1067 εἰς
750 1020 1024 1073 Ιεροσόλυμα
1056 1026 1147 1068 τοῖς
1179 1018 1440 1074 συγγενέσιν

86 1089 287 1142 ὁμολογῶ
319 1087 608 1143 πεπομφέναι.
671 1089 786 1143 <82>
819 1088 891 1130 καὶ
931 1088 999 1138 δὶς
1030 1087 1110 1143 μὲν
1142 1090 1250 1131 κατὰ
1282 1091 1440 1145 κράτος

87 1157 200 1201 ἑλὼν
232 1160 543 1212 Σεπφωρίτας,
583 1160 795 1212 Τιβεριεῖς
827 1155 875 1199 δὲ
907 1158 1115 1212 τετράκις,
1148 1160 1364 1214 Γαδαρεῖς
1396 1158 1436 1201 δ’

84 1228 220 1283 ἅπαξ,
257 1227 328 1270 καὶ
360 1229 437 1270 τὸν
464 1226 677 1282 Ἰωάννην
715 1228 925 1278 πολλάκις
957 1228 1333 1283 ἐπιβουλεύσαντά
1365 1247 1439 1285 μοι

85 1301 234 1354 λαβὼν
260 1299 530 1355 ὑποχείριον,
563 1297 654 1341 οὔτ’
686 1299 822 1341 αὐτὸν
849 1300 948 1341 οὔτε
975 1300 1097 1349 τινὰς
1121 1308 1209 1341 τῶν
1235 1315 1439 1356 προειρη-

85 1371 231 1425 μένων
263 1370 411 1412 ἐθνῶν
444 1370 800 1425 ἐτιμωρησάμην,
838 1370 896 1419 ὡς
932 1371 1101 1426 προῖὼν
1141 1372 1163 1413 ὁ
1197 1374 1328 1424 λόγος
1359 1386 1439 1413 πα-

85 1443 304 1496 ραστήσει.
360 1441 475 1495 <83>
508 1441 581 1482 διὰ
614 1439 729 1483 τοῦτ’
762 1438 883 1495 οἶμαι
908 1439 980 1482 καὶ
1008 1441 1086 1483 τὸν
1110 1444 1221 1483 θεόν
1255 1441 1328 1485 (οὐ
1355 1443 1438 1498 γὰρ

86 1514 328 1566 λελήθασιν
360 1511 495 1553 αὐτὸν
529 1512 574 1553 οἱ
601 1512 652 1553 τὰ
686 1510 842 1553 δέοντα
867 1511 1148 1568 πράττοντες)
1182 1511 1252 1554 καὶ
1287 1512 1332 1554 ἐκ
1364 1519 1439 1567 τῆς

86 1582 267 1624 ἐκείνων
300 1582 528 1637 ῥύσασθαί
556 1597 606 1636 με
640 1584 804 1637 χειρός,
847 1580 919 1623 καὶ
958 1583 1063 1636 μετὰ
1094 1588 1230 1624 ταῦτα
1261 1587 1439 1633 πολλοῖς

85 1654 375 1707 περιπεσόντα
413 1653 639 1702 κινδύνοις
677 1652 953 1707 διαφυλάξαι.
1012 1651 1113 1708 περὶ
1152 1650 1214 1695 ὧν
1251 1654 1437 1709 ὕστερον

85 1723 427 1778 ἀπαγγελοῦμεν.

176 1794 292 1848 <84>
323 1794 510 1848 τοσαύτη
545 1792 583 1835 δ’
622 1791 675 1848 ἦν
708 1794 732 1848 ἡ
772 1796 880 1849 πρός
917 1809 968 1848 με
1006 1801 1085 1836 τοῦ
1116 1795 1318 1848 πλήθους
1349 1803 1438 1837 τῶν
1466 1807 1508 1839 16

88 1867 336 1908 Γαλιλαίων
369 1865 521 1906 εὔνοια
553 1863 625 1906 καὶ
656 1867 799 1914 πίστις
832 1865 960 1917 ὥστε,
1002 1868 1259 1919 ληφθεισῶν
1291 1866 1437 1907 αὐτῶν

83 1937 191 1979 κατὰ
232 1935 390 1991 κράτος
429 1941 519 1976 τῶν
558 1936 752 1988 πόλεων,
796 1942 1020 1988 γυναικῶν
1065 1932 1113 1976 δὲ
1157 1934 1228 1977 καὶ
1272 1935 1436 1978 τέκνων

84 2004 551 2061 ἀνδραποδισθέντων,
585 2005 663 2060 οὐχ
690 2005 804 2047 οὕτω
832 2012 926 2055 ταῖς
952 2004 1120 2047 ἑαυτῶν
1146 2005 1436 2057 ἐπεστέναξαν

84 2084 332 2132 συμφοραῖς
358 2077 501 2131 ὥσπερ
528 2081 603 2128 τῆς
630 2075 733 2130 ἐμῆς
760 2075 1026 2131 ἐφρόντισαν
1052 2079 1277 2132 σωτηρίας.
1319 2078 1436 2132 <85>

83 2155 219 2190 ταῦτα
257 2146 294 2189 δ’
340 2148 458 2202 ὁρῶν
492 2144 697 2201 Ἰωάννης
735 2145 976 2202 ἐφθόνησε·
1020 2146 1092 2189 καὶ
1129 2149 1289 2203 γράφει
1326 2151 1437 2203 πρός

84 2235 135 2274 με
167 2221 432 2273 παρακαλῶν
465 2216 691 2272 ἐπιτρέψαι
722 2218 956 2271 καταβάντι
983 2220 1232 2273 χρήσασθαι
1265 2226 1355 2268 τοῖς
1386 2218 1435 2260 ἐν

179 2304 198 2342 ξ
225 2302 270 2333 84
296 2298 341 2334 cf.
368 2298 460 2333 Bell.
486 2297 564 2333 Iud.
591 2297 625 2331 Π
651 2301 706 2341 21,
734 2302 765 2333 6.

1473 397 1512 428 15
