1732 2526
233 50 316 91 166
722 51 1087 88 ΑΡΧΑΙΟΛΟΓΙΑΣ

232 158 380 212 φιλίας
418 158 475 212 μὴ
515 156 699 212 ἁμάρτοι
737 164 813 212 τῆς
849 160 957 213 πρὸς
1000 157 1213 214 Τιβέριον.
1268 159 1433 224 ι<165>
1471 158 1496 213 ἣ
1537 157 1610 208 δὲ,

231 230 469 283 Βερενίκης
506 243 551 270 τε
588 230 735 284 μνήμῃ
774 234 848 283 τῆς
886 231 1047 284 μητρὸς
1088 230 1224 272 αὐτοῦ
1267 228 1461 284 (σφόδρα
1502 230 1584 284 γὰρ

232 297 440 352 ἀλλήλαις
480 294 669 354 ἐχρῶντο
708 300 802 341 αἵδε
842 300 891 341 αἱ
924 298 1170 357 γυναῖκες),
1213 297 1286 341 καὶ
1326 299 1443 356 αὐτῷ
1483 299 1585 354 ὁμο-

230 371 414 424 τροφίας
439 370 548 425 πρὸς
573 372 676 420 τοὺς
701 369 811 425 ἀμφὶ
837 371 1066 413 Κλαύδιον
1093 368 1399 425 γεγενημένης,
1429 371 1584 412 δίδωσι

230 439 486 496 τάργύριον,
513 439 585 482 καὶ
612 440 729 498 αὐτῷ
757 440 1012 483 ἀποτίσαντι
1038 443 1086 484 τὸ
1113 440 1239 497 χρέος
1265 440 1586 491 ἀνεπικώλυτος

231 507 288 565 ’ἧν
319 511 345 565 ἡ
379 512 505 566 φιλία
537 517 616 553 τοῦ
655 514 871 567 Τιβερίου.
935 512 1081 566 <166>
1119 508 1252 561 αὖθις
1284 510 1324 553 δ’
1360 511 1475 568 αὐτῷ
1515 514 1586 553 Τι-

230 580 378 637 βέριος
404 581 426 624 ὁ
447 584 620 637 Καῖσαρ
648 584 906 636 συνίστησιν
926 583 1093 625 υἶωνὸν
1118 584 1196 625 τὸν
1216 583 1367 638 αὑτοῦ,
1392 583 1585 625 κελεύων

230 653 283 694 τὰ
314 653 456 695 πάντα
488 652 625 695 αὐτοῦ
657 659 751 703 ταῖς
783 652 949 703 ἐξόδοις
989 654 1352 710 παρατυγχάνειν.
1410 652 1583 710 Ἀγρίπ-

229 737 314 773 πας
347 721 395 764 δὲ
426 725 553 780 φιλία
586 722 761 778 δεχθεὶς
792 723 877 766 ὑπὸ
915 729 991 778 τῆς
1016 722 1268 777 Ἀντωνίας,
1306 724 1413 765 κατὰ
1449 728 1583 779 θερα-

228 796 357 836 πειάν
389 793 588 849 τρέπεται
619 794 699 848 τὴν
733 796 774 835 Γ
770 796 884 848 αΐου,
917 794 1085 836 υἱωνοῦ
1117 790 1153 836 τ’
1191 796 1318 844 ὄντος
1349 794 1482 849 αὐτῆς
1512 793 1583 836 καὶ

229 865 383 922 εὐνοία
420 871 500 907 τοῦ
536 866 698 920 πατρὸς
736 866 798 915 εἰς
833 866 886 906 τὰ
923 873 1074 921 πρῶτα
1111 864 1370 920 τιμωμένου.
1440 866 1584 919 <167>

229 935 302 978 καὶ
330 936 383 991 δή
410 952 475 986 τις
500 933 555 991 ἧν
584 936 755 986 Θάλλος
781 938 1015 991 Σαμαρεὺς
1040 938 1089 978 τὸ
1116 935 1257 991 γένος,
1289 937 1513 991 Καίσαρος
1539 935 1577 977 δ’

230 1005 547 1063 ἀπελεύθερος·
593 1007 711 1063 παρὰ
742 1007 902 1050 τούτου
936 1007 1149 1062 δάνεισμα
1180 1007 1397 1062 μυριάδας
1429 1005 1584 1050 ἑκατὸν

229 1078 467 1133 εὑρόμενος
509 1084 560 1133 τῇ
605 1075 640 1119 τ’
688 1076 901 1134 Ἀντωνίᾳ
945 1078 1206 1133 καταβάλλει
1250 1079 1298 1120 τὸ
1343 1076 1583 1133 ὀφειληθὲν

228 1147 373 1204 χρέος,
412 1146 484 1190 καὶ
516 1156 604 1190 τῶν
636 1152 803 1191 λοιπῶν
835 1155 893 1206 τῷ
927 1148 1179 1204 ἀναλώματι
1210 1150 1474 1204 θεραπεύων
1506 1151 1583 1192 τὸν

228 1219 366 1261 Γάιον
399 1221 606 1274 μειζόνως
639 1218 685 1261 ἐν
719 1219 928 1274 ἀξιώματι
958 1217 1015 1274 ἦν
1046 1218 1146 1275 παρ’
1184 1220 1312 1277 αὐτῷ.

319 1290 476 1344 <168>
518 1290 760 1345 προϊούσης
805 1287 843 1331 δ’
889 1289 958 1332 ἐπὶ
1002 1290 1112 1345 μέγα
1155 1296 1214 1347 τῷ
1252 1289 1467 1348 Ἀγρίππᾳ
1510 1297 1585 1345 τῆς

229 1361 338 1417 πρὸς
366 1361 504 1403 Γάιον
530 1362 696 1415 φιλίας,
729 1360 1046 1416 αἰωρουμένοις
1076 1359 1182 1404 ποτὲ
1213 1363 1344 1415 λόγος
1374 1360 1473 1417 περὶ
1505 1368 1584 1404 τοῦ

239 1433 444 1486 Τιβερίου
477 1433 693 1486 γίγνεται,
731 1429 803 1472 καὶ
835 1438 914 1474 τοῦ
941 1430 1157 1486 Ἀγρίππα
1194 1431 1286 1474 κατ’
1324 1432 1453 1488 εὐχὰς
1483 1449 1584 1488 τρα-

228 1500 424 1557 πομένου
451 1501 592 1558 (μόνω
621 1500 659 1543 δ’
685 1500 842 1558 ἤστην)
869 1497 895 1558 ᾖ
923 1503 1050 1558 τάχος
1082 1501 1286 1558 Τιβέριον
1308 1503 1582 1546 ὑπεκστάντα

229 1579 304 1627 τῆς
338 1571 472 1628 ἀρχῆς
504 1574 546 1613 Γ
543 1574 623 1629 αΐῳ
655 1579 934 1628 παραχωρεῖν
968 1571 1185 1630 ἀξιωτέρῳ
1216 1575 1268 1615 τὰ
1305 1573 1433 1616 πάντ’
1473 1576 1582 1630 ὄντι,

229 1643 397 1684 τούτων
430 1641 639 1698 ἀκροᾶται
671 1650 758 1684 τῶν
792 1645 936 1697 λόγων
962 1644 1176 1699 Εὔτυχος·
1215 1642 1430 1700 Ἀγρίππα
1457 1643 1497 1687 δ’
1527 1642 1583 1700 ἦν

230 1711 526 1768 ἀπελεύθερος
551 1712 623 1755 καὶ
649 1713 836 1769 ἡνίοχος.
885 1713 957 1756 καὶ
982 1720 1244 1770 παραχρῆμα
1270 1713 1351 1770 μὲν
1378 1723 1477 1772 σιγῇ
1503 1731 1583 1758 πα-

230 1784 428 1839 ρεδίδου·
468 1784 611 1839 <169>
643 1788 807 1838 κλοπῆς
840 1782 881 1826 δ’
915 1785 1098 1840 ἱματίων
1125 1785 1242 1843 αὐτῷ
1269 1793 1348 1829 τοῦ
1370 1785 1582 1841 Ἀγρίππα

229 1853 574 1909 ἐπικαλουμένης
608 1853 697 1909 (καὶ
730 1854 919 1911 ἀκριβῶς
953 1854 990 1897 δ’
1030 1855 1275 1914 ἐκεκλόφει)
1314 1858 1471 1912 φυγὼν
1508 1856 1579 1900 καὶ

229 1927 437 1979 ληφθείς,
479 1925 652 1979 ἀγωγῆς
684 1926 820 1968 αὐτοῦ
859 1925 928 1968 ἐπὶ
961 1929 1146 1969 Πίσωνα
1178 1927 1417 1983 γενομένης
1448 1927 1495 1978 ὃς
1525 1925 1582 1983 ἦν

228 1995 370 2050 φύλαξ
413 2001 488 2050 τῆς
527 1997 715 2050 πόλεως,
761 1995 974 2052 ἐρομένου
1016 1999 1096 2052 τὴν
1140 1986 1283 2040 αἰτίαν
1324 2004 1399 2052 τῆς
1439 2005 1582 2053 φυγῆς

228 2067 424 2120 Καίσαρί
463 2078 599 2121 φησιν
645 2065 921 2123 ἀπορρήτους
965 2069 1080 2122 ἔχειν
1123 2070 1283 2122 λόγους
1326 2070 1464 2111 εἰπεῖν
1511 2068 1578 2112 ἐπ’

228 2134 445 2192 ἀσφαλείᾳ
482 2142 559 2190 τῆς
597 2139 811 2192 σωτηρίας
849 2138 985 2180 αὐτοῦ
1023 2137 1259 2194 φέροντας,
1298 2139 1405 2181 ὥστε
1444 2140 1582 2194 δήσας

1608 439 1639 481 ’5

1607 810 1639 835 10

1604 1164 1637 1190 15

1602 1519 1637 1545 20

1602 1871 1636 1897 25

229 2206 365 2248 αὐτὸν
411 2208 609 2249 ἔστελλεν
655 2208 716 2257 εἰς
760 2208 834 2257 τὰς
878 2208 1092 2263 Καπρέας.
1156 2208 1227 2251 καὶ
1278 2208 1476 2265 Τιβέριος
1512 2216 1578 2267 ’τῷ
1599 2224 1633 2249 30

323 2291 341 2329 g
371 2291 436 2322 166
465 2287 509 2323 cf.
536 2288 629 2325 Bell.
655 2288 732 2323 Iud.
760 2288 793 2322 ΙΙ
820 2292 850 2333 9,
879 2294 909 2324 6.
