1732 2526
214 64 268 104 74
703 66 1066 99 ΑΡΧΑΙΟΛΟΓΙΑΣ

210 178 377 227 κυροῦν
422 172 503 214 οὐκ
547 171 796 227 ἀπήλλακτο
842 171 1060 227 ἐξουσίας,
1105 172 1474 229 ἐπικεχωρηκότος
1516 190 1561 216 τε

210 248 288 284 τοῦ
319 244 482 298 πατρὸς
514 242 658 285 ε’λπίδι
685 243 859 293 εὐνοίας
890 242 962 285 καὶ
987 246 1187 298 πίστεως,
1219 243 1291 286 καὶ
1321 242 1576 300 περαιτέρω·

209 318 398 355 κτᾶσθαι
434 315 515 368 τὴν
554 312 619 356 ἐπ’
662 314 810 364 αὐτοῖς
851 314 1057 364 ἐξουσίαν
1095 316 1313 371 τολμηρὸς
1351 315 1562 357 καθιστά-

209 400 342 439 μενος
373 386 446 426 διὰ
477 387 525 428 τὸ
558 386 720 440 ἄδηλος
752 392 811 442 τῷ
849 384 979 437 πατρὶ
1011 382 1125 427 εἶναι
1163 392 1423 441 κακουργῶν
1454 383 1557 440 κάφ’

210 449 276 505 οἷς
314 459 427 498 εἴποι
465 458 733 506 πιστότατος.
798 456 913 510 <33>
952 452 1007 510 ἦν
1048 471 1091 497 τε
1123 462 1229 497 πᾶσι
1260 458 1450 511 φοβερὸς
1482 456 1561 512 οὐχ
1599 468 1615 493 5

209 526 349 576 οὕτως
381 528 497 582 ἰσχύι
529 533 605 581 τῆς
637 526 837 577 ἐξουσίας
866 527 924 576 ὡς
954 532 1034 568 τοῦ
1065 529 1339 581 κακοτρόπου
1371 533 1429 584 τῷ
1457 542 1562 581 προ-

208 602 354 651 μηθεῖ.
416 597 601 652 μάλιστα
647 596 685 639 δ’
737 597 873 639 αὐτὸν
919 598 1129 653 Φερώρας
1178 597 1439 653 ἐθεράπευε,
1490 597 1563 640 καὶ

207 667 583 723 ἀντεθεραπεύετο
623 669 799 722 δεινῶς,
839 668 956 710 πάνυ
998 674 1077 710 τοῦ
1111 667 1401 725 Ἀντιπάτρου
1442 683 1562 723 περι-

207 742 510 795 στοιχίσαντος
546 739 682 781 αὐτὸν
703 737 792 780 [καὶ
829 740 910 793 τὴν
952 747 1266 792 γυναικωνῖτιν
1305 739 1562 794 συνισταμέ-

206 825 289 851 νου
321 811 373 851 τὰ
410 811 520 865 πρὸς
557 810 704 852 αὐτόν.
766 810 881 864 <34>
920 809 1190 852 ἐδεδούλωτο
1229 811 1312 865 γὰρ
1353 812 1563 866 Φερώρας
1584 823 1616 847 10

206 887 368 936 γαμετῇ
410 897 455 923 τε
495 880 565 923 καὶ
609 879 738 936 μητρὶ
779 881 938 935 ταύτης
974 879 1047 922 καὶ
1085 880 1274 936 ἀδελφῇ,
1317 880 1391 923 καὶ
1427 887 1562 923 ταῦτα

206 959 348 1005 μισῶν
381 952 456 1001 τὰς
492 951 760 1007 ἀνθρώπους
796 952 923 1007 ὕβρει
955 949 1082 1008 (τῶν)
1120 951 1383 1006 θυγατέρων
1424 953 1562 995 αὐτοῦ

205 1021 462 1077 παρθένων·
513 1021 608 1064 ἀλλ’
646 1023 762 1077 ὅμως
792 1023 1004 1077 ἠνείχετο,
1035 1022 1243 1077 πράττειν
1275 1021 1310 1064 τ’
1344 1020 1477 1065 οὐδὲν
1505 1020 1561 1077 ἧν

206 1093 306 1147 δίχα
346 1101 434 1135 τῶν
475 1102 699 1147 γυναικῶν
744 1093 1152 1148 ἐκπεριωδευκυιῶν
1196 1094 1274 1136 τὸν
1318 1094 1561 1148 ἄνθρωπον
1612 1129 1618 1130 ff

205 1162 278 1205 καὶ
311 1164 519 1218 ἀλλήλαις
550 1165 704 1221 εὐνοία
737 1164 1033 1219 συμπράττειν
1064 1166 1116 1206 τὰ
1153 1165 1294 1206 πάντα
1333 1165 1391 1219 μὴ
1424 1164 1559 1219 ἀπηλ-
1581 1176 1613 1201 15

205 1235 456 1290 λαγμένων,
490 1237 603 1290 <35>
636 1236 744 1277 ὥστε
776 1238 995 1285 παντοίως
1028 1235 1049 1277 ὁ
1077 1234 1360 1290 Ἀντίπατρος
1391 1236 1559 1290 ὑπῆκτο

204 1307 352 1361 αὐτάς,
385 1306 455 1348 καὶ
491 1305 548 1348 δι’
586 1306 724 1348 αὑτοῦ
756 1305 827 1348 καὶ
861 1307 934 1347 διὰ
965 1312 1040 1360 τῆς
1066 1308 1245 1361 μητρός·
1283 1305 1444 1348 ταύτὸν
1476 1307 1559 1362 γὰρ

205 1378 300 1419 αἵδε
342 1378 390 1418 αἱ
427 1376 624 1431 τέτταρες
664 1384 868 1431 γυναῖκες
908 1378 1074 1430 ἔλεγον.
1137 1378 1324 1433 Φερώρᾳ
1365 1375 1413 1418 δὲ
1450 1379 1560 1433 πρὸς

201 1447 486 1501 Ἀντίπατρον
520 1446 582 1489 ἐπ’
622 1448 882 1502 οὐδαμινοῖς
918 1459 1034 1489 τισιν
1075 1448 1124 1488 αἱ
1152 1455 1323 1502 γνῶμαι
1357 1449 1559 1502 διήλλατ-

203 1536 292 1562 τον.
349 1520 464 1573 <36>
490 1519 765 1573 ἀντίσπασμα
798 1516 837 1559 δ’
868 1516 925 1572 ἣν
952 1518 1102 1568 αὐτοῖς
1127 1517 1341 1573 βασιλέως
1373 1518 1558 1574 ἀδελφή,
1578 1530 1612 1555 20

202 1590 531 1645 περισκοποῦσά
568 1585 605 1631 τ’
649 1589 694 1631 ἐκ
731 1592 935 1639 πλείονος
972 1590 1024 1630 τὰ
1062 1589 1225 1644 πάντα,
1263 1588 1335 1631 καὶ
1373 1591 1454 1645 τὴν
1486 1591 1558 1632 εὔ-

202 1678 331 1703 νοιαν
375 1661 520 1703 αὐτῶν
565 1659 636 1702 ε’πὶ
678 1668 829 1710 κακοῖς
871 1667 961 1710 τοῖς
997 1659 1204 1716 (Ηρώδου
1253 1659 1557 1716 πραττομένην

203 1733 347 1774 εἰδυῖά
377 1748 423 1774 τε
455 1730 527 1774 καὶ
559 1732 745 1786 μηνύειν
786 1731 866 1773 οὐκ
903 1731 1274 1787 ἀποτετραμμένη.
1336 1732 1451 1786 <37>
1482 1731 1556 1774 καὶ

202 1806 382 1858 γνόντες
409 1803 456 1845 ἐν
483 1802 697 1859 ἀπεχθείᾳ
721 1805 898 1856 βασιλεῖ
920 1803 1000 1856 τὴν
1025 1803 1206 1845 εὔνοιαν
1232 1802 1378 1844 αὐτῶν
1406 1799 1555 1845 οὖσαν.

202 1875 459 1917 ἐπινοοῦσιν
492 1875 601 1915 ὥστε
633 1874 832 1929 φανερὰν
869 1870 950 1928 μὲν
988 1874 1046 1928 μὴ
1084 1870 1199 1915 εἶναι
1229 1874 1310 1928 τὴν
1340 1874 1450 1929 πρὸς
1481 1872 1555 1915 ἀλ-
1576 1884 1610 1910 25

203 1948 364 2000 λη’λους
402 1945 548 1987 αὐτῶν
586 1945 800 1998 σύνοδον,
842 1947 998 1998 μίσους
1035 1942 1084 1985 δὲ
1121 1943 1193 1986 καὶ
1231 1945 1469 2000 λοιδοριῶν
1501 1942 1555 1987 οὗ

201 2018 353 2072 καιρὸς
394 2018 708 2071 προσποίησιν,
752 2014 831 2057 καῖ
869 2015 1055 2069 μάλιστα
1086 2013 1292 2070 “Ηρώδου
1335 2029 1556 2070 παρατυγ-

202 2088 414 2143 χάνοντος
454 2087 480 2141 ἢ
522 2091 566 2128 εἴ
599 2103 664 2136 τις
703 2087 813 2140 πρὸς
853 2086 990 2128 αὐτὸν
1029 2085 1319 2140 ἀπαγγέλλειν
1361 2087 1554 2141 ἔμελλεν,

201 2166 402 2213 κρυπτῶς
443 2155 492 2199 δὲ
532 2158 584 2198 τὰ
625 2163 700 2211 τῆς
738 2151 914 2206 εὐνοίας
958 2156 1203 2212 ἐχυρώτερα
1243 2158 1552 2199 καθίστασθαι.

201 2228 274 2271 καὶ
312 2231 524 2284 ἔπραττον
564 2228 713 2277 οὕτως.
782 2227 898 2282 <38>
938 2226 1155 2269 ἐλάνθανε
1194 2225 1243 2269 δὲ
1279 2228 1359 2282 τὴν
1398 2229 1552 2270 Σαλώ-
1571 2240 1606 2265 30

298 2315 316 2353 ξ
343 2314 386 2344 32
414 2309 459 2345 cf.
486 2309 578 2344 Bell.
605 2309 682 2344 Iud.
710 2309 725 2342 I
752 2312 807 2352 29,
836 2312 865 2342 1.
