1732 2526
58 832 90 856 10

0 1164 90 1207 '15

56 1535 88 1559 20

55 1886 88 1911 25

55 2235 88 2261 30

726 73 840 105 ΒΙοΣ
1371 71 1454 113 351

114 179 337 233 ἠσπάσατο
370 177 450 232 μὲν
483 177 578 220 οὐδ’
617 179 740 231 ὅλως,
772 179 852 231 τὴν
885 177 930 219 δ’
966 178 1197 234 ἐπιστολὴν
1229 182 1460 234 προτείνας

114 249 307 304 (ταύτην
340 246 460 291 εἶπεν
492 248 555 290 ‘oc‘
584 247 626 299 ἐξ
652 247 973 302 Ἱεροσολύμων
998 250 1177 302 ἥκοντες
1207 251 1463 303 πεπόμφασί

112 331 194 362 σοι.
239 321 378 374 γράφε
411 320 464 373 δὴ
491 320 669 374 τάχιστα
695 317 766 360 καὶ
793 319 866 359 σύ·
894 317 964 360 καὶ
991 320 1072 373 γὰρ
1100 319 1324 373 ἐπείγομαι
1350 321 1460 374 πρὸς

113 390 273 439 αὐτοὺς
304 389 624 444 ὑποστρέφειν.’
688 389 832 442 <222>
865 389 911 430 οἶ
938 386 1018 442 μὲν
1051 386 1131 430 οὖν
1158 392 1458 443 κατακείμενοι

113 461 193 514 τὴν
225 467 304 502 τοῦ
337 460 602 515 στρατιώτου
634 460 799 513 τόλμαν
832 458 1105 512 ἐθαύμασαν,
1140 459 1223 512 ἐγὼ
1258 457 1305 500 δὲ
1331 463 1457 501 καθί-

113 532 263 580 ζεσθαι
295 530 573 583 παρεκάλουν
605 527 675 570 καὶ
716 530 998 570 συνδειπνεῖν
1035 529 1153 583 ἡμῖν.
1215 528 1458 584 ἀρνησαμέ-

110 617 191 642 νου
226 598 385 656 δὲτὴν
417 598 497 655 μὲν
530 599 763 653 ἐπιστολὴν
795 600 900 653 μετὰ
932 607 1078 654 χεῖρας
1115 597 1235 654 εἶχον
1271 600 1328 649 ὡς
1366 600 1457 641 ἐδε-

111 671 265 725 ξάμην,
301 672 409 724 πρὸς
448 668 495 711 δὲ
536 672 638 719 τοὺς
669 672 828 724 φίλους
858 669 956 725 περὶ
998 670 1264 725 πραγμάτων
1298 668 1456 725 ἑτέρων

110 743 188 795 τὴν
233 742 408 796 ὁμιλίαν
453 740 706 795 ἐποιούμην.
768 741 924 794 <223>
968 739 1057 794 μετ’
1108 741 1160 782 οὐ
1198 742 1367 794 πολλὴν
1411 738 1450 782 δ’

111 813 229 867 ὥραν
268 812 522 865 ἐξαναστάς,
560 810 633 853 καὶ
670 813 773 861 τοὺς
810 809 890 866 μὲν
928 812 1088 860 ἄλλους
1127 811 1348 860 ἀπολύσας
1387 810 1455 853 ἐπὶ

110 885 276 936 κοίτην,
307 883 510 937 τέτταρας
543 880 594 923 δέ
622 898 695 936 μοι
727 883 867 936 μόνον
899 889 986 923 τῶν
1028 881 1279 935 ἀναγκαίων
1311 884 1455 936 φίλων

109 960 370 1007 προσμεῖναι
408 953 635 1006 κελεύσας,
674 951 744 994 καὶ
782 958 841 1009 τῷ
878 951 1002 994 παιδὶ
1044 952 1287 1005 προστάξας
1330 949 1455 994 οἶνον

111 1022 356 1078 ἑτοιμάσαι,
400 1025 480 1077 τὴν
519 1023 752 1077 ἐπιστολὴν
790 1022 1036 1073 ἀναπτύξας
1076 1024 1264 1077 μηδενὸς
1305 1022 1455 1077 ἐμβλέ-

109 1108 283 1148 ποντος,
314 1094 391 1144 κάξ,
424 1094 557 1147 αὐτῆς
593 1095 701 1148 ταχὺ
741 1092 887 1142 συνεὶς
924 1094 1003 1146 τὴν
1040 1101 1130 1135 τῶν
1169 1095 1454 1147 γεγραφότων

111 1163 324 1218 ἐπίνοιαν,
355 1164 487 1205 πάλιν
519 1164 655 1218 αὐτὴν
688 1163 988 1218 ἐσημηνάμην,
1021 1164 1165 1217 <224>
1196 1162 1268 1205 καὶ
1307 1164 1364 1213 ὡς
1395 1164 1452 1217 μὴ

109 1236 470 1289 προανεγνωκώς,
502 1233 612 1276 ἀλλὰ
643 1235 749 1288 μετὰ
780 1242 926 1290 χεῖρας
957 1234 1095 1288 αὐτὴν
1134 1236 1260 1289 ἔχων,
1298 1237 1454 1288 προσέ-

109 1305 214 1354 ταξα
244 1310 304 1362 τῷ
337 1306 574 1361 στρατιώτῃ
608 1305 802 1360 δραχμὰς
839 1309 1004 1346 εἴκοσιν
1036 1304 1218 1360 ἐφόδιον
1251 1306 1456 1358 δοθῆναι.

110 1382 187 1417 τοῦ
220 1373 268 1416 δὲ
301 1378 511 1429 λαβόντος
542 1374 614 1417 καὶ
645 1376 774 1430 χάριν
800 1377 915 1430 ἔχειν
941 1377 1176 1429 φήσαντος,
1203 1374 1349 1424 συνεὶς
1374 1376 1453 1428 τὴν

109 1446 467 1501 αἰσχροκέρδειαν
517 1447 653 1488 αὐτοῦ
703 1445 774 1487 καὶ
825 1446 883 1494 ὡς
926 1446 1059 1500 ταύτῃ
1104 1445 1289 1499 μάλιστά
1333 1445 1452 1486 ε’στιν

109 1515 340 1571 ἁλώσιμος,
379 1515 493 1559 (ἀλλ’
540 1518 580 1558 ει’
619 1523 825 1571 συμπιεῖν
867 1515 993 1570 ἡμῖν’
1037 1518 1148 1570 ἔφην
1193 1515 1452 1569 “θελη’σειας,

108 1588 238 1641 λήψει
270 1588 376 1628 κατὰ
408 1588 581 1629 κύαθον
614 1588 811 1641 δραχμὴν
838 1584 963 1641 μίανῖ
1013 1587 1156 1640 <225>
1190 1586 1211 1627 ὃ
1246 1584 1284 1627 δ’
1322 1587 1452 1640 ἄσμε-

107 1673 184 1707 νος
223 1657 488 1712 ὑπήκουσεν,
526 1657 597 1699 καὶ
635 1660 776 1699 πολὺν
814 1658 891 1699 τὸν
931 1654 1055 1698 οἶνον
1095 1659 1453 1711 προσφερόμενος

108 1725 217 1781 ὑπὲρ
255 1735 333 1770 τοῦ
374 1732 526 1771 πλεῖον
567 1731 719 1782 λαβεῖν
756 1729 804 1769 τὸ
850 1727 1063 1782 ἀργύριον
1101 1726 1172 1768 καὶ
1210 1725 1454 1781 μεθυσθεὶς

110 1797 253 1840 οὐκέτι
296 1800 348 1840 τὰ
391 1799 615 1855 ἀπόρρητα
659 1798 829 1852 στέγειν
872 1798 1086 1852 ἠδύνατο,
1124 1796 1217 1839 ἀλλ’
1268 1799 1453 1851 ἔφραζεν

109 1870 189 1911 οὐκ
234 1869 511 1924 ἐρωτώμενος
547 1872 627 1924 τήν
671 1885 715 1911 τε
761 1867 1169 1922 συνεσκευασμένην
1213 1869 1452 1923 ἐπιβουλὴν

107 1939 179 1981 καὶ
223 1940 281 1989 ὡς
323 1938 701 1994 κατεψηφισμένος
744 1943 840 1992 εἴην
890 1938 1087 1980 θάνατον
1140 1937 1240 1994 παρ’
1290 1938 1450 1987 αὐτοῖς.

107 2007 226 2052 ταῦτ’
265 2010 454 2060 ἀκούσας
485 2009 742 2064 ἀντιγράφω
775 2010 852 2050 τὸν
883 2011 1047 2063 τρόπον
1079 2015 1246 2050 τοῦτον.
1309 2009 1452 2062 <226>

109 2078 334 2136 ςἸώσηπος
359 2078 547 2135 Ἰωνάθῃ
579 2079 651 2122 καὶ
683 2086 773 2129 τοῖς
804 2081 888 2121 σὺν
921 2079 1038 2135 αὐτῷ
1075 2082 1256 2134 χαίρειν.
1318 2079 1451 2132 ἐρρω-

108 2150 268 2205 μένους
299 2151 410 2205 ὑμᾶς
442 2152 504 2200 εἰς
534 2151 613 2204 τὴν
646 2151 886 2192 Γαλιλαίαν
917 2149 1040 2202 ἥκειν
1065 2152 1317 2204 πυθόμενος
1348 2150 1451 2202 ἥδο-

108 2237 201 2276 μαι,
238 2222 424 2276 μάλιστα
463 2219 501 2262 δ’
545 2221 610 2262 ὅτι
649 2222 915 2274 δυνήσομαι,
955 2221 1180 2275 παραδοὺς
1223 2220 1328 2275 ὑμῖν
1372 2221 1451 2274 τὴν

203 2306 221 2344 g
248 2306 314 2336 222
342 2302 386 2336 cf.
412 2301 503 2336 Bell.
530 2301 608 2337 Iud.
635 2300 669 2334 ΙΙ
694 2304 749 2344 21,
780 2304 809 2335 τ.
