<?xml version="1.0" encoding="UTF-8"?>
<!DOCTYPE html PUBLIC "-//W3C//DTD XHTML 1.0 Transitional//EN"
    "http://www.w3.org/TR/xhtml1/DTD/xhtml1-transitional.dtd">
<html xmlns="http://www.w3.org/1999/xhtml" xml:lang="en" lang="en">
 <head>
  <title>
</title>
<meta http-equiv="Content-Type" content="text/html;charset=utf-8" />
  <meta name='ocr-system' content='tesseract 3.04.00' />
  <meta name='ocr-capabilities' content='ocr_page ocr_carea ocr_par ocr_line ocrx_word'/>
</head>
<body>
  <div class='ocr_page' id='page_1' title='image "./flaviiiosephiope04joseuoft_0350.png"; bbox 0 0 1732 2526; ppageno 0'>
   <div class='ocr_carea' id='block_1_1' title="bbox 154 894 172 921">
    <p class='ocr_par' dir='ltr' id='par_1_1' title="bbox 154 894 172 921">
     <span class='ocr_line' id='line_1_1' title="bbox 154 894 172 921; baseline 0 -4"><span class='ocrx_word' id='word_1_1' title='bbox 154 894 172 921; x_wconf 68' lang='lat'><strong>9</strong></span> 
     </span>
    </p>
   </div>
   <div class='ocr_carea' id='block_1_2' title="bbox 132 2231 174 2262">
    <p class='ocr_par' dir='ltr' id='par_1_2' title="bbox 132 2231 174 2262">
     <span class='ocr_line' id='line_1_2' title="bbox 132 2231 174 2262; baseline 0.048 -2"><span class='ocrx_word' id='word_1_2' title='bbox 132 2231 174 2262; x_wconf 91' lang='lat'><em>10</em></span> 
     </span>
    </p>
   </div>
   <div class='ocr_carea' id='block_1_3' title="bbox 205 66 1056 107">
    <p class='ocr_par' dir='ltr' id='par_1_3' title="bbox 205 66 1056 107">
     <span class='ocr_line' id='line_1_3' title="bbox 205 66 1056 107; baseline -0.011 0"><span class='ocrx_word' id='word_1_3' title='bbox 205 66 290 107; x_wconf 80' lang='lat'><em>298</em></span> <span class='ocrx_word' id='word_1_4' title='bbox 693 67 1056 100; x_wconf 76' lang='grc' dir='ltr'><em>ΑΡΧΑΙοΛοΓΙΑΣ</em></span> 
     </span>
    </p>
   </div>
   <div class='ocr_carea' id='block_1_4' title="bbox 199 172 1552 1003">
    <p class='ocr_par' dir='ltr' id='par_1_4' title="bbox 199 172 1552 862">
     <span class='ocr_line' id='line_1_4' title="bbox 204 172 1551 229; baseline 0.001 -13"><span class='ocrx_word' id='word_1_5' title='bbox 204 174 433 228; x_wconf 86' lang='grc' dir='ltr'><em>ράττοντες</em></span> <span class='ocrx_word' id='word_1_6' title='bbox 470 174 764 228; x_wconf 77' lang='grc' dir='ltr'><strong><em>ἐκακολόγουν</em></strong></span> <span class='ocrx_word' id='word_1_7' title='bbox 802 173 838 215; x_wconf 80' lang='grc' dir='ltr'><em>τ’</em></span> <span class='ocrx_word' id='word_1_8' title='bbox 874 173 1090 228; x_wconf 77' lang='grc' dir='ltr'><em>ἀλλήλους</em></span> <span class='ocrx_word' id='word_1_9' title='bbox 1130 172 1202 215; x_wconf 88' lang='grc' dir='ltr'><em>καὶ</em></span> <span class='ocrx_word' id='word_1_10' title='bbox 1240 176 1385 223; x_wconf 80' lang='grc' dir='ltr'><em>λίθοις</em></span> <span class='ocrx_word' id='word_1_11' title='bbox 1426 176 1551 229; x_wconf 61' lang='grc' dir='ltr'><em>ἔβαλέ</em></span> 
     </span>
     <span class='ocr_line' id='line_1_5' title="bbox 203 243 1550 300; baseline 0.001 -14"><span class='ocrx_word' id='word_1_12' title='bbox 203 247 295 285; x_wconf 93' lang='grc' dir='ltr'><em>λον.</em></span> <span class='ocrx_word' id='word_1_13' title='bbox 357 245 379 286; x_wconf 86' lang='grc' dir='ltr'>ὁ</span> <span class='ocrx_word' id='word_1_14' title='bbox 426 244 466 286; x_wconf 84' lang='grc' dir='ltr'><em>δ’</em></span> <span class='ocrx_word' id='word_1_15' title='bbox 515 244 760 298; x_wconf 81' lang='grc' dir='ltr'><em>ἐπιπλήξων</em></span> <span class='ocrx_word' id='word_1_16' title='bbox 803 244 874 286; x_wconf 85' lang='grc' dir='ltr'><em>καὶ</em></span> <span class='ocrx_word' id='word_1_17' title='bbox 919 246 998 298; x_wconf 86' lang='grc' dir='ltr'><em>τὴν</em></span> <span class='ocrx_word' id='word_1_18' title='bbox 1043 244 1196 286; x_wconf 91' lang='grc' dir='ltr'><em>στάσιν</em></span> <span class='ocrx_word' id='word_1_19' title='bbox 1239 245 1451 286; x_wconf 77' lang='grc' dir='ltr'><em>κωλύσων</em></span> <span class='ocrx_word' id='word_1_20' title='bbox 1495 243 1550 300; x_wconf 78' lang='grc' dir='ltr'><em>ἧν</em></span> 
     </span>
     <span class='ocr_line' id='line_1_6' title="bbox 203 312 1550 372; baseline 0.001 -17"><span class='ocrx_word' id='word_1_21' title='bbox 203 314 362 368; x_wconf 84' lang='grc' dir='ltr'><em>οὐδείς,</em></span> <span class='ocrx_word' id='word_1_22' title='bbox 398 313 490 357; x_wconf 87' lang='grc' dir='ltr'><em>ἀλλ’</em></span> <span class='ocrx_word' id='word_1_23' title='bbox 533 316 590 365; x_wconf 85' lang='grc' dir='ltr'><em>ὡς</em></span> <span class='ocrx_word' id='word_1_24' title='bbox 626 315 672 357; x_wconf 88' lang='grc' dir='ltr'><em>ἐν</em></span> <span class='ocrx_word' id='word_1_25' title='bbox 708 315 1039 372; x_wconf 81' lang='grc' dir='ltr'><em>ἀπροστατεύτῳ</em></span> <span class='ocrx_word' id='word_1_26' title='bbox 1075 317 1199 357; x_wconf 90' lang='grc' dir='ltr'><em>πόλει</em></span> <span class='ocrx_word' id='word_1_27' title='bbox 1234 312 1357 356; x_wconf 88' lang='grc' dir='ltr'><em>ταῦτ’</em></span> <span class='ocrx_word' id='word_1_28' title='bbox 1398 315 1550 371; x_wconf 85' lang='grc' dir='ltr'><em>ἐπράτ-</em></span> 
     </span>
     <span class='ocr_line' id='line_1_7' title="bbox 200 383 1551 440; baseline 0 -14"><span class='ocrx_word' id='word_1_29' title='bbox 200 400 296 427; x_wconf 90' lang='grc' dir='ltr'><em>τετο</em></span> <span class='ocrx_word' id='word_1_30' title='bbox 329 384 419 439; x_wconf 78' lang='grc' dir='ltr'><em>μετ’</em></span> <span class='ocrx_word' id='word_1_31' title='bbox 458 385 666 436; x_wconf 82' lang='grc' dir='ltr'><em>ἐξουσίας.</em></span> <span class='ocrx_word' id='word_1_32' title='bbox 725 386 867 440; x_wconf 87' lang='grc'>&lt;181&gt;</span> <span class='ocrx_word' id='word_1_33' title='bbox 899 386 1087 439; x_wconf 81' lang='grc' dir='ltr'><em>τοσαύτη</em></span> <span class='ocrx_word' id='word_1_34' title='bbox 1123 383 1169 426; x_wconf 76' lang='grc' dir='ltr'><em>δὲ</em></span> <span class='ocrx_word' id='word_1_35' title='bbox 1201 387 1304 435; x_wconf 88' lang='grc' dir='ltr'><em>τοὺς</em></span> <span class='ocrx_word' id='word_1_36' title='bbox 1336 384 1551 440; x_wconf 75' lang='grc' dir='ltr'><em>ἀρχιερεῖς</em></span> 
     </span>
     <span class='ocr_line' id='line_1_8' title="bbox 200 454 1550 510; baseline 0.001 -14"><span class='ocrx_word' id='word_1_37' title='bbox 200 455 438 510; x_wconf 81' lang='grc' dir='ltr'><em>κατέλαβεν</em></span> <span class='ocrx_word' id='word_1_38' title='bbox 469 456 669 498; x_wconf 80' lang='grc' dir='ltr'><em>ἀναίδεια</em></span> <span class='ocrx_word' id='word_1_39' title='bbox 701 455 772 498; x_wconf 86' lang='grc' dir='ltr'><em>καὶ</em></span> <span class='ocrx_word' id='word_1_40' title='bbox 804 459 941 510; x_wconf 85' lang='grc' dir='ltr'><em>τόλμα</em></span> <span class='ocrx_word' id='word_1_41' title='bbox 974 457 1083 497; x_wconf 83' lang='grc' dir='ltr'><em>ὥστε</em></span> <span class='ocrx_word' id='word_1_42' title='bbox 1121 455 1192 497; x_wconf 64' lang='grc' dir='ltr'><em>καὶ</em></span> <span class='ocrx_word' id='word_1_43' title='bbox 1230 454 1415 510; x_wconf 81' lang='grc' dir='ltr'><em>πέμπειν</em></span> <span class='ocrx_word' id='word_1_44' title='bbox 1449 457 1550 498; x_wconf 88' lang='grc' dir='ltr'><em>δού-</em></span> 
     </span>
     <span class='ocr_line' id='line_1_9' title="bbox 200 526 1552 581; baseline 0 -13"><span class='ocrx_word' id='word_1_45' title='bbox 200 529 305 576; x_wconf 90' lang='grc' dir='ltr'><em>λους</em></span> <span class='ocrx_word' id='word_1_46' title='bbox 343 526 538 581; x_wconf 83' lang='grc' dir='ltr'><em>ἐτόλμων</em></span> <span class='ocrx_word' id='word_1_47' title='bbox 577 526 645 569; x_wconf 86' lang='grc' dir='ltr'><em>ἐπὶ</em></span> <span class='ocrx_word' id='word_1_48' title='bbox 684 528 759 576; x_wconf 77' lang='grc' dir='ltr'><em>τὰς</em></span> <span class='ocrx_word' id='word_1_49' title='bbox 797 528 988 580; x_wconf 78' lang='grc' dir='ltr'><em>ἅλωνας,</em></span> <span class='ocrx_word' id='word_1_50' title='bbox 1025 528 1128 575; x_wconf 86' lang='grc' dir='ltr'><em>τοὺς</em></span> <span class='ocrx_word' id='word_1_51' title='bbox 1165 526 1441 580; x_wconf 83' lang='grc' dir='ltr'><em>ληψομένους</em></span> <span class='ocrx_word' id='word_1_52' title='bbox 1477 527 1552 576; x_wconf 82' lang='grc' dir='ltr'><em>τὰς</em></span> 
     </span>
     <span class='ocr_line' id='line_1_10' title="bbox 201 595 1551 652; baseline 0.001 -15"><span class='ocrx_word' id='word_1_53' title='bbox 201 604 291 646; x_wconf 73' lang='grc' dir='ltr'><em>τοῖς</em></span> <span class='ocrx_word' id='word_1_54' title='bbox 323 598 516 650; x_wconf 71' lang='grc' dir='ltr'><em>ἱερεῦσιν</em></span> <span class='ocrx_word' id='word_1_55' title='bbox 543 596 830 652; x_wconf 84' lang='grc' dir='ltr'><em>ὀφειλομένας</em></span> <span class='ocrx_word' id='word_1_56' title='bbox 855 598 1052 646; x_wconf 75' lang='grc' dir='ltr'><em>δεκάτας·</em></span> <span class='ocrx_word' id='word_1_57' title='bbox 1092 595 1162 638; x_wconf 83' lang='grc' dir='ltr'><em>καὶ</em></span> <span class='ocrx_word' id='word_1_58' title='bbox 1190 596 1423 651; x_wconf 88' lang='grc' dir='ltr'><em>συνέβαινε</em></span> <span class='ocrx_word' id='word_1_59' title='bbox 1449 599 1551 647; x_wconf 85' lang='grc' dir='ltr'><em>τοὺς</em></span> 
     </span>
     <span class='ocr_line' id='line_1_11' title="bbox 200 666 1549 723; baseline -0.001 -14"><span class='ocrx_word' id='word_1_60' title='bbox 200 667 533 723; x_wconf 75' lang='grc' dir='ltr'><em>ἀπορουμένους</em></span> <span class='ocrx_word' id='word_1_61' title='bbox 570 675 657 709; x_wconf 90' lang='grc' dir='ltr'><em>τῶν</em></span> <span class='ocrx_word' id='word_1_62' title='bbox 691 667 844 721; x_wconf 75' lang='grc' dir='ltr'><em>ἱερέων</em></span> <span class='ocrx_word' id='word_1_63' title='bbox 877 666 948 708; x_wconf 81' lang='grc' dir='ltr'><em>ὑπ’</em></span> <span class='ocrx_word' id='word_1_64' title='bbox 988 667 1159 717; x_wconf 89' lang='grc' dir='ltr'><em>ἐνδειάς</em></span> <span class='ocrx_word' id='word_1_65' title='bbox 1195 672 1413 709; x_wconf 83' lang='grc' dir='ltr'><em>τελευτᾶν.</em></span> <span class='ocrx_word' id='word_1_66' title='bbox 1475 668 1549 709; x_wconf 77' lang='grc' dir='ltr'><em>οὕ-</em></span> 
     </span>
     <span class='ocr_line' id='line_1_12' title="bbox 199 738 1549 791; baseline 0 -12"><span class='ocrx_word' id='word_1_67' title='bbox 199 754 284 787; x_wconf 85' lang='grc' dir='ltr'><em>τως</em></span> <span class='ocrx_word' id='word_1_68' title='bbox 327 738 496 791; x_wconf 78' lang='grc' dir='ltr'><em>ἐκράτει</em></span> <span class='ocrx_word' id='word_1_69' title='bbox 538 745 616 779; x_wconf 88' lang='grc' dir='ltr'><em>τοῦ</em></span> <span class='ocrx_word' id='word_1_70' title='bbox 667 739 840 780; x_wconf 77' lang='grc' dir='ltr'><em>δικαίου</em></span> <span class='ocrx_word' id='word_1_71' title='bbox 884 739 1045 787; x_wconf 89' lang='grc' dir='ltr'><em>παντὸς</em></span> <span class='ocrx_word' id='word_1_72' title='bbox 1094 738 1120 791; x_wconf 83' lang='grc' dir='ltr'>ἡ</span> <span class='ocrx_word' id='word_1_73' title='bbox 1164 745 1252 779; x_wconf 88' lang='grc' dir='ltr'><em>τῶν</em></span> <span class='ocrx_word' id='word_1_74' title='bbox 1297 740 1549 788; x_wconf 81' lang='grc' dir='ltr'><em>στασιαζόν-</em></span> 
     </span>
     <span class='ocr_line' id='line_1_13' title="bbox 200 811 404 862; baseline -0.005 -13"><span class='ocrx_word' id='word_1_75' title='bbox 200 824 287 850; x_wconf 89' lang='grc' dir='ltr'><em>των</em></span> <span class='ocrx_word' id='word_1_76' title='bbox 319 811 404 862; x_wconf 88' lang='grc' dir='ltr'><em>βία.</em></span> 
     </span>
    </p>

    <p class='ocr_par' dir='ltr' id='par_1_5' title="bbox 200 876 1550 1003">
     <span class='ocr_line' id='line_1_14' title="bbox 288 876 1549 933; baseline -0.001 -13"><span class='ocrx_word' id='word_1_77' title='bbox 288 879 432 933; x_wconf 57' lang='lat' dir='ltr'><em>&lt;li-32&gt;</em></span> <span class='ocrx_word' id='word_1_78' title='bbox 465 882 665 933; x_wconf 86' lang='grc' dir='ltr'><em>Πορκίου</em></span> <span class='ocrx_word' id='word_1_79' title='bbox 703 876 752 920; x_wconf 79' lang='grc' dir='ltr'><em>δὲ</em></span> <span class='ocrx_word' id='word_1_80' title='bbox 787 881 965 932; x_wconf 81' lang='grc' dir='ltr'><em>Φήστου</em></span> <span class='ocrx_word' id='word_1_81' title='bbox 1007 879 1216 933; x_wconf 87' lang='grc' dir='ltr'><em>διαδόχου</em></span> <span class='ocrx_word' id='word_1_82' title='bbox 1252 880 1412 932; x_wconf 89' lang='grc' dir='ltr'><em>Φήλικι</em></span> <span class='ocrx_word' id='word_1_83' title='bbox 1443 892 1549 932; x_wconf 91' lang='grc' dir='ltr'><em>πεμ-</em></span> 
     </span>
     <span class='ocr_line' id='line_1_15' title="bbox 200 948 1550 1003; baseline 0 -13"><span class='ocrx_word' id='word_1_84' title='bbox 200 948 392 1003; x_wconf 78' lang='grc' dir='ltr'><em>φθέντος</em></span> <span class='ocrx_word' id='word_1_85' title='bbox 446 949 532 991; x_wconf 87' lang='grc' dir='ltr'><em>ὑπὸ</em></span> <span class='ocrx_word' id='word_1_86' title='bbox 588 948 819 1003; x_wconf 87' lang='grc' dir='ltr'><em>Νέρωνος,</em></span> <span class='ocrx_word' id='word_1_87' title='bbox 876 950 922 990; x_wconf 78' lang='grc' dir='ltr'><em>οἱ</em></span> <span class='ocrx_word' id='word_1_88' title='bbox 973 950 1272 1000; x_wconf 85' lang='grc' dir='ltr'><em>πρωτεύοντες</em></span> <span class='ocrx_word' id='word_1_89' title='bbox 1327 956 1415 990; x_wconf 89' lang='grc' dir='ltr'><em>τῶν</em></span> <span class='ocrx_word' id='word_1_90' title='bbox 1470 949 1550 1002; x_wconf 87' lang='grc' dir='ltr'><em>τὴν</em></span> 
     </span>
    </p>
   </div>
   <div class='ocr_carea' id='block_1_5' title="bbox 1588 471 1604 497">
    <p class='ocr_par' dir='ltr' id='par_1_6' title="bbox 1588 471 1604 497">
     <span class='ocr_line' id='line_1_16' title="bbox 1588 471 1604 497; baseline 0 0"><span class='ocrx_word' id='word_1_91' title='bbox 1588 471 1604 497; x_wconf 89' lang='grc'>5</span> 
     </span>
    </p>
   </div>
   <div class='ocr_carea' id='block_1_6' title="bbox 1569 825 1601 849">
    <p class='ocr_par' dir='ltr' id='par_1_7' title="bbox 1569 825 1601 849">
     <span class='ocr_line' id='line_1_17' title="bbox 1569 825 1601 849; baseline 0 0"><span class='ocrx_word' id='word_1_92' title='bbox 1569 825 1601 849; x_wconf 91' lang='grc'><em>10</em></span> 
     </span>
    </p>
   </div>
   <div class='ocr_carea' id='block_1_7' title="bbox 201 1017 1582 1074">
    <p class='ocr_par' dir='ltr' id='par_1_8' title="bbox 201 1017 1582 1074">
     <span class='ocr_line' id='line_1_18' title="bbox 201 1017 1582 1074; baseline 0 -14"><span class='ocrx_word' id='word_1_93' title='bbox 201 1020 472 1074; x_wconf 64' lang='grc' dir='ltr'><em>Καισάρειαν</em></span> <span class='ocrx_word' id='word_1_94' title='bbox 516 1020 840 1065; x_wconf 85' lang='grc' dir='ltr'><em>κατοικούντων</em></span> <span class='ocrx_word' id='word_1_95' title='bbox 879 1017 1109 1060; x_wconf 85' lang='grc' dir='ltr'><em>Ἰουδαίων</em></span> <span class='ocrx_word' id='word_1_96' title='bbox 1161 1021 1222 1068; x_wconf 88' lang='grc' dir='ltr'><em>εἰς</em></span> <span class='ocrx_word' id='word_1_97' title='bbox 1265 1020 1344 1072; x_wconf 86' lang='grc' dir='ltr'><em>τὴν</em></span> <span class='ocrx_word' id='word_1_98' title='bbox 1382 1017 1582 1072; x_wconf 58' lang='grc' dir='ltr'><em>Ῥώμην’</em></span> 
     </span>
    </p>
   </div>
   <div class='ocr_carea' id='block_1_8' title="bbox 195 1088 1552 2341">
    <p class='ocr_par' dir='ltr' id='par_1_9' title="bbox 195 1088 1552 2202">
     <span class='ocr_line' id='line_1_19' title="bbox 201 1088 1550 1145; baseline -0.001 -14"><span class='ocrx_word' id='word_1_99' title='bbox 201 1090 490 1144; x_wconf 79' lang='grc' dir='ltr'><em>ἀναβαίνουσι</em></span> <span class='ocrx_word' id='word_1_100' title='bbox 531 1093 722 1145; x_wconf 88' lang='grc' dir='ltr'><em>Φήλικος</em></span> <span class='ocrx_word' id='word_1_101' title='bbox 762 1096 1128 1144; x_wconf 79' lang='grc' dir='ltr'><em>κατηγοροῦντες,</em></span> <span class='ocrx_word' id='word_1_102' title='bbox 1169 1088 1240 1131; x_wconf 84' lang='grc' dir='ltr'><em>καὶ</em></span> <span class='ocrx_word' id='word_1_103' title='bbox 1281 1089 1456 1138; x_wconf 88' lang='grc' dir='ltr'><em>πάντως</em></span> <span class='ocrx_word' id='word_1_104' title='bbox 1495 1089 1550 1130; x_wconf 76' lang='grc' dir='ltr'><em>ἂν</em></span> 
     </span>
     <span class='ocr_line' id='line_1_20' title="bbox 201 1159 1552 1215; baseline -0.001 -13"><span class='ocrx_word' id='word_1_105' title='bbox 201 1162 405 1202; x_wconf 78' lang='grc' dir='ltr'><em>ἐδεδώκει</em></span> <span class='ocrx_word' id='word_1_106' title='bbox 436 1164 650 1215; x_wconf 87' lang='grc' dir='ltr'><em>τιμωρίαν</em></span> <span class='ocrx_word' id='word_1_107' title='bbox 682 1168 769 1202; x_wconf 88' lang='grc' dir='ltr'><em>τῶν</em></span> <span class='ocrx_word' id='word_1_108' title='bbox 808 1162 869 1209; x_wconf 88' lang='grc' dir='ltr'><em>εἰς</em></span> <span class='ocrx_word' id='word_1_109' title='bbox 897 1159 1140 1209; x_wconf 87' lang='grc' dir='ltr'><em>Ἰουδαίους</em></span> <span class='ocrx_word' id='word_1_110' title='bbox 1171 1160 1474 1214; x_wconf 88' lang='grc' dir='ltr'><em>ἀδικημάτων,</em></span> <span class='ocrx_word' id='word_1_111' title='bbox 1511 1161 1552 1201; x_wconf 88' lang='grc' dir='ltr'><em>εἰ</em></span> 
     </span>
     <span class='ocr_line' id='line_1_21' title="bbox 200 1230 1550 1286; baseline -0.001 -14"><span class='ocrx_word' id='word_1_112' title='bbox 200 1232 257 1284; x_wconf 85' lang='grc' dir='ltr'><em>μὴ</em></span> <span class='ocrx_word' id='word_1_113' title='bbox 295 1232 434 1272; x_wconf 80' lang='grc' dir='ltr'><em>πολλὰ</em></span> <span class='ocrx_word' id='word_1_114' title='bbox 473 1231 608 1273; x_wconf 87' lang='grc' dir='ltr'><em>αὐτὸν</em></span> <span class='ocrx_word' id='word_1_115' title='bbox 647 1231 669 1273; x_wconf 89' lang='grc' dir='ltr'>ὁ</span> <span class='ocrx_word' id='word_1_116' title='bbox 710 1230 869 1286; x_wconf 85' lang='grc' dir='ltr'><em>Νέρων</em></span> <span class='ocrx_word' id='word_1_117' title='bbox 907 1231 1109 1286; x_wconf 64' lang='grc' dir='ltr'><em>τάδελφῷ</em></span> <span class='ocrx_word' id='word_1_118' title='bbox 1148 1231 1375 1271; x_wconf 87' lang='grc' dir='ltr'><em>Πάλλαντι</em></span> <span class='ocrx_word' id='word_1_119' title='bbox 1412 1245 1550 1282; x_wconf 87' lang='grc' dir='ltr'><em>παρα-</em></span> 
     </span>
     <span class='ocr_line' id='line_1_22' title="bbox 199 1301 1550 1356; baseline -0.001 -14"><span class='ocrx_word' id='word_1_120' title='bbox 199 1301 430 1343; x_wconf 87' lang='grc' dir='ltr'><em>καλέσαντι</em></span> <span class='ocrx_word' id='word_1_121' title='bbox 481 1303 780 1356; x_wconf 79' lang='grc' dir='ltr'><em>συνεχώρησε,</em></span> <span class='ocrx_word' id='word_1_122' title='bbox 831 1302 1016 1355; x_wconf 86' lang='grc' dir='ltr'><em>μάλιστα</em></span> <span class='ocrx_word' id='word_1_123' title='bbox 1067 1303 1120 1355; x_wconf 87' lang='grc' dir='ltr'><em>δὴ</em></span> <span class='ocrx_word' id='word_1_124' title='bbox 1166 1304 1259 1343; x_wconf 86' lang='grc' dir='ltr'><em>τότε</em></span> <span class='ocrx_word' id='word_1_125' title='bbox 1310 1301 1382 1342; x_wconf 82' lang='grc' dir='ltr'><em>διὰ</em></span> <span class='ocrx_word' id='word_1_126' title='bbox 1426 1305 1550 1353; x_wconf 83' lang='grc' dir='ltr'><em>τιμῆς</em></span> 
     </span>
     <span class='ocr_line' id='line_1_23' title="bbox 199 1370 1549 1427; baseline -0.001 -15"><span class='ocrx_word' id='word_1_127' title='bbox 199 1372 319 1425; x_wconf 77' lang='grc' dir='ltr'><em>ἄγων</em></span> <span class='ocrx_word' id='word_1_128' title='bbox 360 1372 542 1414; x_wconf 76' lang='grc' dir='ltr'><em>ἐκεῖνον.</em></span> <span class='ocrx_word' id='word_1_129' title='bbox 604 1372 748 1426; x_wconf 80' lang='grc'>&lt;183&gt;</span> <span class='ocrx_word' id='word_1_130' title='bbox 787 1370 858 1413; x_wconf 84' lang='grc' dir='ltr'><em>καὶ</em></span> <span class='ocrx_word' id='word_1_131' title='bbox 895 1379 984 1413; x_wconf 87' lang='grc' dir='ltr'><em>τῶν</em></span> <span class='ocrx_word' id='word_1_132' title='bbox 1023 1371 1070 1412; x_wconf 83' lang='grc' dir='ltr'><em>ἐν</em></span> <span class='ocrx_word' id='word_1_133' title='bbox 1102 1377 1152 1425; x_wconf 75' lang='grc' dir='ltr'><em>τῇ</em></span> <span class='ocrx_word' id='word_1_134' title='bbox 1185 1372 1428 1427; x_wconf 76' lang='grc' dir='ltr'><em>Καισαρείᾳ</em></span> <span class='ocrx_word' id='word_1_135' title='bbox 1459 1371 1549 1411; x_wconf 88' lang='grc' dir='ltr'><em>Σύ-</em></span> 
     </span>
     <span class='ocr_line' id='line_1_24' title="bbox 201 1438 1549 1497; baseline -0.001 -14"><span class='ocrx_word' id='word_1_136' title='bbox 201 1458 291 1496; x_wconf 89' lang='grc' dir='ltr'><em>ρων</em></span> <span class='ocrx_word' id='word_1_137' title='bbox 324 1443 369 1484; x_wconf 81' lang='grc' dir='ltr'><em>οί</em></span> <span class='ocrx_word' id='word_1_138' title='bbox 397 1450 563 1497; x_wconf 91' lang='grc' dir='ltr'><em>πρῶτοι</em></span> <span class='ocrx_word' id='word_1_139' title='bbox 587 1445 793 1496; x_wconf 83' lang='grc' dir='ltr'><em>Βοῦρρον</em></span> <span class='ocrx_word' id='word_1_140' title='bbox 825 1442 1123 1495; x_wconf 72' lang='grc' dir='ltr'><em>(παιδαγωγὸς</em></span> <span class='ocrx_word' id='word_1_141' title='bbox 1156 1440 1194 1482; x_wconf 84' lang='grc' dir='ltr'><em>δ’</em></span> <span class='ocrx_word' id='word_1_142' title='bbox 1227 1438 1354 1490; x_wconf 85' lang='grc' dir='ltr'><em>οὗτος</em></span> <span class='ocrx_word' id='word_1_143' title='bbox 1385 1438 1439 1494; x_wconf 77' lang='grc' dir='ltr'><em>ἦν</em></span> <span class='ocrx_word' id='word_1_144' title='bbox 1471 1446 1549 1482; x_wconf 88' lang='grc' dir='ltr'><em>τοῦ</em></span> 
     </span>
     <span class='ocr_line' id='line_1_25' title="bbox 200 1511 1548 1567; baseline -0.001 -13"><span class='ocrx_word' id='word_1_145' title='bbox 200 1512 431 1567; x_wconf 84' lang='grc' dir='ltr'><em>Νέρωνος,</em></span> <span class='ocrx_word' id='word_1_146' title='bbox 474 1513 596 1563; x_wconf 81' lang='grc' dir='ltr'><em>τάξιν</em></span> <span class='ocrx_word' id='word_1_147' title='bbox 641 1514 720 1566; x_wconf 83' lang='grc' dir='ltr'><em>τὴν</em></span> <span class='ocrx_word' id='word_1_148' title='bbox 764 1511 834 1554; x_wconf 86' lang='grc' dir='ltr'><em>ἐπὶ</em></span> <span class='ocrx_word' id='word_1_149' title='bbox 877 1520 965 1554; x_wconf 90' lang='grc' dir='ltr'><em>τῶν</em></span> <span class='ocrx_word' id='word_1_150' title='bbox 997 1511 1266 1566; x_wconf 86' lang='grc' dir='ltr'><em>Ἑλληνικῶν</em></span> <span class='ocrx_word' id='word_1_151' title='bbox 1309 1511 1548 1553; x_wconf 84' lang='grc' dir='ltr'><em>ἐπιστολῶν</em></span> 
     </span>
     <span class='ocr_line' id='line_1_26' title="bbox 198 1582 1548 1638; baseline -0.001 -14"><span class='ocrx_word' id='word_1_152' title='bbox 198 1582 556 1637; x_wconf 77' lang='grc' dir='ltr'><em>πεπιστευμένος)</em></span> <span class='ocrx_word' id='word_1_153' title='bbox 590 1585 796 1625; x_wconf 81' lang='grc' dir='ltr'><em>πείθουσι</em></span> <span class='ocrx_word' id='word_1_154' title='bbox 827 1586 1006 1631; x_wconf 82' lang='grc' dir='ltr'><em>πολλοῖς</em></span> <span class='ocrx_word' id='word_1_155' title='bbox 1032 1584 1251 1638; x_wconf 87' lang='grc' dir='ltr'><em>χρήμασιν</em></span> <span class='ocrx_word' id='word_1_156' title='bbox 1282 1584 1548 1636; x_wconf 79' lang='grc' dir='ltr'><em>αἰτήσασθαι</em></span> 
     </span>
     <span class='ocr_line' id='line_1_27' title="bbox 199 1652 1547 1708; baseline -0.001 -14"><span class='ocrx_word' id='word_1_157' title='bbox 199 1654 315 1707; x_wconf 80' lang='grc' dir='ltr'><em>παρὰ</em></span> <span class='ocrx_word' id='word_1_158' title='bbox 353 1660 432 1696; x_wconf 86' lang='grc' dir='ltr'><em>τοῦ</em></span> <span class='ocrx_word' id='word_1_159' title='bbox 470 1653 681 1708; x_wconf 87' lang='grc' dir='ltr'><em>Νέρωνος</em></span> <span class='ocrx_word' id='word_1_160' title='bbox 719 1653 867 1702; x_wconf 75' lang='grc' dir='ltr'><em>αὐτοῖς</em></span> <span class='ocrx_word' id='word_1_161' title='bbox 905 1653 1138 1706; x_wconf 85' lang='grc' dir='ltr'><em>ἐπιστολὴν</em></span> <span class='ocrx_word' id='word_1_162' title='bbox 1177 1652 1430 1706; x_wconf 88' lang='grc' dir='ltr'><em>ἀκυροῦσαν</em></span> <span class='ocrx_word' id='word_1_163' title='bbox 1468 1653 1547 1706; x_wconf 85' lang='grc' dir='ltr'><em>τὴν</em></span> 
     </span>
     <span class='ocr_line' id='line_1_28' title="bbox 195 1720 1547 1778; baseline -0.001 -13"><span class='ocrx_word' id='word_1_164' title='bbox 195 1720 422 1766; x_wconf 83' lang='grc' dir='ltr'><em>Ἰουδαίων</em></span> <span class='ocrx_word' id='word_1_165' title='bbox 454 1726 562 1778; x_wconf 89' lang='grc' dir='ltr'><em>πρὸς</em></span> <span class='ocrx_word' id='word_1_166' title='bbox 588 1724 747 1773; x_wconf 87' lang='grc' dir='ltr'><em>αὐτοὺς</em></span> <span class='ocrx_word' id='word_1_167' title='bbox 774 1725 1080 1765; x_wconf 85' lang='grc' dir='ltr'><em>ἰσοπολιτείαν.</em></span> <span class='ocrx_word' id='word_1_168' title='bbox 1135 1723 1280 1776; x_wconf 77' lang='grc'>&lt;184&gt;</span> <span class='ocrx_word' id='word_1_169' title='bbox 1307 1721 1380 1764; x_wconf 83' lang='grc' dir='ltr'><em>καὶ</em></span> <span class='ocrx_word' id='word_1_170' title='bbox 1405 1725 1547 1776; x_wconf 87' lang='grc' dir='ltr'><em>Βοῦρ-</em></span> 
     </span>
     <span class='ocr_line' id='line_1_29' title="bbox 201 1793 1547 1849; baseline -0.001 -13"><span class='ocrx_word' id='word_1_171' title='bbox 201 1811 276 1847; x_wconf 86' lang='grc' dir='ltr'><em>ρος</em></span> <span class='ocrx_word' id='word_1_172' title='bbox 307 1797 384 1836; x_wconf 88' lang='grc' dir='ltr'><em>τὸν</em></span> <span class='ocrx_word' id='word_1_173' title='bbox 411 1795 710 1849; x_wconf 85' lang='grc' dir='ltr'><em>αὐτοκράτορα</em></span> <span class='ocrx_word' id='word_1_174' title='bbox 735 1794 1039 1847; x_wconf 78' lang='grc' dir='ltr'><em>παρακαλέσας</em></span> <span class='ocrx_word' id='word_1_175' title='bbox 1065 1793 1241 1848; x_wconf 84' lang='grc' dir='ltr'><em>ἐπέτυχε</em></span> <span class='ocrx_word' id='word_1_176' title='bbox 1267 1795 1418 1841; x_wconf 88' lang='grc' dir='ltr'><em>πείσας</em></span> <span class='ocrx_word' id='word_1_177' title='bbox 1443 1807 1547 1846; x_wconf 78' lang='grc' dir='ltr'><em>γρα-</em></span> 
     </span>
     <span class='ocr_line' id='line_1_30' title="bbox 200 1861 1546 1920; baseline -0.003 -13"><span class='ocrx_word' id='word_1_178' title='bbox 200 1871 338 1919; x_wconf 81' lang='grc' dir='ltr'><em>φῆναι</em></span> <span class='ocrx_word' id='word_1_179' title='bbox 369 1866 449 1919; x_wconf 86' lang='grc' dir='ltr'><em>τὴν</em></span> <span class='ocrx_word' id='word_1_180' title='bbox 482 1864 727 1918; x_wconf 89' lang='grc' dir='ltr'><em>ἐπιστολήν.</em></span> <span class='ocrx_word' id='word_1_181' title='bbox 784 1864 892 1918; x_wconf 81' lang='grc' dir='ltr'><em>αὕτη</em></span> <span class='ocrx_word' id='word_1_182' title='bbox 926 1870 984 1920; x_wconf 74' lang='grc' dir='ltr'><em>τῷ</em></span> <span class='ocrx_word' id='word_1_183' title='bbox 1019 1866 1141 1905; x_wconf 79' lang='grc' dir='ltr'><em>ἔθνει</em></span> <span class='ocrx_word' id='word_1_184' title='bbox 1172 1863 1297 1917; x_wconf 83' lang='grc' dir='ltr'><em>ἡμῶν</em></span> <span class='ocrx_word' id='word_1_185' title='bbox 1328 1871 1416 1904; x_wconf 89' lang='grc' dir='ltr'><em>τῶν</em></span> <span class='ocrx_word' id='word_1_186' title='bbox 1441 1861 1546 1916; x_wconf 85' lang='grc' dir='ltr'><em>μετὰ</em></span> 
     </span>
     <span class='ocr_line' id='line_1_31' title="bbox 200 1931 1551 1989; baseline -0.002 -13"><span class='ocrx_word' id='word_1_187' title='bbox 200 1942 335 1977; x_wconf 86' lang='grc' dir='ltr'><em>ταῦτα</em></span> <span class='ocrx_word' id='word_1_188' title='bbox 366 1942 512 1976; x_wconf 86' lang='grc' dir='ltr'><em>κακῶν</em></span> <span class='ocrx_word' id='word_1_189' title='bbox 550 1936 624 1984; x_wconf 76' lang='grc' dir='ltr'><em>τὰς</em></span> <span class='ocrx_word' id='word_1_190' title='bbox 655 1936 794 1983; x_wconf 82' lang='grc' dir='ltr'><em>αἰτίας</em></span> <span class='ocrx_word' id='word_1_191' title='bbox 833 1933 1066 1989; x_wconf 89' lang='grc' dir='ltr'><em>παρέσχεν·</em></span> <span class='ocrx_word' id='word_1_192' title='bbox 1111 1936 1358 1988; x_wconf 85' lang='grc' dir='ltr'><em>πυθόμενοι</em></span> <span class='ocrx_word' id='word_1_193' title='bbox 1389 1932 1471 1987; x_wconf 79' lang='grc' dir='ltr'><em>γὰρ</em></span> <span class='ocrx_word' id='word_1_194' title='bbox 1504 1931 1551 1973; x_wconf 76' lang='grc' dir='ltr'><em>οἱ</em></span> 
     </span>
     <span class='ocr_line' id='line_1_32' title="bbox 200 2003 1546 2061; baseline -0.003 -14"><span class='ocrx_word' id='word_1_195' title='bbox 200 2007 307 2047; x_wconf 80' lang='grc' dir='ltr'><em>κατὰ</em></span> <span class='ocrx_word' id='word_1_196' title='bbox 338 2007 418 2059; x_wconf 83' lang='grc' dir='ltr'><em>τὴν</em></span> <span class='ocrx_word' id='word_1_197' title='bbox 448 2006 717 2061; x_wconf 87' lang='grc' dir='ltr'><em>Καισάρειαν</em></span> <span class='ocrx_word' id='word_1_198' title='bbox 751 2006 972 2054; x_wconf 81' lang='grc' dir='ltr'><em>οἰκοῦντες</em></span> <span class='ocrx_word' id='word_1_199' title='bbox 1000 2003 1207 2047; x_wconf 79' lang='grc' dir='ltr'><em>Ἰουδαῖοι</em></span> <span class='ocrx_word' id='word_1_200' title='bbox 1239 2005 1290 2045; x_wconf 82' lang='grc' dir='ltr'><em>τὰ</em></span> <span class='ocrx_word' id='word_1_201' title='bbox 1321 2003 1437 2056; x_wconf 81' lang='grc' dir='ltr'><em>παρὰ</em></span> <span class='ocrx_word' id='word_1_202' title='bbox 1467 2007 1546 2044; x_wconf 89' lang='grc' dir='ltr'><em>τοῦ</em></span> 
     </span>
     <span class='ocr_line' id='line_1_33' title="bbox 200 2073 1546 2131; baseline -0.004 -13"><span class='ocrx_word' id='word_1_203' title='bbox 200 2075 410 2131; x_wconf 86' lang='grc' dir='ltr'><em>Νέρωνος</em></span> <span class='ocrx_word' id='word_1_204' title='bbox 449 2075 674 2129; x_wconf 77' lang='grc' dir='ltr'><em>γραφέντα</em></span> <span class='ocrx_word' id='word_1_205' title='bbox 715 2078 824 2129; x_wconf 89' lang='grc' dir='ltr'><em>πρὸς</em></span> <span class='ocrx_word' id='word_1_206' title='bbox 863 2077 965 2124; x_wconf 90' lang='grc' dir='ltr'><em>τοὺς</em></span> <span class='ocrx_word' id='word_1_207' title='bbox 995 2076 1173 2129; x_wconf 83' lang='grc' dir='ltr'><em>Σύρους</em></span> <span class='ocrx_word' id='word_1_208' title='bbox 1214 2073 1403 2122; x_wconf 86' lang='grc' dir='ltr'><em>στάσεως</em></span> <span class='ocrx_word' id='word_1_209' title='bbox 1439 2075 1546 2126; x_wconf 86' lang='grc' dir='ltr'><em>μᾶλ-</em></span> 
     </span>
     <span class='ocr_line' id='line_1_34' title="bbox 201 2144 1284 2202; baseline -0.004 -13"><span class='ocrx_word' id='word_1_210' title='bbox 201 2150 280 2189; x_wconf 93' lang='grc' dir='ltr'><em>λον</em></span> <span class='ocrx_word' id='word_1_211' title='bbox 312 2152 499 2202; x_wconf 77' lang='grc' dir='ltr'><em>εἴχοντο,</em></span> <span class='ocrx_word' id='word_1_212' title='bbox 531 2145 655 2201; x_wconf 88' lang='grc' dir='ltr'><em>μέχρι</em></span> <span class='ocrx_word' id='word_1_213' title='bbox 689 2147 742 2200; x_wconf 88' lang='grc' dir='ltr'><em>δὴ</em></span> <span class='ocrx_word' id='word_1_214' title='bbox 774 2147 851 2188; x_wconf 90' lang='grc' dir='ltr'><em>τὸν</em></span> <span class='ocrx_word' id='word_1_215' title='bbox 882 2148 1074 2200; x_wconf 92' lang='grc' dir='ltr'><em>πόλεμον</em></span> <span class='ocrx_word' id='word_1_216' title='bbox 1108 2144 1284 2199; x_wconf 81' lang='grc' dir='ltr'><em>ἐξῆψαν.</em></span> 
     </span>
    </p>

    <p class='ocr_par' dir='ltr' id='par_1_10' title="bbox 289 2209 1545 2272">
     <span class='ocr_line' id='line_1_35' title="bbox 289 2209 1545 2272; baseline -0.003 -13"><span class='ocrx_word' id='word_1_217' title='bbox 289 2219 433 2271; x_wconf 72' lang='grc' dir='ltr'>&lt;18ὧ&gt;</span> <span class='ocrx_word' id='word_1_218' title='bbox 477 2216 748 2272; x_wconf 79' lang='grc' dir='ltr'><em>ἀφικομένου</em></span> <span class='ocrx_word' id='word_1_219' title='bbox 793 2214 830 2257; x_wconf 82' lang='grc' dir='ltr'><em>δ’</em></span> <span class='ocrx_word' id='word_1_220' title='bbox 878 2218 940 2265; x_wconf 85' lang='grc' dir='ltr'><em>εἰς</em></span> <span class='ocrx_word' id='word_1_221' title='bbox 982 2217 1062 2270; x_wconf 87' lang='grc' dir='ltr'><em>τὴν</em></span> <span class='ocrx_word' id='word_1_222' title='bbox 1100 2214 1321 2258; x_wconf 89' lang='grc' dir='ltr'><em>Ἰουδαίαν</em></span> <span class='ocrx_word' id='word_1_223' title='bbox 1350 2209 1545 2268; x_wconf 72' lang='grc' dir='ltr'><em>’Φήστου</em></span> 
     </span>
    </p>

    <p class='ocr_par' dir='ltr' id='par_1_11' title="bbox 297 2297 898 2341">
     <span class='ocr_line' id='line_1_36' title="bbox 297 2297 898 2341; baseline -0.003 -9"><span class='ocrx_word' id='word_1_224' title='bbox 297 2303 315 2341; x_wconf 62' lang='grc' dir='ltr'>ξ</span> <span class='ocrx_word' id='word_1_225' title='bbox 343 2302 409 2332; x_wconf 75' lang='grc'><em>182</em></span> <span class='ocrx_word' id='word_1_226' title='bbox 437 2298 480 2332; x_wconf 78' lang='lat' dir='ltr'><em>cf.</em></span> <span class='ocrx_word' id='word_1_227' title='bbox 508 2297 600 2332; x_wconf 79' lang='lat' dir='ltr'>Bell.</span> <span class='ocrx_word' id='word_1_228' title='bbox 627 2297 704 2332; x_wconf 86' lang='lat' dir='ltr'><strong>Iud.</strong></span> <span class='ocrx_word' id='word_1_229' title='bbox 732 2297 765 2330; x_wconf 88' lang='lat' dir='ltr'>H</span> <span class='ocrx_word' id='word_1_230' title='bbox 787 2300 840 2341; x_wconf 71' lang='lat'><em>14,</em></span> <span class='ocrx_word' id='word_1_231' title='bbox 872 2302 898 2331; x_wconf 92' lang='lat' dir='ltr'><em>l.</em></span> 
     </span>
    </p>
   </div>
   <div class='ocr_carea' id='block_1_9' title="bbox 1570 1176 1604 1201">
    <p class='ocr_par' dir='ltr' id='par_1_12' title="bbox 1570 1176 1604 1201">
     <span class='ocr_line' id='line_1_37' title="bbox 1570 1176 1604 1201; baseline 0 0"><span class='ocrx_word' id='word_1_232' title='bbox 1570 1176 1604 1201; x_wconf 87' lang='lat'><em>15</em></span> 
     </span>
    </p>
   </div>
   <div class='ocr_carea' id='block_1_10' title="bbox 1567 1527 1601 1552">
    <p class='ocr_par' dir='ltr' id='par_1_13' title="bbox 1567 1527 1601 1552">
     <span class='ocr_line' id='line_1_38' title="bbox 1567 1527 1601 1552; baseline 0 0"><span class='ocrx_word' id='word_1_233' title='bbox 1567 1527 1601 1552; x_wconf 82' lang='lat'><em>20</em></span> 
     </span>
    </p>
   </div>
   <div class='ocr_carea' id='block_1_11' title="bbox 1566 1875 1599 1900">
    <p class='ocr_par' dir='ltr' id='par_1_14' title="bbox 1566 1875 1599 1900">
     <span class='ocr_line' id='line_1_39' title="bbox 1566 1875 1599 1900; baseline 0 0"><span class='ocrx_word' id='word_1_234' title='bbox 1566 1875 1599 1900; x_wconf 77' lang='lat'><em>25</em></span> 
     </span>
    </p>
   </div>
   <div class='ocr_carea' id='block_1_12' title="bbox 1565 2227 1600 2252">
    <p class='ocr_par' dir='ltr' id='par_1_15' title="bbox 1565 2227 1600 2252">
     <span class='ocr_line' id='line_1_40' title="bbox 1565 2227 1600 2252; baseline 0 0"><span class='ocrx_word' id='word_1_235' title='bbox 1565 2227 1600 2252; x_wconf 84' lang='lat'><em>30</em></span> 
     </span>
    </p>
   </div>
   <div class='ocr_carea' id='block_1_13' title="bbox 1724 1168 1732 1191">
    <p class='ocr_par' dir='ltr' id='par_1_16' title="bbox 1724 1168 1732 1191">
     <span class='ocr_line' id='line_1_41' title="bbox 1724 1168 1732 1191; baseline 0 -4"><span class='ocrx_word' id='word_1_236' title='bbox 1724 1168 1732 1191; x_wconf 75' lang='lat'><em>1]</em></span> 
     </span>
    </p>
   </div>
   <div class='ocr_carea' id='block_1_14' title="bbox 1721 1877 1732 1901">
    <p class='ocr_par' dir='ltr' id='par_1_17' title="bbox 1721 1877 1732 1901">
     <span class='ocr_line' id='line_1_42' title="bbox 1721 1877 1732 1901; baseline 0 0"><span class='ocrx_word' id='word_1_237' title='bbox 1721 1877 1732 1901; x_wconf 56' lang='grc' dir='ltr'><strong><em>ἓ</em></strong></span> 
     </span>
    </p>
   </div>
  </div>
 </body>
</html>
