1732 2526
64 860 95 883 10

62 1210 95 1236 15

61 1564 94 1588 20

623 104 964 137 EKKAIAEKATH
1411 104 1436 145 5
1447 105 1464 144 1

123 214 239 266 ἔχειν
270 226 315 253 τε
347 209 418 252 καὶ
456 211 514 265 μὴ
554 211 716 263 δοκεῖν,
755 209 1026 265 ἐπιδημήσας
1063 211 1120 260 ὡς
1158 212 1235 253 τὸν
1260 209 1468 265 “Ηρώδην

121 282 240 338 δῶρά
271 297 316 323 τε
349 282 532 322 δίδωσιν
564 281 680 338 αὐτῷ
712 279 784 322 καὶ
816 283 950 322 πλείω
982 279 1083 333 παρ’
1116 280 1285 323 ἐκείνου
1319 283 1467 336 λαβὼν

120 361 214 402 ταῖς
245 353 485 404 εὐκαιρίαις
522 358 610 392 τῶν
650 350 885 400 ἐντεύξεων
919 350 1301 405 ἐπραγματεύσατο
1340 354 1468 406 φίλος

122 423 170 464 ἐν
197 430 288 472 τοῖς
315 422 500 476 μάλιστα
528 420 738 474 γενέσθαι
764 419 989 475 βασιλέως.
1024 421 1168 475 <3οῗ2>
1196 418 1250 474 ἦν
1277 420 1316 462 δ’
1348 423 1465 478 αὐτῷ

119 493 347 546 καταγωγὴ
387 489 466 546 μὲν
504 490 551 532 ἐν
590 498 681 540 τοῖς
718 489 1021 546 Ἀντιπάτρου,
1059 492 1277 545 πρόσοδος
1317 490 1364 533 δὲ
1396 491 1468 533 καὶ

119 565 334 617 συνήθεια
365 563 473 616 πρὸς
503 562 581 603 τὸν
609 559 917 616 Ἀλέξανδρον·
947 561 1162 618 Ἀρχελάῳ
1195 562 1277 617 γὰρ
1318 564 1467 616 ἔλεγεν

117 630 230 674 εἶναι
263 638 321 689 τῷ
343 632 606 673 Καππάδοκι
633 632 705 672 διὰ
733 633 938 686 σπουδῆς.
971 632 1115 686 <303>
1148 632 1256 673 ὅθεν
1289 630 1361 673 καὶ
1386 633 1466 686 τὴν

117 703 360 758 Γλαφύραν
403 703 666 757 ὑπεκρίνατο
712 708 864 756 τιμᾶν,
901 701 974 744 καὶ
1012 705 1151 752 πολὺς
1190 699 1246 756 ἦν
1285 701 1466 756 ἀφανῶς

116 771 196 828 μὲν
230 772 540 829 ἐκθεραπεύων
572 773 778 824 ἅπαντας,
813 771 879 815 ἀεὶ
914 771 962 814 δὲ
993 781 1083 822 τοῖς
1119 772 1408 827 λαλουμένοις
1439 774 1464 828 ἢ

117 842 394 898 γιγνομένοις
419 842 662 898 προσέχων,
682 844 740 892 ὡς
767 843 808 893 ἐξ
837 843 981 885 αὐτῶν
1009 844 1366 899 ἀντιχαρίζεσθαι
1391 844 1466 893 τὰς

117 915 336 969 διαβολάς.
398 915 544 969 <304>
576 913 700 964 τέλος
738 911 786 955 δὲ
823 921 1021 964 τοιοῦτος
1054 913 1219 972 ἑκάστῳ
1252 915 1359 956 κατὰ
1391 915 1466 963 τὰς

116 988 350 1040 συντυχίας
383 984 618 1039 ἀπέβαινεν
651 985 708 1034 ὡς
740 984 891 1042 ἐκείνῳ
924 983 1004 1039 μὲν
1043 982 1156 1026 εἶναι
1193 987 1336 1039 φίλος,
1374 993 1465 1034 τοῖς

116 1052 154 1097 δ’
192 1057 340 1105 ἄλλοις
373 1057 520 1098 δοκεῖν
552 1056 660 1097 κατὰ
692 1057 741 1097 τὸ
775 1054 1003 1110 συμφέρον
1037 1055 1188 1112 ἐκείνῳ
1221 1054 1464 1110 προσιέναι.

114 1128 192 1168 τὸν
234 1123 314 1168 οὖν
355 1125 643 1180 Ἀλέξανδρον
686 1128 1012 1180 προσεκτήσατο
1057 1125 1162 1168 νέον
1214 1127 1343 1180 ὄντα,
1392 1125 1464 1167 καὶ

114 1195 213 1251 περὶ
246 1192 308 1238 ὧν
340 1196 574 1238 ἐπεπόνθει
607 1195 763 1250 μηδενὶ
790 1195 885 1250 μέν,
911 1198 1021 1251 πρὸς
1047 1195 1217 1238 ἐκεῖνον
1245 1194 1293 1237 δὲ
1323 1198 1464 1251 μόνον

115 1266 251 1316 ἀδεῶς
287 1266 578 1321 πεπεισμένον
623 1266 781 1316 ἐξεῖναι
826 1265 991 1319 λέγειν·
1042 1266 1188 1320 <305>
1232 1265 1464 1321 ἐνέφαινεν

114 1333 196 1379 οὖν
228 1336 475 1392 ἀχθόμενος
511 1337 568 1387 ὡς
606 1337 629 1379 ὁ
668 1337 809 1391 πατὴρ
848 1337 1130 1391 ἠλλοτρίωτο,
1173 1336 1243 1379 καὶ
1281 1338 1334 1378 τὰ
1365 1337 1464 1393 περὶ

114 1408 193 1461 τὴν
225 1406 386 1463 μητέρα
425 1409 616 1462 διηγεῖτο
654 1405 727 1449 καὶ
764 1408 842 1448 τὸν
880 1404 1179 1463 Ἀντίπατρον,
1221 1408 1287 1449 ὅτι
1318 1422 1463 1462 παρω-

114 1479 335 1532 θούμενος
378 1478 537 1528 αὐτοὺς
580 1484 655 1532 τῆς
697 1483 823 1532 τιμῆς
865 1478 917 1519 τὰ
960 1475 1087 1520 πάντ’
1135 1479 1219 1532 ἤδη
1265 1478 1462 1519 δύναται.

114 1549 282 1591 τούτων
316 1546 354 1590 δ’
392 1549 574 1591 ἀνεκτὸν
606 1546 740 1591 οὐδὲν
771 1551 872 1603 ἔφη,
912 1547 1316 1603 κατεσκευασμένου
1353 1550 1463 1602 πρὸς

114 1627 241 1672 μῖσος
272 1620 355 1674 ἤδη
388 1626 467 1661 τοῦ
499 1621 676 1674 πατρός,
709 1619 766 1668 ὡς
797 1616 906 1673 μηδὲ
949 1621 1209 1673 συμποσίοις
1240 1619 1266 1673 ἢ
1306 1621 1463 1661 συλλό-

115 1705 208 1742 γοις
240 1688 476 1745 ἀνέχεσθαι
501 1689 652 1744 λέγων.
715 1696 897 1731 τοιαῦτα
928 1687 1009 1744 μὲν
1036 1689 1217 1743 ἐκεῖνος,
1249 1690 1306 1738 ὡς
1331 1691 1461 1744 εἰκός,

115 1758 185 1814 ἐφ’
222 1754 287 1810 οἷς
318 1761 458 1815 ἤλγει·
491 1761 635 1814 <306>
666 1761 768 1810 τοὺς
801 1757 849 1801 δὲ
881 1762 1042 1813 λόγους
1067 1760 1298 1815 Εὐρυκλῆς
1324 1758 1462 1802 Ἀντι-

113 1830 262 1888 πάτρῳ
304 1831 489 1880 τούτους
531 1829 737 1885 ἀνέφερε,
782 1829 923 1884 λέγων
973 1828 1053 1885 μὲν
1104 1831 1162 1879 ὡς
1211 1830 1290 1886 οὐχ
1337 1830 1462 1873 ἕνεκα

81 1916 94 1939 ⁷,
116 1901 252 1943 αὑτοῦ
290 1900 407 1943 τοῦτ’
452 1901 558 1944 αὐτὸ
594 1908 725 1955 ποιεῖ,
766 1905 978 1943 νικᾶσθαι
1017 1899 1056 1942 δ’
1101 1901 1187 1942 ὑπὸ
1221 1908 1302 1944 σοῦ
1333 1902 1462 1955 τιμώ-

115 1987 246 2026 μενος
289 1978 347 2028 τςό
394 1971 571 2026 μεγέθει
614 1978 693 2014 τοῦ
735 1972 1003 2027 πράγματος,
1046 1970 1115 2013 καὶ
1159 1972 1462 2027 φυλάττεσθαι

114 2045 520 2098 παρακελευόμενος
568 2044 644 2084 τὸν
691 2040 997 2097 Ἀλέξανδρον·
1049 2043 1102 2084 οὐ
1152 2043 1234 2097 γὰρ
1280 2042 1463 2091 ἀπαθῶς

116 2114 284 2156 τούτων
316 2113 500 2156 ἕκαστον
526 2112 685 2168 λέγειν,
711 2112 820 2155 ἀλλὰ
846 2120 936 2162 τοῖς
962 2113 1151 2168 ῥήμασιν
1177 2113 1327 2162 αὐτοῖς
1353 2112 1462 2154 ἐνεῖ-

117 2200 189 2225 ναι
231 2184 311 2238 τὴν
365 2185 652 2239 αὐτοχειρίαν.
726 2184 873 2238 <307>
920 2182 1199 2239 Ἀντίπατρος
1248 2181 1328 2238 μὲν
1379 2180 1462 2225 οὖν

64 2267 97 2292 30
117 2255 279 2297 εὔνουν
313 2254 640 2309 ὑπολαμβάνων
677 2253 723 2296 ἐκ
763 2255 932 2296 τούτων
973 2254 1161 2308 μεγάλας
1202 2253 1318 2310 αὐτῷ
1351 2251 1454 2307 παρ’

209 2339 228 2378 ξ
255 2338 321 2370 306
351 2335 396 2370 cf.
423 2335 514 2371 Bell.
541 2335 620 2370 Iud.
647 2334 663 2368 Ι
689 2338 744 2379 26,
772 2338 802 2369 2.
