1732 2526
581 78 991 126 ΕΠΤΑΚᾸΙΔΕΚΑΤΠ
1403 92 1459 134 95

114 206 193 243 τοῦ
227 202 447 253 Καίσαρος
485 201 783 254 διεφθαρκότα
824 200 903 252 τὴν
942 200 1098 240 οἰκίαν.
1161 199 1373 254 ἐξώτρυνε
1415 199 1454 242 δ’

115 270 249 313 αὐτὸν
293 269 364 312 καὶ
404 271 430 324 ἡ
470 271 680 324 Σαλώμη,
718 268 1126 323 στερνοτυπουμένη
1166 269 1236 311 καὶ
1274 272 1460 313 κτείνειν

115 341 253 396 αὑτὴν
284 342 539 395 κελεύουσα,
571 345 615 382 εί
635 356 755 390 τινος
782 338 851 382 ἐπὶ
877 341 1068 382 τοιοῖσδε
1101 342 1285 390 πίστεως
1316 344 1461 383 αἰτίαν

116 411 353 467 ἀξιόχρεων
385 412 455 453 οἵα
487 426 532 453 τε
564 418 803 465 παρασχεῖν
835 409 1018 464 γένοιτο.
1083 411 1224 463 <143>
1259 410 1461 466 Ἡρώδης

79 496 94 519 7»
115 480 163 524 δὲ
195 481 474 536 μεταπέμψας
505 479 705 535 ἀνέκρινε
737 482 814 522 τὸν
846 482 963 535 υἱόν,
995 482 1201 534 κελεύων,
1243 485 1352 522 εἴτι
1385 483 1460 523 ἀν-

114 560 277 594 τειπεῖν
307 554 411 608 ἔχοι,
445 550 589 604 λέγειν
615 548 753 605 μηδὲν
779 550 1060 606 ὑπιδόμενον.
1112 550 1203 593 ἐπεὶ
1229 549 1268 592 δ7
1299 552 1461 607 ἀχανὴς

114 621 184 677 ἦν,
216 625 344 677 ἤρετο
377 623 527 676 αὐτόν,
553 621 702 675 ἐπειδὴ
728 628 952 676 πανταχοῦ
982 623 1236 676 πεφώραται
1267 625 1459 678 πονηρὸς

115 695 191 747 ὥν,
223 695 325 743 τοὺς
356 700 466 747 γοῦν
499 694 972 747 συγκακουργήσαντας
1004 693 1119 749 αὐτῷ
1152 694 1204 734 τὰ
1230 693 1460 748 πράγματα

114 765 171 818 μὴ
219 767 429 818 μελλῆσαι
472 770 705 805 κατειπεῖν.
769 763 912 816 <144>
959 763 981 805 ὁ
1024 762 1062 804 δ’
1103 761 1336 821 Ἀντιφίλῳ
1380 765 1461 818 τὴν

62 848 94 873 10
112 835 290 876 πάντων
323 835 467 876 αἰτίαν
500 833 711 887 ἀνετίθει,
742 832 891 887 ἕτερον
930 832 969 875 δ’
1013 833 1175 876 οὐδένα
1216 837 1459 887 προυτίθει.

106 904 308 959 “Ηρώδης
341 901 388 945 δὲ
414 907 663 959 περιαλγῶν
691 904 864 958 ὥρμησε
897 902 976 958 μὲν
1002 904 1188 959 πέμπειν
1215 904 1283 947 ἐπὶ
1298 903 1462 959 Ῥώμης

111 977 190 1018 τὸν
220 975 322 1017 υίὸν
353 975 411 1024 ὡς
436 977 653 1030 Καίσαρα,
685 977 819 1028 λόγον
852 974 1069 1030 ὑφέξοντα
1094 982 1182 1017 τῶν
1213 974 1282 1017 ἐπὶ
1313 977 1460 1017 τοῖσδε

112 1045 445 1100 βουλευμάτων·
498 1046 642 1099 <145>
677 1047 821 1087 ἔπειτα
867 1046 1013 1095 δείσας
1058 1046 1114 1100 μὴ
1157 1045 1229 1087 καὶ
1273 1049 1461 1104 βοηθείᾳ

112 1123 200 1158 τῶν
237 1118 380 1170 φίλων
429 1115 628 1171 εὑρίσκοι
672 1122 750 1157 τοῦ
788 1117 1002 1158 κινδύνου
1045 1117 1282 1171 διαφυγήν,
1324 1117 1459 1159 αὐτὸν

62 1200 93 1225 15
113 1184 193 1241 μὲν
237 1185 417 1241 δέσμιον
460 1186 518 1236 ὡς
561 1185 632 1228 καὶ
674 1189 890 1241 πρότερον
928 1186 1192 1241 ἐφύλαττεν,
1236 1184 1368 1238 αὖθις
1412 1186 1460 1230 δὲ

25 1249 30 1253 ”
111 1256 316 1312 πρέσβεις
353 1255 563 1312 ἐξέπεμψε
600 1256 673 1299 καὶ
712 1257 941 1313 γράμματα
987 1256 1056 1299 ε’πὶ
1100 1261 1338 1315 κατηγορίᾳ
1381 1265 1460 1301 τοῦ

113 1327 251 1382 υἱέος,
296 1328 435 1370 ὁπόσα
479 1326 515 1369 τ’
557 1326 691 1383 Ἀκμὴ
737 1329 1165 1384 συγκακουργήσειεν
1204 1329 1342 1385 αὐτῷ,
1386 1328 1459 1370 καὶ

113 1397 360 1453 ἀντίγραφα
391 1406 480 1440 τῶν
514 1398 765 1441 ἐπιστολῶν.

204 1469 348 1524 <146>
385 1468 456 1511 καὶ
495 1470 540 1511 οἱ
575 1466 655 1524 μὲν
693 1469 895 1524 πρέσβεις
933 1468 1002 1511 ἐπὶ
1037 1476 1112 1523 τῆς
1147 1468 1308 1524 Ῥώμης
1345 1470 1459 1525 ἠπεί-
1481 1472 1507 1513 6

60 1553 93 1578 20
114 1555 261 1593 γοντο,
302 1540 441 1582 ὁπόσα
484 1538 523 1581 τ’
573 1538 948 1595 ἀνακρινομένους
987 1541 1137 1594 δεήσοι
1175 1539 1319 1593 λέγειν
1359 1555 1460 1593 προ-

113 1609 447 1666 εκδιδαχθέντες
488 1609 561 1652 καὶ
601 1611 652 1652 τὰ
697 1610 927 1665 γράμματα
958 1608 1184 1665 φέροντες·
1230 1612 1292 1660 είς
1323 1612 1460 1653 νόσον

114 1677 153 1722 δ’
191 1681 214 1723 ὁ
246 1682 452 1735 βασιλεὺς
484 1681 684 1735 ἐμπεσὼν
716 1681 933 1734 διαθήκας
964 1681 1137 1735 γράφει,
1169 1687 1227 1737 τῷ
1258 1681 1458 1739 νεωτάτῳ

112 1758 200 1792 τῶν
232 1751 343 1792 υἱῶν
374 1751 455 1804 τὴν
488 1753 714 1805 βασιλείαν
741 1751 894 1800 διδοὺς
927 1753 1043 1805 μίσει
1075 1756 1133 1808 τῷ
1165 1752 1275 1806 πρὸς
1305 1753 1383 1793 τόν
1418 1751 1452 1793 τ’

109 1819 342 1875 Ἀρχέλαον
368 1819 439 1862 καὶ
463 1823 687 1863 Φίλιππον
719 1820 766 1862 ἐκ
798 1828 885 1862 τῶν
902 1817 1187 1875 Ἀντιπάτρου
1224 1822 1459 1876 διαβολῶν,

59 1905 93 1930 25
114 1893 309 1946 Καίσαρί
349 1906 393 1932 τε
445 1893 641 1946 χρήματα
680 1891 907 1933 ταλάντων
949 1893 1125 1946 χιλίων,
1168 1890 1239 1932 καὶ
1283 1891 1459 1945 γυναικὶ

108 1961 270 2019 Ἰουλία
300 1968 350 2016 τῇ
390 1963 615 2017 Καίσαρος
652 1960 724 2003 καὶ
761 1960 931 2012 τέκνοις
961 1950 1042 2004 καὶ·
1075 1964 1222 2017 φίλοις
1253 1961 1325 2004 καὶ
1358 1962 1459 2005 ἀπε-

113 2032 343 2087 λευθέροις
373 2034 597 2088 Καίσαρος
627 2035 940 2075 πεντακοσίων.
985 2034 1129 2086 (147)
1162 2035 1285 2087 ἔνεμε
1313 2031 1360 2075 δὲ
1386 2033 1459 2076 καὶ

112 2111 202 2153 τοῖς
225 2102 340 2145 υἱέσι
366 2105 563 2158 χρήματα
589 2102 661 2145 καὶ
685 2105 934 2158 προσόδους
959 2102 1031 2145 καὶ
1058 2103 1221 2157 ἀγροὺς
1246 2102 1317 2145 καὶ
1344 2103 1458 2146 υἱέσι

112 2181 202 2223 τοῖς
245 2173 443 2216 ἐκείνων·
495 2175 717 2229 Σαλώμην
761 2173 797 2216 τ’
844 2174 913 2217 ἐπὶ
957 2173 1066 2229 μέγα
1111 2174 1332 2225 ἐπλούτιζε
1378 2176 1458 2229 τὴν

60 2257 94 2282 30
113 2244 326 2300 ἀδελφήν,
357 2246 522 2287 εὔνουν
553 2243 588 2287 τ’
628 2245 744 2302 αὐτῷ
778 2245 826 2287 ἐν
851 2251 958 2287 πᾶσι
988 2246 1360 2300 διαμεμενηκυῖαν
1385 2243 1458 2286 καὶ

112 2316 338 2370 μηδαμόθι
368 2315 711 2372 θρασυνομένην
741 2323 1016 2372 κακουργεῖν.
1077 2316 1222 2370 <148>
1262 2315 1458 2369 ἀπεγνω-
