1732 2526
588 96 928 128 ΕΚΚΑΙΔΕΚΑΤΙΙ
1375 92 1431 134 63

88 203 370 260 σιαζομένους
409 205 470 253 εἰς
506 202 612 244 αὐτὸ
651 206 698 244 τὸ
735 202 869 257 πέρας
907 201 1078 254 ἐλθεῖν,
1121 200 1192 243 καὶ
1231 209 1322 250 τοῖς
1353 199 1434 255 μὲν

86 276 275 317 πάθεσιν
309 274 643 329 ἐδυσχέραινον,
681 273 763 315 οὐκ
793 269 849 326 ἧν
882 269 922 313 δ’
959 270 1048 313 οὔτ’
1088 273 1225 313 εἰπεῖν
1257 288 1297 313 τι
1328 286 1433 326 προ-

87 344 210 396 πετὲς
252 343 343 388 οὔτ’
385 345 523 386 ἄλλου
565 342 771 397 λέγοντος
811 342 989 384 ἀκούειν
1027 342 1288 391 ἀκίνδυνον,
1334 340 1428 383 ἀλλ’

88 414 432 470 ἐγκεκλεισμένοι
474 416 550 456 τὸν
591 415 715 455 ε”λεον
757 414 985 468 ὀδυνηρῶς
1026 410 1105 467 μὲν
1143 412 1345 461 ἀναύδως
1387 410 1434 453 δὲ

52 488 166 541 -··»τὴν
210 487 460 540 ὑπερβολὴν
502 491 582 527 τοῦ
625 484 799 533 πάθους
842 485 1013 538 ἔφερον.
1088 483 1242 537 <375>
1286 477 1347 531 εἷς
1392 482 1430 523 δ’

87 557 233 600 αὐτῶν
272 557 406 598 πάλαι
450 556 732 610 στρατιώτης,
777 556 916 609 ὄνομα
964 556 1133 608 Τίρων,
1175 554 1276 595 υἱοῦ
1317 552 1434 609 αὐτῷ

86 624 189 670 καθ’
224 628 397 682 ἡλικίαν
430 627 556 675 ὄντος
576 624 847 683 Ἀλεξάνδρῳ
880 626 1032 679 φίλου,
1062 622 1218 676 πάνθ’,
1252 624 1332 665 ὅσα
1362 621 1435 664 καὶ

87 706 177 748 τοῖς
220 699 370 747 ἄλλοις
412 697 694 750 ὑποδυόμενα
739 694 795 738 δι’
840 695 1021 750 ἡσυχίας
1064 691 1139 748 ἦν,
1184 693 1314 743 αὐτὸς
1357 692 1430 735 ὑπ’

89 768 443 823 ἐλευθεριότητος
482 767 691 820 ἐξελάλει,
734 767 879 820 <376>
918 765 990 807 καὶ
1028 768 1139 820 βοᾶν
1171 765 1435 818 ἠναγκάζετο

36 854 68 877 1¹>
87 838 296 888 πολλάκις
328 839 375 880 ἐν
407 845 497 887 τοῖς
528 839 761 891 πλήθεσιν,
804 837 1176 891 ἀπαρακαλύπτως
1208 834 1347 889 λέγων
1379 836 1437 885 ὡς

89 910 295 952 ἀπόλοιτο
336 906 417 963 μὲν
460 908 485 962 ἡ
527 907 735 962 ἀλήθεια,
779 909 827 949 τὸ
868 904 915 948 δὲ
955 907 1126 949 δίκαιον
1165 906 1210 947 ἐκ
1242 913 1330 947 τῶν
1362 905 1437 946 ἀν-

87 981 283 1036 θρώπων
315 977 594 1035 ἀνῃρημένον
627 982 708 1032 εἴη,
739 980 918 1033 κρατοίη
952 975 999 1019 δὲ
1032 978 1083 1018 τὰ
1112 978 1339 1031 ψεύσματα
1364 975 1437 1017 καὶ

87 1051 113 1105 ἡ
152 1051 413 1104 κακοήθεια,
451 1048 523 1091 καὶ
560 1055 772 1091 τοσοῦτον
810 1047 946 1102 νέφος
984 1047 1136 1100 ἐπάγοι
1174 1055 1265 1096 τοῖς
1301 1046 1437 1100 πράγ-

88 1133 242 1176 μασιν,
281 1121 339 1170 ὡς
377 1118 487 1175 μηδὲ
518 1121 570 1161 vec
602 1119 782 1174 μέγιστα
820 1126 908 1161 τῶν
947 1118 1245 1173 ἀνθρωπίνων
1276 1122 1436 1159 παθῶν

36 1204 69 1231 15
89 1192 280 1248 ὁρᾶσθαι
305 1198 396 1241 τοῖς
421 1190 762 1246 ἁμαρτάνουσιν.
814 1189 958 1244 <377>
986 1195 1181 1238 τοιοῦτος
1208 1189 1269 1230 ὢν
1296 1187 1438 1229 ἐδόκει

24 1262 29 1265 ’
88 1261 168 1318 μὲν
213 1262 293 1305 οὐκ
337 1262 585 1311 ἀκινδύνως
627 1260 1018 1316 παρρησιάζεσθαι·
1069 1261 1117 1302 τὸ
1163 1255 1201 1301 δ’
1250 1259 1438 1313 εὔλογον

90 1333 222 1376 ἐκίνει
253 1333 436 1385 πάντας,
474 1333 556 1374 οὐκ
593 1331 822 1384 ἀνάνδρως
860 1331 997 1373 αὐτοῦ
1034 1332 1142 1385 πρὸς
1173 1331 1251 1372 τὸν
1282 1330 1438 1384 καιρὸν

91 1404 337 1459 ἱσταμένου.
393 1404 537 1458 <378>
570 1404 640 1445 διὸ
666 1405 738 1445 καὶ
763 1400 918 1455 πάνθ’,
953 1403 1061 1456 ἅπερ
1088 1401 1218 1449 αὐτὸς
1243 1404 1356 1442 εἴποι
1383 1399 1438 1441 ἂν

89 1474 287 1529 ἕκαστος,
322 1474 461 1530 ἡδέως
497 1475 662 1527 ἤκουον
693 1471 766 1516 ὑπ’
806 1473 976 1515 ἐκείνου
1014 1474 1248 1526 λεγόμενα,
1286 1469 1358 1512 καὶ
1389 1472 1438 1512 τὸ

36 1558 69 1584 20
89 1544 192 1588 καθ’
229 1545 389 1595 αὑτοὺς
430 1543 624 1599 ἀσφαλὲς
665 1544 712 1586 ἐν
752 1549 810 1601 τῷ
850 1550 979 1598 σιγᾶν
1016 1543 1320 1598 προορώμενοι
1358 1542 1439 1596 τὴν

90 1616 261 1659 ἐκείνου
286 1617 535 1671 παρρησίαν
561 1615 677 1669 ὅμως
702 1613 984 1669 ἀπεδέχοντο·
1018 1614 1065 1655 τὸ
1086 1613 1168 1666 γὰρ
1189 1612 1439 1666 προσδοκώ-

90 1703 225 1742 μενον
267 1687 411 1736 πάθος
455 1686 645 1740 ἐβιάζετο
696 1683 833 1726 πάνθ’
890 1685 1098 1727 ὁντινοῦν
1146 1681 1256 1738 ὑπὲρ
1302 1683 1438 1724 αὐτοῦ

90 1761 251 1800 λαλεῖν.

178 1829 336 1883 (379)
380 1828 402 1870 ὃ
449 1825 496 1869 δὲ
539 1826 612 1868 καὶ
654 1827 762 1880 πρὸς
805 1828 882 1869 τὸν
925 1825 1107 1881 βασιλέα
1151 1825 1257 1880 μετὰ
1299 1824 1439 1878 πάσης

37 1911 70 1937 25
90 1902 334 1955 παρρησίας
377 1898 601 1952 ὠσάμενος
643 1899 777 1952 μόνος
820 1899 941 1953 μόνῳ
986 1895 1129 1951 λέγειν
1172 1895 1318 1950 ἠξίου,
1367 1894 1440 1937 καὶ

92 1971 457 2025 συγχωρήσαντος
485 1969 553 2010 (οὐ
580 1967 841 2022 δυνάμενος’
873 1965 1009 2021 εἶπεν,
1041 1964 1090 2008 (ὦ
1118 1969 1314 2021 βασιλεῦ,
1347 1967 1440 2008 δια-

91 2048 316 2095 καρτερεῖν
358 2039 428 2082 ἐπὶ
468 2040 652 2096 τοιούτῳ
692 2039 849 2092 πάθει,
892 2039 973 2092 τὴν
1013 2038 1236 2092 τολμηρὰν
1276 2037 1440 2091 ταύτην

91 2113 358 2166 παρρησιάν,
409 2109 651 2164 ἀναγκαίαν
696 2107 744 2151 δὲ
788 2108 858 2151 σοὶ
902 2108 975 2151 καὶ
1018 2107 1354 2163 συμφέρουσαν,
1402 2108 1442 2149 εἰ

93 2181 243 2236 λάβοις
285 2197 325 2223 τι
368 2182 585 2236 χρήσιμον
629 2179 672 2230 ἐξ
718 2180 870 2235 αὐτῆς,
919 2180 1165 2235 προύκρινα
1214 2184 1291 2232 τῆς
1336 2177 1440 2232 ἐμῆς

39 2264 73 2289 30
92 2251 342 2307 ἀσφαλείας.
405 2251 562 2305 <380>
598 2258 677 2293 ποῖ
709 2249 813 2293 ποτὲ
851 2249 1019 2308 ᾤχοντό
1059 2262 1128 2292 σοι
1166 2247 1237 2291 καὶ
1273 2249 1439 2290 πεπτώ-

93 2334 221 2364 κασιν
253 2321 299 2364 ἐκ
329 2328 404 2376 τῆς
438 2327 577 2376 ψυχῆς
609 2322 657 2363 αἱ
684 2321 864 2377 φρένες;
896 2329 973 2363 ποῖ
1004 2319 1051 2363 δὲ
1084 2319 1155 2362 καὶ
1188 2320 1210 2363 ὁ
1243 2320 1440 2375 περιττὸς
