1732 2526
244 87 330 127 174
737 63 1102 120 ΑΡΧΑΙΟΛΟΓΙΑΣ

242 195 408 236 κελεύει
433 195 486 236 τὰ
512 192 641 236 τέκνα
666 201 963 249 προσαγαγεῖν
989 195 1099 247 πρὸς
1125 194 1278 236 αὐτόν·
1312 192 1485 250 χρῄζειν
1511 195 1593 250 γὰρ
1624 233 1629 237 .

241 264 481 319 ἀφικέσθαι
515 267 640 319 σφίσι
679 266 935 319 διαλόγων
972 263 1077 320 πρὶν
1110 264 1135 318 ἢ
1170 267 1387 306 τελευτᾶν.
1450 264 1594 320 <206>

241 333 353 390 ἦσαν
395 333 434 377 δ’
479 335 595 392 αὐτῷ
638 336 792 385 παῖδες
835 336 1009 389 γνήσιοι
1053 333 1134 389 μὲν
1176 333 1339 377 οὐκέτι·
1389 338 1595 390 Δροῦσος

240 407 322 461 γὰρ
363 408 439 461 δή,
483 406 506 448 ὁ
547 408 683 461 μόνος
721 406 836 462 αὐτῷ
876 407 1088 460 γεγονώς,
1134 405 1344 462 ἐτύγχανε
1386 407 1591 456 τεθνεώς·

239 477 335 526 υίὸς
377 474 425 518 δὲ
464 478 626 519 τούτου
667 479 940 519 κατελείπετο
985 475 1206 532 Τιβέριος,
1252 477 1592 532 ἐπικαλούμενος

241 546 477 602 Γέμελλος,
528 549 660 598 Γάιός
702 564 747 590 τε
793 550 1070 603 Γερμανικοῦ
1114 556 1214 597 παῖς
1258 548 1455 604 ἀδελφοῦ
1498 548 1594 598 υίὸς

241 620 454 673 γεγονώς,
498 621 675 668 νεανίας
719 617 757 660 τ’
804 619 887 673 ἤδη
930 617 1003 660 καὶ
1043 620 1248 661 παιδείαν
1290 618 1594 673 ἐκπεπονηκὼς

242 688 311 731 ἐπὶ
337 693 557 744 πλεῖστον,
590 690 741 746 εὐνοίᾳ
772 705 817 731 τε
848 696 927 731 τοῦ
961 690 1104 744 δήμου
1133 691 1375 745 τιμώμενος
1407 690 1480 731 διὰ
1512 690 1593 744 τὴν

240 762 517 815 Γερμανικοῦ
549 766 628 802 τοῦ
660 761 823 815 πατρὸς
855 759 1024 815 ἀρετήν.
1088 761 1206 814 <207
1219 762 1252 815 >
1279 759 1348 802 ἐπὶ
1386 759 1591 815 μέγιστον

240 832 322 885 γὰρ
362 832 415 885 δὴ
456 828 584 880 οὗτος
621 828 733 885 ἦλθε
770 832 888 886 παρὰ
926 839 1018 880 τοῖς
1055 834 1246 886 πλήθεσι
1283 838 1407 886 τιμῆς
1439 832 1591 873 εὐστα-

240 905 342 959 θείᾳ
374 904 538 957 τρόπου
571 901 644 944 καὶ
677 902 890 956 δεξιότητι
922 908 1001 944 τοῦ
1028 902 1197 957 ὁμιλεῖν
1230 902 1482 957 ἀνεπαχθὴς
1514 903 1591 956 ὥν,

238 972 310 1014 καὶ
347 974 427 1028 τὴν
466 972 647 1024 ἀξίωσιν
684 974 903 1028 κτώμενος
940 979 999 1030 τςό
1042 974 1285 1028 βούλεσθαι
1329 978 1422 1023 ἴσος
1457 979 1592 1015 πᾶσιν

238 1041 368 1086 εἶναι·
419 1044 576 1098 <208>
620 1043 661 1094 ἐξ,
703 1040 764 1085 ὧν
803 1043 856 1086 οὐ
888 1046 1027 1098 μόνον
1061 1044 1083 1086 ὁ
1123 1045 1259 1099 δῆμος
1289 1042 1361 1086 καὶ
1393 1043 1418 1097 ἡ
1451 1044 1590 1098 βουλὴ

238 1117 446 1170 μειζόνως
477 1112 588 1169 ἦγον
621 1114 771 1168 αὐτόν,
804 1114 914 1156 ἀλλὰ
945 1113 1018 1156 καὶ
1043 1122 1130 1156 τῶν
1155 1114 1381 1157 ὑποτελῶν
1407 1113 1590 1156 ἕκαστον

239 1185 409 1240 ἐθνῶν,
449 1187 494 1228 οἳ
523 1183 603 1240 μὲν
635 1186 900 1240 ὡμιληκότες
938 1184 1219 1240 ἁλισκόμενοι
1258 1191 1308 1240 τῇ
1341 1185 1484 1241 χάριτι
1515 1191 1590 1239 τῆς

239 1256 485 1311 ἐντεύξεως,
519 1258 564 1298 οἳ
594 1254 641 1298 δὲ
672 1257 827 1298 πύστει
859 1262 933 1310 τῆς
959 1255 1140 1298 ἐκείνων
1167 1256 1427 1311 ἀφηγήσεως
1452 1270 1589 1310 παρα-

238 1328 548 1382 λαμβάνοντες.
616 1326 762 1381 <209>
800 1325 966 1376 πένθος
1003 1325 1038 1368 τ’
1078 1326 1214 1368 αὐτοῦ
1252 1327 1590 1380 τελευτήσαντος

237 1397 461 1454 προυτέθη
494 1403 649 1452 πᾶσιν,
687 1397 740 1439 οὐ
777 1399 993 1453 θεραπείᾳ
1030 1402 1105 1451 τῆς
1138 1396 1271 1453 ἀρχῆς
1303 1396 1590 1453 ἐπιψευδομέ-

238 1485 330 1510 νων
362 1470 442 1523 τὴν
475 1467 725 1523 συμφοράν,
757 1467 871 1523 ’λύπῃ
904 1465 945 1508 δ’
979 1467 1141 1522 ἀληθεῖ
1169 1466 1484 1522 οἰκειουμένων
1516 1468 1589 1509 διὰ

238 1541 285 1582 τὸ
325 1540 445 1581 ἰδίαν
481 1540 617 1595 τύχην
656 1537 855 1588 ἑκάστοις
893 1539 974 1593 τὴν
1005 1538 1268 1593 μετάστασιν
1300 1538 1437 1581 αὐτοῦ
1468 1538 1589 1581 ὑπει-

238 1613 425 1665 λῆφθαι·
477 1610 616 1659 οὕτως
657 1608 916 1664 ἀνεπαχθῶς
957 1610 1148 1664 ὡμίλησε
1190 1616 1281 1659 τοῖς
1325 1608 1589 1664 ἀνθρώποις.

238 1680 382 1734 <21Ο>
423 1679 464 1730 ἐξ
504 1676 566 1722 ὧν
604 1679 713 1735 μέγα
752 1681 910 1735 ὄφελος
947 1679 1019 1722 καὶ
1057 1686 1116 1738 τῷ
1148 1680 1273 1722 παιδὶ
1306 1680 1442 1723 αὐτοῦ
1473 1681 1590 1735 παρὰ

237 1756 344 1793 πᾶσι
369 1749 671 1793 κατελέλειπτο
697 1758 788 1800 τοῖς
813 1749 851 1792 τ’
881 1751 1044 1804 ἄλλοις,
1077 1749 1149 1792 καὶ
1175 1750 1361 1805 μάλιστα
1386 1752 1434 1792 τὸ
1461 1761 1589 1805 στρα-

238 1824 440 1864 τιωτικὸν
472 1819 593 1878 ἦρτο,
625 1821 784 1877 ἀρετὴν
817 1821 1113 1876 ἀριθμοῦντες
1144 1823 1193 1864 τὸ
1224 1819 1324 1877 περὶ
1349 1827 1424 1876 τῆς
1455 1820 1589 1877 ἀρχῆς

239 1891 390 1950 ἐκείνῳ
423 1891 837 1948 περιγενησομένης,
870 1893 910 1934 εἰ
941 1894 1102 1947 δεήσει,
1135 1891 1207 1934 καὶ
1238 1895 1455 1934 τελευτᾶν,

329 1964 485 2017 <211>
524 1962 546 2004 ὁ
586 1961 634 2005 δὲ
678 1962 877 2018 Τιβέριος
913 1963 1073 2021 Εὐόδῳ
1111 1965 1366 2017 πρόσταγμα
1407 1962 1588 2015 ποιησά-

238 2049 369 2087 μενος
400 2034 508 2075 κατὰ
540 2034 620 2088 τὴν
645 2034 881 2089 ὑστεραίαν
911 2033 994 2076 ὑπὸ
1020 2035 1100 2088 τὴν
1126 2033 1182 2075 ἕω
1209 2038 1458 2087 εἰσαγαγεῖν
1484 2034 1588 2083 τοὺς

237 2104 418 2157 παῖδας,
456 2104 626 2158 εὔχεται
664 2111 755 2153 τοῖς
790 2106 987 2159 πατρίοις
1023 2108 1146 2154 θεοῖς
1184 2102 1444 2158 σημεῖόνπι
1480 2118 1587 2158 προ-

238 2174 407 2228 φαντὸν
439 2173 555 2230 αὐτῷ
590 2173 728 2224 δεῖξαι
759 2172 858 2228 περὶ
890 2180 968 2216 τοῦ
1000 2175 1079 2229 τὴν
1120 2174 1358 2229 ἡγεμονίαν
1391 2173 1586 2224 διαδεξο-

1613 845 1645 870 10

1611 1197 1643 1222 15

1609 1551 1643 1576 20

1609 1903 1642 1929 25

238 2242 395 2298 με’νου,
433 2245 639 2286 σπεύδων
670 2242 749 2298 μὲν
782 2250 840 2300 τῷ
874 2244 964 2286 υἱεῖ
991 2251 1069 2287 τοῦ
1101 2245 1257 2295 παιδὸς
1288 2244 1426 2299 αὐτὴν
1458 2259 1584 2286 κατα·
1604 2255 1641 2281 30

238 2312 403 2368 λιπεῖν,
441 2317 588 2369 μεῖζον
627 2312 675 2356 δὲ
708 2314 837 2368 δόξης
874 2330 918 2356 τε
950 2314 1022 2356 καὶ
1060 2317 1310 2370 βουλήσεως
1342 2321 1416 2369 τῆς
1448 2315 1585 2358 αὑτοῦ
