1732 2526
706 104 820 137 ΒΙΟΣ
1354 102 1440 145 335

181 213 326 266 <126>
350 213 573 254 νεανίσκοι
594 208 709 260 τινὲς
728 215 926 265 θρασεῖς,
953 210 1278 266 Δαβαριττηνοὶ
1300 210 1439 265 γένος,
1466 227 1510 259 26

91 282 429 338 ἐπιτηρήσαντες
461 283 538 336 τὴν
572 283 853 336 Πτολεμαίου
894 289 1079 335 γυναῖκα
1117 287 1194 323 τοῦ
1227 282 1442 336 βασιλέως

90 354 342 409 ἐπιτρόπου,
375 353 480 408 μετὰ
511 356 676 406 πολλῆς
707 359 984 406 παρασκευῆς
1014 355 1090 393 καί
1113 369 1245 394 τινων
1274 352 1441 394 ἱππέων

90 424 328 479 ἀσφαλείας
371 424 498 479 χάριν
543 422 769 478 ἑπομένων
815 423 887 464 διὰ
928 429 1007 465 τοῦ
1049 423 1240 476 μεγάλου
1284 425 1441 466 πεδίου

52 507 68 532 5
88 496 169 549 τὴν
206 497 390 549 πορείαν
427 493 699 549 ποιουμένην
742 493 787 534 ἐκ
818 500 893 548 τῆς
925 500 1015 542 τοῖς
1046 495 1302 548 βασιλεῦσιν
1335 494 1441 536 ὑπο-

88 569 242 616 τελοῦς
284 567 426 621 χώρας
469 566 531 614 εἰς
573 565 653 619 τὴν
692 563 915 618 Ῥωμαίων
960 563 1256 618 ἐπικράτειαν,
1303 563 1442 606 ἐπιπί-

87 648 285 679 πτουσιν.
316 636 465 685 αὐτοῖς
505 636 653 690 ἄφνω,
697 636 851 688 <127>
892 634 964 676 καὶ
1005 636 1085 689 τὴν
1130 632 1210 689 μὲν
1254 641 1441 688 γυναῖκα

88 714 248 761 φυγεῖν
274 706 542 760 ἠνάγκασαν,
574 705 655 747 ὅσα
683 701 722 746 δ’
753 704 986 760 ἐπεφέρετο
1013 706 1154 747 πάντα
1182 706 1441 760 διήρπασαν.

87 775 160 819 καὶ
202 774 310 831 ἧκον
351 778 413 827 εἰς
459 778 694 831 Ταριχαίας
734 778 842 831 πρός
885 792 937 831 με
981 776 1186 830 τέτταρας
1229 777 1442 830 ἡμιόνους

36 861 68 885 10
88 850 390 903 καταφόρτους
421 849 601 902 ἄγοντες
633 847 817 901 ἐσθῆτος
854 846 925 889 καὶ
968 855 1154 888 σκευῶν·
1200 844 1255 901 ἦν
1289 844 1336 888 δὲ
1368 846 1440 888 καὶ

89 918 304 973 ἀργυρίου
337 920 532 973 σταθμὸς
565 918 646 960 οὐκ
678 918 826 972 ὀλίγος
856 917 928 960 καὶ
960 925 1121 973 χρυσοῖ
1149 919 1439 960 πεντακόσιοι.

88 990 232 1043 <128>
273 988 391 1031 ταῦτ’
436 988 519 1043 ἐγὼ
560 991 831 1043 βουλόμενος
873 988 1137 1043 διαφυλάξαι
1177 995 1235 1044 τῷ
1276 991 1441 1030 Πτολε-

88 1062 200 1117 μαίῳ
235 1058 326 1115 (καὶ
359 1060 440 1113 γὰρ
473 1057 528 1113 ἧν
555 1060 792 1114 ὁμόφυλος,
825 1058 1120 1113 ἀπηγόρευται
1153 1056 1190 1100 δ’
1222 1059 1328 1113 ἡμῖν
1353 1059 1439 1100 ὑπὸ

88 1137 177 1172 τῶν
208 1132 358 1185 νόμων
396 1128 506 1185 μηδὲ
544 1132 647 1180 τοὺς
687 1130 874 1185 ἐχθροὺς
907 1129 1182 1184 ἀποστερεῖν)
1221 1131 1328 1184 πρὸς
1360 1127 1440 1184 μὲν

36 1211 68 1238 15
87 1202 189 1250 τοὺς
232 1203 496 1255 κομίσαντας
541 1203 652 1255 ε”φην
697 1200 806 1242 αὐτὰ
849 1201 1087 1255 φυλάττειν
1129 1201 1244 1253 δεῖν,
1288 1198 1345 1241 ἵν’
1394 1200 1441 1242 ἐκ

88 1277 164 1326 τῆς
200 1272 400 1327 πράσεως
438 1271 584 1313 αὐτῶν
623 1271 919 1326 ἐπισκευασθῇ
962 1272 1014 1312 τὰ
1046 1274 1163 1327 τείχη
1195 1278 1283 1313 τῶν
1308 1269 1440 1326 Ἱερο-

89 1343 305 1397 σολύμων.
377 1343 533 1397 (129)
578 1343 624 1384 οἱ
665 1340 713 1384 δὲ
757 1344 928 1384 νεανίαι
972 1346 1169 1397 χαλεπῶς
1213 1344 1342 1397 ἔσχον
1388 1342 1440 1384 οὐ

89 1414 298 1467 λαβόντες
335 1420 494 1468 μοῖραν
533 1413 579 1454 ἐκ
618 1421 705 1455 τῶν
743 1414 956 1468 λαφύρων
996 1413 1196 1466 καθάπερ
1228 1413 1441 1467 προσεδό-

88 1495 251 1538 κησαν,
289 1482 360 1524 καὶ
391 1482 685 1536 πορευθέντες
717 1485 778 1533 εἰς
810 1485 885 1533 τὰς
915 1483 1037 1538 πέριξ
1071 1489 1145 1537 τῆς
1183 1483 1442 1538 Τιβεριάδος

36 1566 69 1591 20
89 1554 236 1607 κώμας
278 1555 542 1608 προδιδόναι
586 1554 761 1609 μέλλειν
805 1570 856 1609 με
894 1553 1121 1609 Ῥωμαίοις
1164 1555 1243 1608 τὴν
1293 1555 1441 1609 χώραν

90 1624 236 1666 αὐτῶν
274 1626 442 1679 ἔλεγον·
487 1626 631 1679 <13Ο>
669 1630 910 1681 κεχρῆσθαι
950 1627 1031 1681 γὰρ
1066 1627 1301 1680 σοφίσματι
1332 1627 1441 1680 πρὸς

90 1695 264 1749 αὐτούς,
297 1694 479 1750 λέγοντα
506 1697 557 1737 τὰ
584 1696 630 1738 ἐκ
655 1703 730 1751 τῆς
759 1696 954 1751 ἁρπαγῆς
980 1695 1249 1751 κομισθέντα
1276 1697 1441 1751 φυλάτ-

89 1780 182 1807 τειν
214 1766 275 1814 εἰς
305 1766 385 1819 τὴν
418 1765 651 1821 ἐπισκευὴν
677 1775 764 1808 τῶν
796 1775 951 1822 τειχῶν
978 1773 1051 1821 τῆς
1075 1765 1440 1821 Ἱεροσολυμιτῶν

89 1837 276 1889 πόλεως,
318 1835 557 1889 ἐγνωκέναι
599 1837 646 1879 δὲ
687 1837 819 1879 πάλιν
857 1845 915 1894 τῷ
956 1838 1143 1893 δεσπότῃ
1183 1837 1438 1879 ἀποδοῦναι.

37 1916 70 1943 25
90 1905 162 1948 καὶ
206 1907 313 1948 κατὰ
357 1909 486 1949 τοῦτό
527 1923 574 1961 γε
616 1914 690 1962 τῆς
731 1908 835 1963 ἐμῆς
876 1910 1051 1963 γνώμης
1092 1907 1145 1949 οὐ
1186 1908 1439 1962 διήμαρτον.

90 1977 236 2031 <131>
267 1977 608 2031 ἀπαλλαγέντων
641 1979 723 2033 γὰρ
757 1979 903 2020 αὐτῶν
939 1978 1326 2033 μεταπεμψάμενος
1358 1979 1439 2020 δύο

91 2049 193 2097 τοὺς
223 2049 438 2103 πρώτους,
470 2051 709 2091 Δασσίωνα
740 2048 811 2091 καὶ
838 2047 1057 2092 Ἰάνναιον
1093 2050 1171 2091 τὸν
1203 2056 1282 2091 τοῦ
1313 2050 1441 2102 Λευΐ,

91 2121 249 2174 φίλους
280 2117 328 2160 ἐν
359 2125 449 2176 τοῖς
479 2119 666 2173 μάλιστα
697 2127 776 2162 τοῦ
807 2119 1021 2174 βασιλέως
1052 2124 1350 2174 καθεστῶτας,
1389 2120 1441 2161 τὰ

53 2215 56 2217 Δ
93 2187 140 2230 ἐκ
180 2195 255 2243 τῆς
296 2188 493 2243 ἁρπαγῆς
533 2191 665 2245 σκεύη
708 2192 924 2245 λαβόντας
962 2191 1295 2246 διαπέμψασθαι
1331 2191 1441 2245 πρὸς

38 2271 73 2297 30
93 2258 263 2302 ἐκεῖνον
284 2258 503 2314 ἐκέλευον,
527 2261 727 2304 θάνατον
747 2261 981 2316 ἀπειλήσας
1000 2262 1150 2311 αὐτοῖς
1169 2262 1249 2315 τὴν
1271 2263 1441 2316 ζημίαν,

187 2344 206 2383 ἓ
235 2344 302 2375 126
329 2340 373 2376 cf.
400 2340 493 2376 Bell.
519 2341 598 2377 Iud.
625 2342 658 2376 H
684 2346 739 2387 21,
767 2346 798 2377 3.
