1732 2526
122 813 154 837 10

121 1164 152 1189 15

120 1516 153 1541 20

119 1869 153 1894 25

788 58 901 90 ΒΙΟΣ
1434 56 1519 97 383

169 163 491 206 ’Beffna6tavo13.
565 161 637 204 καὶ
681 164 735 217 δὴ
780 164 1066 213 κελεύσαντος
1113 163 1249 206 αὐτοῦ
1292 164 1521 218 ἠγαγόμην

174 235 271 276 τινὰ
303 233 530 287 παρθένον
563 233 609 274 ἐκ
634 241 722 274 τῶν
749 234 1083 289 αἰχμαλωτίδων
1114 242 1202 275 τῶν
1227 235 1335 276 κατὰ
1358 235 1521 276 Καισά-

175 319 297 358 ρειαν
331 303 533 346 ἁλουσῶν
565 303 797 358 ἐγχώριον·
831 304 974 357 (415)
1004 304 1057 345 οὐ
1082 303 1314 359 παρέμεινε
1342 301 1381 346 δ’
1412 304 1518 358 αὕτη

175 390 249 429 μοι
280 377 421 416 πολὺν
447 376 626 430 χρόνον,
657 373 767 416 ἀλλὰ
800 373 1014 424 λυθέντος
1046 373 1117 416 καὶ
1150 376 1255 429 μετὰ
1277 373 1520 417 ’ὅεσπασια-

174 451 256 487 νοῦ
306 444 601 499 πορευθέντος
657 445 717 494 εἰς
771 445 851 498 τὴν
901 443 1231 498 Ἀλεξάνδρειαν
1280 445 1519 500 ἀπηλλάγη.

174 523 361 568 γυναῖκα
394 514 432 556 δ’
471 513 622 569 ἑτέραν
654 514 882 569 ἠγαγόμην
924 516 1029 556 κατὰ
1061 516 1141 569 τὴν
1177 513 1519 570 Ἀλεξάνδρειαν.

173 587 316 640 <416>
348 585 554 628 κάκεῖθεν
582 584 650 627 ἐπὶ
676 587 757 640 τὴν
777 584 1096 640 Ἱεροσολύμων
1127 589 1385 640 πολιορκίαν
1412 598 1520 640 συμ-

172 655 391 711 πεμφθεὶς
428 659 539 714 Τίτῳ
571 656 781 706 πολλάκις
820 656 1065 699 ἀποθανεῖν
1098 657 1401 710 ἐκινδύνευσα,
1433 664 1520 698 τῶν

174 743 218 769 τε
246 726 472 770 Ἰουδαίων
510 728 583 769 διὰ
622 728 817 781 σπουδῆς
849 726 1040 782 ἐχόντων
1072 727 1325 782 ὑποχείριόν
1363 743 1414 781 με
1447 730 1519 768 λα-

173 800 269 852 βεῖν
300 800 509 852 τιμωρίας
551 798 697 852 ἕνεκα,
737 797 809 839 καὶ
842 797 1062 852 Ῥωμαίων
1102 798 1251 847 ὁσάκις
1295 802 1520 851 νικηθεῖεν

172 868 354 923 πάσχειν
386 876 514 910 τοῦτο
546 868 637 910 κατ’
678 868 786 922 ἐμὴν
817 869 1062 924 προδοσίαν
1101 869 1355 910 δοκούντων
1394 880 1520 910 συνε-

172 946 261 994 χεῖς
292 954 336 980 τε
368 941 653 994 καταβοήσεις
691 938 760 981 ἐπὶ
800 946 879 981 τοῦ
917 939 1239 995 αὐτοκράτορος
1277 939 1520 993 ἐγίγνοντο,

172 1010 370 1060 κολάζειν
402 1025 452 1064 με
479 1010 537 1060 ὡς
562 1009 634 1051 καὶ
660 1009 806 1052 αὑτῶν
832 1011 1054 1065 προδότην
1086 1009 1341 1060 ἀξιούντων.
1375 1009 1520 1063 <417>

179 1082 304 1130 Τίτος
337 1078 384 1121 δὲ
418 1082 589 1135 Καῖσαρ
622 1082 697 1130 τὰς
728 1087 807 1122 τοῦ
838 1079 1033 1135 πολέμου
1059 1082 1192 1136 τύχας
1217 1081 1298 1122 οὐκ
1330 1079 1518 1133 ἀγνοῶν,

173 1157 272 1206 σιγῇ
305 1151 379 1199 τὰς
410 1148 474 1191 ἐπ’
513 1148 587 1205 ἐμὲ
618 1159 706 1192 τῶν
733 1158 1009 1206 στρατιωτῶν
1042 1150 1215 1201 ἐξέλυεν
1243 1150 1390 1205 ὁρμάς.
1433 1151 1518 1204 ἤδη

173 1219 222 1262 δὲ
252 1222 359 1263 κατὰ
396 1221 553 1275 κράτος
589 1227 663 1275 τῆς
700 1229 787 1263 τῶν
819 1219 1182 1275 Ἱεροσολυμιτῶν
1220 1222 1387 1270 πόλεως
1427 1220 1520 1276 ἐχο-

173 1291 325 1346 μένης,
375 1294 500 1341 Τίτος
550 1293 722 1347 Καῖσαρ
774 1291 950 1334 ἔπειθέν
997 1307 1048 1346 με
1097 1292 1306 1341 πολλάκις
1351 1291 1397 1333 ἐκ
1445 1298 1520 1346 τῆς

172 1369 450 1417 κατασκαφῆς
492 1368 566 1416 τῆς
609 1363 819 1416 πατρίδος
862 1369 948 1404 πᾶν
987 1362 1010 1403 ὅ
1049 1378 1090 1404 τι
1133 1361 1309 1416 θέλοιμι
1349 1364 1517 1416 λαβεῖν·

174 1440 418 1486 συγχωρεῖν
456 1434 538 1487 γὰρ
587 1432 717 1482 αὐτὸς
755 1434 955 1487 ἔφασκεν.
1024 1432 1186 1486 <418>
1232 1432 1314 1486 ἐγὼ
1360 1430 1409 1473 δὲ
1444 1438 1520 1486 τῆς

173 1504 381 1559 πατρίδος
406 1504 624 1558 πεσούσης
649 1501 786 1558 μηδὲν
813 1505 925 1558 ἔχων
945 1504 1215 1557 τιμιώτερον,
1238 1503 1260 1545 ὃ
1281 1511 1368 1544 τῶν
1390 1502 1518 1557 ἐμαυ-

172 1579 251 1616 τοῦ
284 1582 526 1629 συμφορῶν
558 1576 620 1624 εἰς
650 1576 938 1629 παραμυθίαν
971 1575 1119 1628 λαβὼν
1148 1574 1404 1628 φυλάξαιμι,
1436 1585 1518 1616 σω-

173 1644 320 1699 μάτων
365 1644 612 1700 ἐλευθέρων
650 1646 731 1699 τὴν
775 1649 947 1699 αἴτησιν
987 1644 1227 1699 ἐποιούμην
1277 1646 1406 1687 Τίτον
1446 1644 1518 1686 καὶ

173 1717 355 1769 βιβλίων
383 1716 527 1770 ἱερῶν,
549 1714 678 1769 <καὶ>
701 1717 860 1769 ἔλαβον
881 1714 1178 1770 χαρισαμένου
1206 1717 1348 1757 Τίτου.
1373 1715 1518 1769 <419>

173 1783 262 1839 μετ’
305 1786 358 1828 οὐ
401 1788 514 1828 πολὺ
554 1783 601 1827 δὲ
639 1784 710 1827 καὶ
750 1787 827 1828 τὸν
868 1785 1063 1840 ἀδελφὸν
1101 1786 1206 1840 μετὰ
1249 1788 1518 1840 πεντήκοντα

174 1858 318 1909 φίλων
362 1857 648 1911 αἰτησάμενος
685 1856 765 1899 οὐκ
804 1855 1031 1911 ἀπέτυχον.
1101 1854 1173 1897 καὶ
1213 1857 1273 1905 εἰς
1309 1857 1358 1898 τὸ
1399 1857 1518 1910 ἱερὸν

174 1924 223 1968 δὲ
253 1925 489 1981 πορευθεὶς
527 1929 656 1969 Τίτου
688 1927 769 1980 τὴν
802 1926 1005 1977 ἐξουσίαν
1043 1927 1213 1979 δόντος,
1254 1927 1367 1968 ἔνθα
1404 1929 1518 1968 πολὺ

172 2000 343 2051 πλῆθος
375 1999 659 2053 αἰχμαλώτων
697 1996 938 2051 ἐγκέκλειτο
978 2004 1200 2050 γυναικῶν
1238 2012 1281 2038 τε
1323 1995 1394 2038 καὶ
1426 1996 1518 2038 τέκ-

172 2084 280 2121 νων,
324 2068 454 2117 ὅσους
498 2067 694 2122 ἐπέγνων
738 2071 882 2121 φίλων
921 2067 1037 2122 ἐμῶν
1074 2066 1147 2108 καὶ
1189 2069 1401 2121 συνήθων
1438 2066 1518 2108 ὑπ-

174 2138 386 2193 άρχοντας
442 2138 714 2193 ἐρρυσάμην,
765 2137 866 2193 περὶ
922 2137 1077 2179 ἑκατὸν
1126 2135 1198 2178 καὶ
1253 2137 1516 2192 ἐνενήκοντα

120 2219 154 2244 3⁰
174 2209 196 2223 ,l
371 2210 378 2221 ἱ
480 2209 489 2223 7
624 2211 633 2224 l
891 2208 899 2223 5
940 2206 949 2222 ἱ
1050 2209 1060 2222 Ι
1404 2207 1414 2221 Ι
1504 2225 1517 2236 “b

174 2223 302 2258 οντας
342 2224 418 2251 τον
468 2214 684 2264 αριθμον,
728 2208 802 2250 καὶ
852 2209 956 2251 ουδε
1006 2211 1142 2263 λυτρα
1191 2212 1514 2262 καταθεμενους

174 2277 382 2333 ἀπέλυσα,
415 2282 699 2334 συγχωρήσας
729 2279 891 2329 αὐτοὺς
916 2285 965 2334 τῇ
997 2277 1189 2335 προτέρᾳ
1220 2279 1337 2335 τύχῃ.
1371 2278 1517 2332 <420>
