1732 2526
94 491 110 515 5

81 844 114 868 10

34 1196 120 1221 -15

89 1549 123 1575 20

94 1900 127 1926 25

97 2252 130 2278 30

603 88 1008 122 OKTQKAIAEKATH
1392 85 1475 127 189

130 196 198 239 καὶ
234 198 312 250 τὴν
346 196 411 238 ἐπὶ
446 204 536 245 τοῖς
575 195 693 244 ὅλοις
731 195 960 248 σύλληψιν.
1022 194 1164 247 <2S5>
1197 195 1284 248 ἅμα
1316 209 1360 235 τε
1394 194 1477 247 γὰρ

131 268 314 310 ἐπαύετο
346 273 423 308 τοῦ
455 268 590 319 λόγου
623 265 675 306 ὃν
706 266 814 319 πρὸς
853 266 952 314 τοὺς
979 263 1222 314 Ἰουδαίους
1255 261 1368 317 εἷπε,
1406 262 1476 305 καὶ

131 338 284 380 αὐτίκα
322 337 451 379 ὑετὸν
489 336 607 391 ἠφίει
646 335 803 390 μέγαν,
844 333 943 390 παρ’
984 335 1138 376 ἐλπίδα
1175 342 1265 384 τοῖς
1303 334 1478 387 ἀνθρώ-

128 423 226 458 ποις
269 409 509 462 γενόμενον
555 407 627 448 διὰ
667 408 716 448 τὸ
759 405 930 460 ἐκείνην
970 406 1050 459 τὴν
1092 404 1257 459 ἡμέραν
1299 409 1479 457 αἱθριον

132 476 270 521 οὖσαν
303 477 446 520 ἕωθεν
479 474 611 519 οὐδὲν
639 478 825 531 ὄμβριον
852 475 1168 530 ἀποσημαίνειν
1195 475 1241 517 ἐκ
1266 482 1354 516 τῶν
1381 472 1480 526 περὶ

131 551 209 591 τὸν
242 548 450 603 οὐρανόν,
482 546 553 589 καὶ
585 549 632 590 τὸ
659 554 747 589 πᾶν
779 549 873 596 ἔτος
899 546 1048 603 αὐχμῷ
1076 546 1249 603 μεγάλῳ
1275 556 1484 599 κατεσχη-

132 618 266 674 μένον
305 616 369 660 ἐπ’
407 617 654 671 ἀπογνώσει
692 625 836 660 ποιεῖν
873 619 976 667 τοὺς
1016 617 1282 671 ἀνθρώπους
1321 616 1483 665 ὕδατος

132 696 210 732 τοῦ
242 690 435 743 ἄνωθεν,
466 689 507 730 εί
536 687 607 730 καὶ
640 689 864 744 σύννεφόν
895 703 997 730 ποτε
1029 688 1268 729 θεάσαιντο
1298 688 1375 729 τὸν
1409 685 1482 727 οὐὴ

133 761 288 813 ρανόν·
346 759 501 813 (286)
552 760 660 801 ὥστε
706 760 760 814 δὴ
804 761 900 802 τότε
946 762 1114 801 πολλοῦ
1158 757 1230 800 καὶ
1273 758 1391 811 παρὰ
1433 757 1482 798 τὸ

134 832 292 879 εἰωθὸς
324 829 396 872 καὶ
433 831 550 885 παρὰ
587 832 635 872 τὸ
669 829 824 884 ἑτέρως
857 829 989 880 δόξαν
1032 829 1277 884 ἀφιγμένου
1309 828 1482 880 ὕδατος,

135 909 225 951 τοῖς
253 917 297 943 τε
326 899 557 950 Ἰουδαίοις
583 899 704 950 ἐλπὶς
734 898 790 954 ἦν
820 900 1023 954 οὐδαμῶς
1049 900 1280 955 ἀτυχήσειν
1309 898 1484 951 Πετρώ-

136 987 235 1014 νιον
267 968 376 1024 ὑπὲρ
409 970 553 1012 αὐτῶν
587 971 810 1023 δεόμενον.
874 970 896 1012 ὁ
930 971 1182 1023 Πετρώνιος
1220 967 1267 1010 δὲ
1308 966 1485 1010 κατεπέ-

136 1045 300 1096 πληκτο
338 1043 565 1096 μειζόνως,
611 1042 727 1095 ὀρῶν
765 1040 958 1094 ἐναργῶς
994 1041 1071 1082 τὸν
1108 1041 1218 1082 θεὸν
1256 1046 1343 1080 τῶν
1377 1036 1485 1080 Ἰου-

139 1113 277 1154 δαίων
307 1112 682 1166 προμηθούμενον
720 1109 792 1152 καὶ
832 1112 1001 1165 πολλὴν
1033 1110 1374 1165 ἀποσημήναντα
1406 1108 1486 1161 τὴν

140 1182 414 1238 ἐπιφάνειαν,
447 1182 505 1232 ὡς
537 1179 636 1236 μηδ’
670 1181 724 1223 ἂν
756 1189 846 1231 τοῖς
872 1183 984 1239 ἔργῳ
1009 1179 1304 1235 προθεμένοις
1329 1178 1487 1220 τάναν-

139 1255 208 1295 τία
246 1260 430 1308 φρονεῖν
469 1253 596 1307 ἰσχὺν
635 1251 888 1302 ἀντιλέξεως
927 1255 1278 1305 καταλελεῖφθαι.
1341 1249 1488 1303 <287>

140 1324 198 1373 ὡς
242 1321 289 1364 δὲ
332 1321 405 1364 καὶ
444 1324 552 1376 πρὸς
591 1324 668 1364 τὸν
707 1322 844 1364 Γάιον
885 1324 968 1364 σὺν
1010 1329 1101 1371 τοῖς
1141 1325 1309 1370 λοιποῖς
1350 1320 1488 1362 ὁπόσα

141 1396 332 1449 ἔγραφεν
365 1425 374 1434 .
401 1427 408 1434 .
438 1425 446 1434 .
479 1392 682 1446 ἐπαγωγὰ
728 1391 766 1434 δ’
803 1390 858 1447 ἦν
897 1393 948 1434 τὰ
985 1393 1126 1434 πάντα
1163 1390 1235 1434 καὶ
1273 1392 1490 1439 παντοίως

141 1467 479 1519 παρακαλοῦντα
511 1465 568 1518 μὴ
600 1464 813 1513 τοσαύτας
845 1463 1060 1518 μυριάδας
1101 1463 1351 1517 ἀνθρώπων
1384 1460 1489 1502 ἀπο-

142 1542 284 1588 νοεῖν,
324 1535 373 1584 ἃς
409 1536 450 1576 εἰ
486 1537 648 1576 κτείνοι
688 1534 762 1589 (οὐ
793 1535 876 1589 γὰρ
911 1535 1010 1589 δίχα
1047 1549 1095 1587 γε
1128 1532 1321 1587 πολέμου
1353 1546 1490 1586 παρα-

143 1607 360 1661 χωρήσειν
400 1611 479 1646 τοῦ
519 1607 711 1659 νομίμου
751 1611 825 1659 τῆς
861 1602 1141 1659 θρησκείας),
1180 1603 1405 1657 προσόδου
1446 1617 1490 1643 τε

144 1682 219 1730 τῆς
245 1675 316 1717 ἀπ’
349 1675 494 1717 αὐτῶν
519 1675 857 1730 ἀποστερεῖσθαι
883 1674 954 1717 καὶ
981 1681 1038 1732 τῷ
1066 1675 1258 1731 τροπαίῳ
1284 1679 1359 1727 τῆς
1385 1672 1492 1727 ἀρᾶς

144 1747 439 1789 ὑποτίθεσθαι
465 1747 542 1788 τὸν
568 1744 782 1800 μέλλοντα
808 1747 956 1788 αἰῶνα.
1003 1746 1148 1799 <288>
1174 1746 1343 1793 κᾶλλως
1362 1745 1491 1786 θείου

145 1823 224 1859 τοῦ
268 1819 583 1872 προεστηκότος
626 1816 770 1858 αὐτῶν
814 1817 894 1871 τὴν
939 1817 1131 1870 δύναμιν
1172 1816 1230 1865 ὡς
1272 1814 1491 1869 ἀκραιφνῆ

147 1886 375 1943 ἀπέφαινε,
407 1886 479 1929 καὶ
511 1885 648 1942 μηδὲν
681 1887 937 1930 ἐνδοίαστον
965 1886 1031 1928 ἐπὶ
1062 1887 1247 1941 δυνάμει
1272 1892 1323 1941 τῇ
1357 1886 1494 1927 αὐτοῦ

147 1958 482 2001 ἐπιδείκνυσθαι
514 1960 871 2000 καταλείπουσαν.

236 2030 380 2083 <289>
420 2028 490 2071 καὶ
523 2030 775 2084 Πετρώνιος
812 2026 892 2083 μὲν
930 2028 978 2071 ἐν
1015 2029 1188 2078 τούτοις
1219 2025 1294 2082 ἧν,
1323 2026 1494 2083 Ἀγρίπ-

147 2114 230 2149 πας
267 2098 306 2142 δ’
344 2100 366 2142 ὁ
405 2101 609 2155 βασιλεύς
649 2099 874 2156 (ἐτύγχανε
912 2101 995 2154 γὰρ
1034 2099 1104 2141 ἐπὶ
1129 2098 1292 2153 Ῥώμης
1324 2099 1495 2140 διαιτώ-

149 2171 296 2225 μενος)
328 2172 574 2226 προύκοπτε
607 2173 732 2227 φιλίςι
763 2176 814 2226 τῇ
852 2172 960 2226 πρὸς
997 2172 1074 2213 τὸν
1107 2170 1244 2212 Γάιον
1277 2171 1495 2224 μειζόνως.

150 2243 225 2282 καί
257 2255 361 2284 ποτε
398 2240 581 2296 προθεὶς
619 2242 800 2284 δεῖπνον
832 2241 977 2298 αὐτῷ,
1019 2239 1091 2283 καὶ
1129 2243 1345 2295 πρόνοιαν
1384 2241 1496 2293 ἔχων

150 2312 314 2362 πάντας
356 2311 683 2368 ὑπερβαλέσθαι
723 2311 869 2354 τέλεσί
905 2328 948 2354 τε
992 2319 1083 2362 τοῖς
1123 2313 1186 2362 εἰς
1225 2313 1272 2353 τὸ
1315 2312 1497 2352 δεῖπνον
