1732 2526
168 1019 193 1060 8

177 2225 196 2256 2

214 66 240 105 2
248 66 303 106 92
706 68 1068 101 ΑΡΧΑΙΟΛΟΓΙΑΣ

214 174 323 226 πρὸς
354 173 496 227 γάμον
535 174 692 228 αὐτήν·
738 174 852 216 οὕτω
885 175 967 227 γὰρ
1010 173 1200 227 ἐλέγξειν
1238 171 1562 230 ῷετόψευδεῖς

214 244 288 293 τὰς
320 244 539 298 διαβολάς.
590 245 734 298 <146>
766 243 837 286 καὶ
870 245 893 286 ὁ
915 244 1132 298 Πολέμων
1164 244 1346 298 ἐπείσθη
1375 245 1561 298 μάλιστα

214 314 287 355 διὰ
319 315 397 356 τὸν
429 317 621 356 πλοῦτον
654 315 798 368 αὐτῆς.
861 315 913 356 οὐ
945 315 1033 368 μὴν
1066 313 1134 355 ἐπὶ
1159 317 1272 356 πολὺ
1306 315 1562 368 συνέμεινεν

212 384 235 426 ὁ
269 385 421 438 γάμος,
453 382 551 426 ἀλλ’
588 385 615 438 ἡ
647 387 859 439 Βερενίκη
895 382 953 426 δι’
990 385 1245 438 ἀκολασίαν,
1288 385 1346 434 ὡς
1378 387 1563 439 ἔφασαν,

211 455 412 496 κατέλιπε
444 457 522 497 τὸν
557 455 815 509 Πολέμωνα.
878 455 900 497 ὃ
935 453 973 496 δ’
1011 456 1099 510 ἅμα
1128 462 1207 497 τοῦ
1239 471 1283 497 τε
1315 456 1458 510 γάμου
1490 455 1563 497 καὶ

212 531 291 567 τοῦ
335 533 426 574 τοῖς
470 527 592 567 ἔθεσι
637 533 725 567 τῶν
765 523 994 568 Ἰουδαίων
1048 525 1252 580 ἐμμένειν
1301 525 1562 580 ἀπήλλακτο.

211 595 359 650 <147>
391 602 450 652 τῷ
485 597 601 652 αὐτῷ
635 594 683 637 δὲ
715 603 853 652 καιρῷ
884 595 957 638 καὶ
995 597 1258 651 Μαριάμμη,
1295 608 1564 651 παραιτησα-

212 664 321 720 μένη
371 668 449 708 τὸν
489 665 745 721 Ἀρχέλαον,
790 665 1018 723 συνῴκησε
1076 670 1316 723 Δημητρίῳ
1366 673 1425 723 τῷ
1474 675 1563 708 τῶν

213 735 261 777 ἐν
298 735 604 792 Ἀλεξανδρεία
643 733 872 778 Ἰουδαίων
915 738 1187 791 πρωτεύοντι
1230 736 1347 791 γένει
1396 753 1441 779 τε
1491 736 1563 779 καὶ

212 807 405 863 πλούτῳ·
438 809 534 848 τότε
560 808 614 860 δὴ
642 805 713 848 καὶ
739 808 820 860 τὴν
847 806 1117 861 ἀλαβαρχίαν
1143 808 1274 856 αὐτὸς
1306 805 1405 862 εἶχε.
1438 810 1562 862 γενό-

213 892 348 930 μενον
382 873 421 917 δ’
458 877 567 932 αὐτῇ
599 879 779 919 παιδίον
818 877 860 927 ἐξ
902 877 1073 919 ἐκείνου
1105 876 1392 932 Ἀγριππῖνον
1430 890 1565 933 προσ-

213 948 468 1001 ηγόρευσεν.

304 1017 450 1071 <148>
482 1017 592 1059 ἀλλὰ
623 1017 723 1073 περὶ
761 1016 841 1072 μὲν
883 1016 1067 1060 ἑκάστου
1106 1020 1275 1060 τούτων
1317 1017 1405 1073 μετ’
1445 1018 1565 1070 ἀκρι-

214 1089 334 1141 βειάς
378 1088 564 1142 ὕστερον
615 1088 967 1143 ἀπαγγελοῦμεν·
1018 1092 1199 1145 τελευτᾷ
1250 1087 1298 1131 δὲ
1342 1090 1566 1138 Κλαύδιος

215 1160 387 1212 Καῖσαρ
433 1159 697 1212 βασιλεύσας
738 1162 831 1217 ἐτηι
858 1161 1062 1213 δεκατριά
1106 1166 1245 1214 μῆνας
1295 1160 1406 1201 ὀκτὼ
1457 1161 1565 1213 πρὸς

214 1228 397 1283 ἡμέραις
429 1233 582 1282 εἴκοσι,
614 1228 685 1270 καὶ
718 1232 848 1282 λόγος
880 1227 936 1283 ἢν
967 1230 1084 1284 παρά
1115 1246 1250 1271 τινων
1283 1230 1340 1279 ὡς
1371 1230 1456 1271 ὑπὸ
1490 1236 1565 1283 τῆς

214 1300 424 1353 γυναικὸς
452 1298 734 1354 Ἀγριππίνης
767 1300 1011 1354 φαρμάκοις
1044 1299 1247 1355 ἀνῄρητο.
1297 1301 1454 1354 ταύτης
1485 1315 1565 1341 πα-

214 1370 294 1424 τὴρ
340 1367 420 1424 μὲν
465 1367 520 1423 ἦν
553 1372 822 1424 Γερμανικὸς
855 1373 1079 1424 Καίσαρος
1117 1370 1327 1425 ἀδελφός,
1366 1370 1477 1424 ἀνὴρ
1517 1368 1566 1411 δὲ

216 1440 434 1495 Δομέτιος
461 1439 738 1494 Ἠνόβαρβος
770 1441 791 1481 ὁ
825 1448 913 1482 τῶν
952 1440 1190 1494 ἐπισήμων
1216 1441 1323 1482 κατὰ
1360 1441 1441 1494 τὴν
1466 1439 1565 1482 Ῥω-

216 1513 359 1565 μαίων
409 1512 556 1552 πόλιν·
609 1512 752 1564 <149>
803 1508 856 1552 οὗ
903 1514 1241 1565 τελευτήσαντος
1289 1511 1565 1565 χηρεύουσαν

217 1581 355 1635 αὐτὴν
389 1580 458 1622 ἐπὶ
489 1583 631 1622 πολὺν
663 1584 827 1635 χρόνον
848 1582 1072 1630 Κλαύδιος
1097 1582 1246 1634 ἄγεται
1271 1583 1380 1636 πρὸς
1411 1582 1566 1636 γάμον,

216 1651 493 1705 ἐπαγομένην
525 1650 596 1693 καὶ
629 1654 764 1693 παῖδα
798 1651 1016 1706 Δομέτιον
1056 1652 1293 1706 ὁμώνυμον
1331 1658 1390 1709 τςό
1422 1655 1566 1705 πατρί.

216 1724 514 1777 προανῃρήκει
547 1723 629 1776 γὰρ
661 1722 741 1775 τὴν
774 1730 962 1776 γυναῖκα
1006 1724 1295 1764 Μεσσαλῖναν
1334 1723 1407 1764 διὰ
1446 1725 1566 1776 ζηλο-

217 1795 402 1845 τυπίαν,
447 1792 489 1842 ἐξ
536 1789 588 1845 ἧς
631 1793 747 1848 αὐτῷ
787 1794 940 1841 παῖδες
979 1792 1240 1846 ἐγεγόνεσαν
1278 1794 1567 1847 Βρεττανικὸς

218 1861 530 1903 καὶ-Ὀκταεία.
594 1863 738 1916 <150>
764 1860 818 1916 ἦν
838 1860 901 1913 ,δὲ
939 1863 1055 1920 αὐτῷ
1089 1862 1161 1904 καὶ
1189 1862 1400 1906 Ἀντωνία
1436 1875 1566 1917 πρεσ-

219 1933 382 1986 βυτάτη
426 1940 514 1973 τῶν
558 1934 785 1987 ἀδελφῶν,
829 1933 884 1986 ἣν
929 1933 975 1974 ἐκ
1019 1937 1230 1988 Πετεινῆς
1273 1940 1347 1987 τῆς
1394 1935 1567 1987 πρώτης

219 2004 428 2056 γυναικὸς
460 2001 558 2057 εἶχε.
622 2002 693 2045 καὶ
727 2005 780 2057 δὴ
814 2004 893 2057 τὴν
920 2002 1148 2045 Ὀκταδίαν
1184 2005 1348 2058 ἥρμοσε
1386 2011 1444 2060 τῷ
1478 2003 1566 2045 Νέ-

220 2086 347 2127 ρωνι·
392 2078 520 2114 τοῦτο
562 2074 645 2128 γὰρ
683 2074 870 2128 ὕστερον
903 2074 1037 2116 αὐτὸν
1076 2074 1280 2116 ἐκάλεσεν
1318 2075 1566 2128 εἰσποιησά-

221 2159 352 2198 μενος
382 2144 482 2184 υίὸν
515 2144 537 2185 ὁ
570 2145 754 2197 Καῖσαρ.

1584 822 1617 846 10

1586 1173 1617 1197 15

1585 1525 1619 1550 20

1586 1877 1619 1902 25

311 2213 456 2266 <151>
489 2215 714 2256 δεδοικυῖα
747 2213 785 2255 δ’
822 2215 848 2268 ἡ
867 2213 1126 2269 Ἀγριππῖνα
1152 2217 1209 2269 μὴ
1236 2216 1258 2258 ὁ
1279 2217 1566 2270 Βρεττανικὸς
1585 2227 1619 2252 30

318 2297 337 2335 ἓ
365 2296 431 2327 148
459 2293 502 2327 cf.
529 2293 621 2328 Bell.
650 2294 727 2328 Iud.
754 2294 869 2338 1112,
896 2299 928 2330 8.
