1732 2526
266 60 351 101 318
792 57 1020 90 ΙΩΣΗΠΟΤ

267 168 488 216 δείσαντες
520 164 559 207 δ’
598 164 722 207 αὐτοὶ
753 166 810 220 μὴ
837 165 993 207 ἄοπλοι
1019 163 1335 217 καθεστηκότες
1366 161 1610 217 ὑποχείριοι

266 236 480 292 γένωνται
512 243 602 285 τοῖς
633 235 824 291 ἐχθροῖς,
857 235 879 277 ὃ
911 233 984 276 καὶ
1016 234 1121 289 μετὰ
1153 239 1287 274 ταῦτα
1328 231 1507 287 συνέβη,
1539 231 1612 274 καὶ

265 311 514 362 πυθόμενοι
545 307 625 361 τὴν
657 308 896 349 Γαλιλαίαν
929 306 1048 348 οὔπω
1081 310 1226 346 πᾶσαν
1251 302 1475 357 Ῥωμαίων
1507 301 1611 358 ἀφε-

266 379 435 433 στάναι,
468 377 598 434 μέρος
630 376 668 419 δ’
713 377 846 431 αὐτῆς
888 377 1068 432 ἠρεμεῖν
1100 377 1177 428 ἔτι,
1218 375 1332 428 <29>
1364 372 1611 428 πέμπουσιν

266 448 340 504 ἐμὲ
371 448 444 491 καὶ
476 449 557 491 δύο
590 449 750 498 ἄλλους
781 455 868 489 τῶν
903 446 1070 502 ἱερέων,
1095 447 1255 494 καλοὺς
1281 443 1506 498 κάγαθοὺς
1535 444 1611 486 ἅν-

266 522 386 575 δρας,
412 518 643 575 Ἰωάζαρον
674 518 746 561 καὶ
774 517 964 571 Ἰούδαν,
995 519 1225 565 πείσοντας
1256 517 1358 564 τοὺς
1389 516 1611 568 πονηροὺς

264 590 540 632 καταθέσθαι
572 591 623 632 τὰ
649 590 776 643 ὅπλα,
807 587 879 630 καὶ
913 588 1170 638 διδάξοντας
1196 587 1254 636 ὡς
1280 588 1398 628 ἔστιν
1428 586 1610 640 ἄμεινον

264 668 355 710 τοῖς
386 663 631 715 κρατίστοις
660 666 739 702 τοῦ
771 661 933 708 ἔθνους
970 658 1078 700 αὐτὰ
1114 661 1356 712 τηρεῖσθαι.
1420 657 1611 709 ἔγνωστο

267 729 315 772 δὲ
358 732 530 780 τούτοις
573 729 640 772 ἀεὶ
685 728 765 784 μὲν
809 731 924 785 ἔχειν
965 730 1017 770 τὰ
1061 729 1172 770 ὅπλα
1213 729 1320 782 πρὸς
1358 728 1405 768 τὸ
1450 725 1611 780 μέλλον

265 801 431 856 ἕτοιμα,
471 799 722 855 περιμένειν
763 798 811 842 δὲ
855 802 899 841 τί
938 798 1150 855 πράξουσι
1187 797 1391 852 Ῥωμαῖοι
1435 801 1609 851 μαθεῖν.

266 874 380 926 <30>
412 873 561 926 λαβὼν
593 868 676 913 οὖν
707 871 791 925 ἐγὼ
823 871 899 920 τὰς
930 870 1158 923 ὑποθήκας
1195 870 1353 918 ταύτας
1388 867 1611 922 ἀφικόμην

263 944 326 992 εἰς
356 944 436 997 τὴν
470 944 727 995 Γαλιλαίαν,
759 940 831 983 καὶ
864 943 1154 995 Σεπφωρίτας
1180 937 1260 994 μὲν
1287 938 1366 981 οὐκ
1399 938 1446 980 ἐν
1479 938 1613 995 ὀλίγῳ

264 1012 362 1067 περὶ
394 1019 470 1067 τῆς
495 1014 705 1067 πατρίδος
730 1011 868 1066 ἀγῶνι
894 1016 1170 1059 καθεστῶτας
1196 1007 1344 1065 εὗρον,
1374 1009 1611 1064 διαρπάσαι

263 1086 528 1140 κεκρικότων
568 1084 706 1138 αὐτὴν
744 1091 831 1125 τῶν
875 1084 1123 1124 Γαλιλαίων
1165 1082 1238 1123 διὰ
1269 1082 1350 1135 τὴν
1381 1082 1489 1135 πρὸς
1513 1078 1613 1122 Ῥω-

265 1156 421 1209 μαίους
453 1153 633 1195 ἐκείνων
665 1155 833 1208 φιλίαν,
866 1150 938 1194 καὶ
971 1151 1037 1193 ὅτι
1069 1153 1238 1208 Κεστίῳ
1268 1151 1422 1207 Γάλλῳ
1454 1156 1513 1207 τῷ
1539 1156 1613 1205 τῆς

266 1226 434 1279 Συρίας
459 1223 774 1278 ἡγεμονεύοντι
801 1222 950 1273 δεξιάν
975 1237 1019 1263 τε
1045 1220 1117 1263 καὶ
1145 1224 1292 1262 πίστιν
1322 1223 1613 1275 προτείνειαν.

265 1295 381 1349 <31>
427 1294 536 1336 ἀλλὰ
580 1294 763 1343 τούτους
806 1290 886 1347 μὲν
931 1292 1014 1346 ἐγὼ
1059 1292 1224 1341 πάντας
1267 1290 1490 1345 ἀπήλλαξα
1534 1297 1612 1333 τοῦ

265 1367 424 1421 φόβου,
456 1367 608 1413 πείσας
639 1361 754 1417 ὑπὲρ
786 1363 931 1405 αὐτῶν
968 1363 1021 1404 τὰ
1058 1364 1232 1416 πλήθη,
1269 1360 1340 1403 καὶ
1383 1361 1614 1417 ἐπιτρέψας

266 1436 415 1485 ὁσάκις
452 1433 636 1476 θέλουσι
687 1433 1011 1488 διαπέμπεσθαι
1052 1435 1161 1489 πρὸς
1200 1434 1302 1482 τοὺς
1347 1431 1393 1474 ἐν
1438 1433 1613 1487 Δώροις

266 1509 454 1555 οἰκείους
486 1505 783 1560 ὁμηρεύοντας
814 1507 1002 1561 Κεστίῳ·
1044 1504 1095 1545 τὰ
1129 1501 1176 1545 δὲ
1202 1506 1341 1558 Δῶρα
1366 1505 1491 1552 πόλις
1523 1501 1612 1544 ἐστὶ

264 1584 339 1632 τῆς
388 1579 609 1630 Φοινίκης.
683 1578 784 1625 τοὺς
828 1575 874 1616 ἐν
929 1574 1153 1629 Τιβεριάδι
1205 1571 1252 1615 δὲ
1301 1578 1612 1623 κατοικοῦντας

266 1646 398 1703 εὗρον
431 1645 499 1702 ἐφ’
532 1648 644 1689 ὅπλα
669 1648 967 1701 κεχωρηκότας
998 1646 1098 1699 ἤδη,
1126 1641 1183 1686 δι’
1220 1646 1365 1686 αἰτίαν
1390 1645 1611 1699 τοιαύτην.

355 1718 470 1772 <32>
503 1718 673 1767 στάσεις
704 1723 819 1772 τρεῖς
850 1714 963 1770 ἦσαν
994 1717 1100 1758 κατὰ
1131 1716 1211 1769 τὴν
1242 1717 1388 1769 πόλιν,
1423 1717 1499 1768 μία
1530 1712 1611 1769 μὲν

266 1789 443 1843 ἀνδρῶν
474 1788 776 1843 εὐσχημόνων,
807 1784 911 1843 ἦρχε
938 1786 977 1827 δ’
1011 1787 1144 1840 αὐτῆς
1163 1784 1346 1835 Ἰούλιος
1372 1785 1610 1834 Κάπελλος.

266 1859 380 1913 <33>
412 1856 540 1908 οὗτος
579 1860 632 1912 δὴ
670 1857 742 1900 καὶ
781 1858 826 1900 οἱ
861 1859 944 1899 σὺν
982 1857 1098 1913 αὐτῷ
1137 1857 1310 1910 πάντες,
1344 1854 1546 1910 “Ηρώδης
1587 1855 1609 1898 ὁ

265 1932 447 1984 Μιαροῦ
485 1927 558 1970 καὶ
589 1927 792 1983 “Ηρώδης
830 1928 852 1970 ὁ
891 1933 970 1969 τοῦ
1008 1927 1217 1981 Γαμάλου
1254 1926 1326 1968 καὶ
1365 1927 1546 1980 Κομψὸς
1586 1925 1609 1968 ὁ

266 2005 345 2042 τοῦ
377 2001 566 2053 Κομψοῦ
599 1998 816 2055 (Κρίσπος
847 1999 930 2053 γὰρ
964 1997 1154 2053 ἀδελφὸς
1185 1997 1336 2051 αὐτοῦ,
1371 2002 1450 2038 τοῦ
1481 1996 1610 2050 μεγά-

267 2074 346 2112 λου
379 2068 592 2124 βασιλέως
624 2071 859 2124 γενόμενός
889 2083 992 2111 ποτε
1025 2070 1224 2123 ἔπαρχος,
1263 2067 1310 2109 ἐν
1347 2074 1440 2116 ταῖς
1478 2068 1610 2116 ἰδίαις

266 2142 470 2195 κτήσεσιν
504 2139 726 2194 ἐτύγχανε,
752 2138 889 2195 πέραν
915 2146 994 2181 τοῦ
1015 2137 1276 2193 Ἰορδάνου),
1307 2136 1422 2190 <34>
1452 2137 1611 2187 πάντες

267 2208 349 2254 οὗν
381 2211 426 2252 οἶ
453 2209 763 2265 προειρημένοι
795 2211 902 2252 κατὰ
928 2212 1005 2252 τὸν
1030 2211 1185 2265 καιρὸν
1211 2208 1381 2250 ἐκεῖνον
1409 2205 1610 2262 ἐμμένειν

268 2281 592 2335 συνεβούλευον
625 2287 674 2335 τῇ
701 2282 808 2334 πρὸς
839 2283 941 2330 τοὺς
959 2279 1196 2334 Ῥωμαίους
1220 2278 1292 2321 καὶ
1320 2280 1398 2320 τὸν
1430 2275 1610 2332 βασιλέα

1632 813 1665 838 10

1633 1163 1665 1189 15

1631 1516 1665 1541 20

1630 1867 1663 1893 25

1629 2219 1664 2244 30
