1732 2526
222 71 305 113 186
711 73 1075 106 ΑΡΧΑΙΟΛΟΓΙΑΣ

213 181 442 222 Ἰουδαίων
474 180 525 221 τὰ
558 179 788 235 πράγματα
821 180 879 229 ὡς
911 181 1014 235 ἔχοι.
1077 179 1224 233 <270>
1259 177 1332 220 καὶ
1357 176 1568 221 Ἰουδαῖοι
1604 205 1609 209 -

219 250 355 306 μέγαν
386 251 626 305 ἡγούμενοι
657 252 734 293 τὸν
768 250 815 292 ἐκ
852 256 930 292 τοῦ
968 252 1077 306 πρὸς
1107 249 1345 304 Ῥωμαίους
1375 248 1568 304 πολέμου

217 323 448 376 κίνδυνον,
478 323 591 364 πολὺ
624 323 800 376 μείζονα
826 320 874 363 δὲ
899 324 1126 376 κρίνοντες
1150 323 1228 363 τὸν
1255 320 1302 363 ἐκ
1327 327 1406 363 τοῦ
1430 334 1569 375 παρα-

218 400 388 448 νομεῖν,
421 389 553 442 αὖθις
583 391 741 434 πολλαὶ
773 392 982 446 μυριάδες
1012 392 1278 447 ὑπηντίαζον
1311 391 1568 447 Πετρώνιον

217 465 281 513 εἰς
311 464 390 518 τὴν
429 463 664 518 Τιβεριάδα
697 465 951 517 γενόμενον,
984 463 1130 517 <271>
1162 461 1234 504 καὶ
1266 462 1423 519 ἱκετεία
1458 463 1568 517 χρώ-

219 550 344 589 μενοι
376 535 586 589 μηδαμῶς
618 535 679 583 εἰς
705 533 896 587 ἀνάγκας
921 535 1124 583 τοιαύτας
1150 533 1311 583 αὐτοὺς
1336 537 1569 587 καθιστᾶν,

219 602 329 659 μηδὲ
361 607 553 658 μιαίνειν
586 603 849 659 ἀνδριάντος
881 602 1091 645 ἀναθέσει
1123 604 1204 657 τὴν
1230 605 1372 645 πόλιν.
1421 602 1569 645 ‘71:025-

217 678 375 730 μήσετε
409 676 492 730 ἄρα
525 674 738 730 Καίσαρι’
772 675 1026 728 Πετρώνιος
1057 676 1156 729 ἔφη,
1187 673 1316 728 ςμήτε
1348 675 1428 728 τὴν
1461 673 1568 716 ἐκεί-

219 763 301 788 νου
333 746 614 801 παρασκευὴν
648 746 921 799 λογιζόμενοι
954 746 1059 799 μήτε
1086 745 1165 798 τὴν
1197 743 1411 799 ὑμετέραν
1437 743 1568 786 ἀσθέ-

219 816 385 867 νειαν;’
426 818 472 858 οἳ
507 814 559 857 δέ
595 814 820 869 ςοὐδαμῶς
860 813 952 871 (ἂν)
991 814 1338 869 πολεμήσαιμεν’
1384 816 1569 869 ἔφασαν,

219 886 546 941 (τεθνηξόμεθα
580 883 627 927 δὲ
659 888 873 941 πρότερον
905 885 930 939 ἢ
957 887 1208 940 παραβῆναι
1234 887 1337 934 τοὺς
1367 885 1566 939 νόμους·’

219 957 294 999 ε’πί
321 973 365 999 τε
398 958 450 999 τὰ
481 959 692 1013 πρόσωπα
724 959 917 1011 κείμενοι
949 955 1021 998 καὶ
1053 957 1128 1006 τὰς
1160 957 1330 1011 σφαγὰς
1366 957 1568 1012 προδεικ-

218 1030 374 1078 νύντες
417 1028 582 1083 ἕτοιμοι
627 1026 699 1070 καὶ
737 1030 1002 1070 κτίννυσθαι
1040 1029 1193 1081 ἔλεγον
1231 1024 1355 1069 εἶναι.
1423 1027 1568 1081 <272>

219 1098 291 1142 καὶ
323 1097 440 1141 ταῦτ’
481 1099 712 1154 ἐπράττετο
746 1097 816 1154 ἐφ’
848 1097 1009 1155 ἡμέρας
1033 1099 1366 1154 τετταράκοντα,
1392 1097 1464 1140 καὶ
1490 1104 1568 1141 τοῦ

219 1178 430 1226 γεωργεῖν
463 1170 717 1226 ἀπερίοπτοι
750 1171 905 1212 λοιπὸν
937 1166 1065 1223 ἦσαν,
1092 1168 1164 1211 καὶ
1191 1176 1326 1211 ταῦτα
1351 1175 1426 1224 τῆς
1452 1170 1568 1224 ὥρας

220 1242 353 1295 οὔσης
384 1242 492 1296 πρὸς
525 1243 690 1298 σπόρῳ·
723 1242 863 1295 πολλή
889 1238 929 1281 τ’
960 1236 1015 1293 ἦν
1041 1242 1292 1295 προαίρεσις
1324 1239 1472 1290 αὐτοῖς
1497 1238 1568 1282 καὶ

218 1319 298 1355 τοῦ
329 1313 545 1366 θνήσκειν
578 1311 813 1366 ἐπιθυμίας
844 1313 1057 1366 πρόθεσις
1082 1310 1107 1365 ἢ
1135 1311 1215 1365 τὴν
1242 1310 1458 1353 ἀνάθεσιν
1489 1318 1569 1353 τοῦ

220 1383 483 1438 ἀνδριάντος
513 1380 788 1438 θεάσασθαι.;

309 1454 452 1508 <273>
485 1453 532 1495 ἐν
564 1454 781 1502 τοιούτοις
808 1451 847 1494 δ’
879 1454 1021 1494 ὄντων
1046 1460 1133 1494 τῶν
1160 1454 1441 1508 πραγμάτων,
1459 1453 1571 1508 Ἀρι-

222 1527 460 1580 στόβουλος
492 1525 514 1567 ὁ
543 1522 757 1579 Ἀγρίππα
788 1530 867 1566 τοῦ
899 1522 1112 1578 βασιλέως
1144 1523 1334 1579 ἀδελφὸς
1370 1523 1442 1566 καὶ
1473 1523 1569 1567 Ἑλ-

221 1598 316 1645 κίας
349 1596 371 1638 ὁ
404 1594 551 1650 μέγας,
583 1596 708 1637 ἄλλοι
739 1590 787 1636 θ’
825 1595 870 1636 οἱ
898 1594 1121 1650 κράτιστοι
1152 1595 1284 1648 τῆσδε
1309 1601 1385 1649 τῆς
1417 1596 1570 1650 οἰκίας,

221 1665 292 1708 καὶ
326 1667 372 1708 οἱ
399 1673 564 1721 πρῶτοι
598 1668 681 1708 σὺν
714 1665 877 1719 αὐτοῖς,
909 1666 1099 1707 εἰσίασιν
1126 1666 1184 1715 ὡς
1214 1667 1292 1707 τὸν
1313 1666 1571 1719 Πετρώνιον

220 1740 577 1793 παρακαλοῦντες
615 1736 771 1790 αὐτόν,
814 1736 957 1790 <274>
1004 1736 1152 1790 ἐπειδὴ
1194 1736 1274 1790 τὴν
1315 1738 1571 1791 προθυμίαν

221 1808 302 1864 ὁρᾷ
335 1814 409 1861 τῆς
441 1808 655 1861 πληθύος,
686 1804 824 1861 μηδὲν
864 1807 924 1856 εἰς
962 1806 1177 1848 ἀπόνοιαν
1220 1806 1354 1861 αὐτῆς
1389 1820 1571 1859 παρακι-

221 1886 332 1933 νεῖν,
374 1878 483 1920 ἀλλὰ
525 1878 712 1933 γράφειν
752 1878 861 1930 πρὸς
893 1877 1031 1919 Γάιον
1063 1878 1111 1919 τὸ
1151 1876 1391 1931 ἀνήκεστον
1425 1877 1570 1919 αὐτῶν

220 1951 329 2003 πρὸς
361 1950 441 2003 τὴν
472 1949 698 2003 ὑποδοχὴν
729 1955 808 1991 τοῦ
841 1948 1119 2003 ἀνδριάντος,
1159 1956 1249 1997 πῶς
1280 1946 1315 1988 τ’
1354 1947 1571 1989 ἀποστάν-

220 2036 289 2069 τες
332 2026 411 2062 τοῦ
452 2027 664 2075 γεωργεῖν
712 2019 1092 2072 ἀντικαθέζονται,
1141 2022 1349 2073 πολεμεῖν
1393 2016 1473 2073 μὲν
1517 2019 1571 2060 οὐ

221 2092 487 2145 βουλόμενοι
521 2091 594 2132 διὰ
627 2092 674 2133 τὸ
707 2087 812 2145 μηδ’
843 2090 897 2132 ἂν
925 2091 1162 2144 δύνασθαι,
1188 2094 1347 2131 θανεῖν
1375 2087 1413 2130 δ’
1449 2091 1570 2144 ἔχον-

219 2178 289 2212 τες
320 2162 488 2216 ἡδονὴν
519 2160 626 2217 πρὶν
657 2164 907 2216 παραβῆναι
938 2163 990 2202 τὰ
1022 2163 1186 2215 νόμιμα
1218 2160 1381 2214 αὐτοῖς,
1407 2167 1499 2209 πῶς
1528 2157 1563 2200 τ’

1590 827 1622 852 10

1590 1180 1622 1205 15

1590 1537 1623 1562 20

1590 1890 1661 1922 25ι

220 2232 419 2288 ἀσπόρου
452 2239 526 2287 τῆς
557 2238 635 2286 γῆς
666 2231 906 2286 γενομένης
938 2236 1132 2287 λῃστεῖαι
1164 2231 1218 2273 ἂν
1245 2232 1430 2285 φύοιντο
1464 2230 1570 2272 ἀδυ-
1590 2244 1624 2268 30

317 2318 335 2356 ἓ
363 2317 430 2348 273
458 2314 502 2348 cf.
528 2312 620 2348 Bell.
648 2313 725 2348 Iud.
752 2314 785 2347 Π
814 2316 867 2357 10,
896 2316 927 2349 5.
