1732 2526
194 69 279 110 286
687 71 1049 105 ΑΡΧΛῙΟΛΟΓΙΑΣ

191 178 253 226 εἰς
289 177 369 231 τὴν
397 176 655 219 Ἀντωνίαν·
700 179 919 233 φρούριον
958 176 1006 219 δὲ
1044 184 1193 231 τοῦτο,
1237 177 1437 232 καθάπερ
1470 176 1565 219 nal·

190 249 406 302 πρότερον
433 251 626 302 εἴπομεν,
661 247 935 303 ἐπικείμενον
961 253 1020 304 τῷ
1055 248 1171 304 ἱερῷ.
1228 248 1373 302 <111>
1404 262 1542 301 παρα-

191 317 456 372 γενομένους
498 315 545 359 δὲ
586 319 689 368 τοὺς
726 319 990 373 στρατιώτας
1026 317 1308 371 θεασάμενον
1345 319 1394 360 τὸ
1435 321 1542 372 πλῆ-

191 392 274 437 θος
316 386 388 429 καὶ
432 386 634 443 φοβηθὲν
678 389 861 443 φεύγειν
906 389 1099 443 ὥρμησε,
1151 394 1239 429 τῶν
1283 386 1327 428 δ’
1378 387 1541 438 ἐξόδων

191 465 358 500 στενῶν
396 459 564 513 οὐσῶν,
606 460 846 501 διώκεσθαι
885 460 1136 513 νομίζοντες
1172 459 1258 500 ὑπὸ
1296 465 1383 500 τῶν
1415 461 1540 501 πολε-

189 531 302 584 μίων
333 527 406 571 καὶ
439 530 778 584 συνωθούμενοι
809 530 917 571 κατὰ
949 530 1029 583 τὴν
1060 530 1208 583 φυγὴν
1239 531 1430 579 πολλοὺς
1462 525 1535 571 ὑπ’

188 599 392 654 ἀλλήλων
413 599 461 641 ἐν
481 606 571 649 τοῖς
591 607 759 650 στενοῖς
778 598 1076 655 θλιβομένους
1096 598 1372 654 διέφθειρον·
1397 600 1540 653 <112>

190 671 270 711 δύο
306 676 417 724 γοῦν
449 670 659 725 μυριάδες
691 670 1057 725 ἐξηριθμήθησαν
1087 676 1175 711 τῶν
1201 670 1308 711 κατὰ
1333 671 1414 724 τὴν
1440 670 1540 712 στά-

189 750 262 782 σιν
297 740 468 794 ἐκείνην
500 739 778 795 φθαρέντων.
829 740 995 790 πένθος
1027 738 1065 781 δ’
1097 738 1153 794 ἦν
1185 742 1233 782 τὸ
1260 742 1415 782 λοιπὸν
1441 739 1539 782 ἀντὶ

187 816 262 864 τῆς
301 809 474 865 ἑορτῆς,
518 810 589 852 καὶ
627 811 784 861 πάντες
826 810 1116 865 ἐκλαθόμενοι
1156 817 1244 852 τῶν
1285 811 1426 865 εὐχῶν
1465 809 1538 853 καὶ

187 887 276 922 τῶν
307 885 481 923 θυσιῶν
514 879 584 922 ἐπὶ
616 882 814 936 θρήνους
845 880 918 922 καὶ
949 882 1206 935 κλαυθμοὺς
1239 879 1490 935 ἐτράποντο.

277 951 423 1006 <113>
460 958 639 994 τοιαῦτα
677 949 757 1006 μὲν
791 950 889 1001 ἑνὸς
927 950 1130 1005 ἀσέλγεια
1163 952 1428 1006 στρατιώτου
1459 966 1538 993 πα-

186 1023 362 1077 θήματα
404 1021 612 1076 γενέσθαι
655 1022 998 1076 παρεσκεύασεν·
1049 1021 1171 1063 οὔπω
1213 1019 1253 1062 δ’
1300 1021 1445 1064 αὐτῶν
1488 1024 1536 1065 τὸ

186 1100 362 1149 πρῶτον
394 1092 559 1141 πένθος
592 1090 820 1146 ἐπέπαυτο,
852 1091 924 1133 καὶ
956 1092 1091 1133 κακὸν
1117 1093 1224 1134 ἄλλο
1250 1098 1309 1149 τῷ
1340 1092 1535 1149 προτέρῳ

186 1165 580 1219 προσεπιγίγνεται.
631 1169 720 1204 τῶν
752 1163 834 1217 γὰρ
867 1161 1130 1217 ἀφεστώτων
1162 1161 1231 1204 ἐπὶ
1260 1170 1534 1219 νεωτερισμῷ

185 1232 319 1287 τινές,
363 1234 469 1275 κατὰ
513 1234 592 1286 τὴν
637 1234 854 1287 δημοσίαν
899 1233 1005 1274 ὁδὸν
1047 1233 1105 1281 ὡς
1147 1231 1300 1275 ἑκατὸν
1344 1235 1534 1276 σταδίων

185 1305 366 1345 ἄπωθεν
408 1302 657 1358 ἀπέχουσαν
698 1309 772 1357 τῆς
811 1305 1000 1357 πόλεως,
1043 1302 1278 1358 Στέφανόν
1318 1320 1416 1346 τινα
1455 1312 1533 1347 τοῦ

186 1376 409 1427 Καίσαρος
447 1375 611 1416 δοῦλον
650 1374 971 1428 ὁδοιποροῦντα
1010 1374 1323 1429 λῃστεύσαντες
1360 1375 1533 1417 ἅπασαν

185 1436 321 1486 αὐτοῦ
362 1445 442 1498 τὴν
483 1450 635 1498 κτῆσιν
678 1444 1002 1498 διαρπάζουσιν.
1066 1444 1210 1499 <114>
1252 1444 1442 1495 ἀκούσας
1484 1443 1532 1487 δὲ

183 1516 232 1557 τὸ
277 1513 476 1571 πραχθὲν
521 1515 543 1557 ὁ
595 1516 824 1569 Κουμανὸς
868 1515 1004 1564 εὐθὺς
1053 1514 1209 1569 πέμπει
1254 1516 1532 1570 στρατιώτας,

182 1586 390 1635 κελεύσας
428 1585 576 1635 αὐτοῖς
613 1586 688 1635 τὰς
723 1587 910 1639 πλησίον
948 1587 1092 1641 χώρας
1130 1586 1388 1640 διαρπάσαι,
1431 1588 1533 1636 τοὺς

184 1654 223 1697 δ’
255 1655 625 1711 ἐπιφανεστάτους
657 1656 801 1698 αὐτῶν
829 1657 1046 1710 δήσαντας
1073 1654 1136 1697 ἐπ’
1169 1656 1304 1698 αὐτὸν
1336 1656 1531 1711 ἀγαγεῖν,

183 1727 318 1779 λόγον
351 1734 438 1768 τῶν
471 1725 804 1780 τετολμημένων
837 1725 1138 1781 εἰσπράξοντα.
1201 1726 1345 1780 <115>
1377 1733 1452 1781 τῆς
1483 1725 1531 1769 δὲ

182 1799 440 1852 πορθήσεως
477 1804 564 1838 τῶν
602 1799 776 1852 χωρίων
814 1798 899 1839 ὑπὸ
937 1805 1025 1839 τῶν
1065 1796 1361 1851 πεμφθέντων
1403 1808 1530 1851 στρα-

182 1874 348 1909 τιωτῶν
390 1867 646 1922 γενομένης,
691 1867 939 1917 ἀτάσθαλός
979 1883 1043 1917 τις
1083 1867 1125 1918 ἐξ
1168 1867 1314 1909 αὐτῶν
1354 1869 1529 1917 νεανίας

182 1939 286 1987 τοὺς
310 1936 529 1987 Μωυσέος
560 1940 724 1993 νόμους
757 1940 804 1980 ἔν
836 1954 924 1980 τινι
957 1939 1078 1993 κώμῃ
1111 1939 1259 1992 λαβὼν
1286 1939 1529 1992 σεβασμίως

181 2007 428 2062 κειμένους,
466 2010 733 2063 προκομίσας
770 2010 832 2058 εἰς
869 2010 949 2062 τὴν
986 2008 1163 2050 πάντων
1202 2009 1306 2058 ὄψιν
1338 2007 1528 2057 ἀναιδῶς

181 2077 415 2133 διέσχισεν,
447 2078 788 2133 ἐπιβλασφημῶν
820 2078 890 2120 καὶ
922 2080 1062 2121 πολλὰ
1093 2085 1424 2135 κατακερτομῶν
1455 2077 1526 2119 καὶ

180 2148 376 2203 ἀκρατῶς
419 2151 721 2190 καθυλακτῶν.
783 2149 940 2203 <116>
985 2150 1030 2191 οἱ
1071 2146 1119 2190 δὲ
1151 2147 1357 2190 Ἰουδαῖοι
1401 2146 1518 2189 ταῦτ’

180 2218 443 2268 ἀκούσαντες
469 2217 540 2260 καὶ
565 2217 720 2260 πολλοὶ
746 2220 1073 2273 συνδραμόντες
1097 2220 1437 2273 καταβαίνουσιν
1462 2220 1525 2268 εἰς

276 2303 293 2341 ς
321 2303 388 2334 113
416 2298 460 2333 cf.
488 2298 580 2333 ΒΘΗ.
606 2299 685 2333 Iud.
712 2299 746 2332 Π
773 2302 826 2343 12,
855 2303 886 2334 2

1559 825 1592 850 10

1556 1176 1588 1202 15

1553 1529 1586 1554 20

1548 1879 1581 1903 25

1545 2230 1579 2255 30
