1732 2526
571 70 979 102 EHTAKAIAEKATH
1369 71 1448 112 131

101 178 210 230 πρὸς
235 175 441 230 Ἡρώδην
474 174 545 217 καὶ
576 176 728 217 εὔνοια
760 172 825 230 ἦν.
866 176 1010 229 <329>
1044 181 1186 218 αἴτιον
1213 176 1252 219 δ’
1288 175 1339 231 ἧν
1365 185 1454 220 τῶν

101 246 354 301 ἀνθρώπιον
391 249 439 289 τὸ
478 246 615 301 ἡδονῇ
655 247 894 300 δεχόμενον
932 249 1035 296 τοὺς
1073 249 1233 300 λόγους
1276 251 1360 290 σὺν
1393 254 1452 305 τῷ

101 319 330 374 φερεγγύῳ
363 323 438 371 τῆς
469 323 656 371 μορφῆς·
689 315 761 358 καὶ
794 318 875 371 γὰρ
909 325 999 367 τοῖς
1029 318 1147 359 πάνυ
1181 319 1452 372 ὡμιληκόσιν

96 386 367 445 Ἀλεξάνδρῳ
399 389 512 429 πολὺ
546 389 592 430 τὸ
625 389 783 430 πιστὸν
816 387 1004 430 ἐνετίθει
1037 395 1116 430 τοῦ
1149 389 1207 443 μὴ
1250 389 1330 444 οὐχ
1363 390 1451 431 ἕτε-

64 472 176 511 5ρος
219 456 314 500 ἀλλ’
369 459 499 508 αὐτὸς
539 455 673 512 εἶναι,
717 456 788 499 καὶ
837 460 946 513 πρὸς
995 461 1098 508 τοὺς
1147 461 1335 513 πλησίον
1376 459 1451 501 καὶ

100 530 321 583 ὤμνυσαν.
363 530 507 583 <330>
540 529 649 570 ὥστε
675 527 747 570 καὶ
773 532 1074 584 προελθόντος
1099 531 1161 579 εἰς
1186 531 1266 584 τὴν
1280 528 1450 584 Ῥώμην

98 602 234 654 λόγου
265 606 344 642 τοῦ
376 598 475 655 περὶ
509 600 662 653 αὐτοῦ,
693 606 781 641 πᾶν
807 601 855 642 τὸ
888 601 990 655 τῇδε
1017 598 1245 643 Ἰουδαίων
1277 604 1451 655 πλῆθος

97 670 431 721 ὑπαντιάζοντες
488 670 667 725 ἐξῇσαν,
717 676 775 726 τῷ
825 670 1059 727 παραδόξῳ
1110 677 1184 725 τῆς
1233 674 1452 727 σωτηρίας

97 740 395 792 ἑκθειάζοντες
431 742 478 783 τὸ
517 743 664 795 ἔργον,
706 739 778 782 καὶ
820 741 964 796 χάρμα
1001 742 1261 796 ποιούμενοι
1294 743 1368 784 διὰ
1400 743 1449 784 τὸ

43 825 77 851 10
96 818 300 869 μητρῷον
333 811 479 853 αὐτῶν
505 810 647 866 γένος,
675 811 802 853 ὁπότε
829 814 993 866 χωροίη
1019 813 1127 854 κατὰ
1153 814 1256 862 τοὺς
1287 823 1449 854 στενω-

94 885 204 932 ποὺς
237 883 659 938 διφροφορούμενος.
722 882 866 936 <331>
903 881 975 924 καὶ
1012 889 1100 925 πᾶν
1138 884 1186 925 τὸ
1219 885 1448 938 βασίλειον

93 952 193 1007 περὶ
225 953 360 996 αὐτὸν
394 959 537 1008 σχῆμα
566 950 618 1007 ἧν
645 952 900 1008 ἀναλώμασι
926 960 1014 995 τῶν
1042 952 1289 1008 ἰδιοξένων,
1316 955 1448 1009 μεγά-

95 1028 167 1066 λαι
199 1040 243 1066 τε
275 1025 550 1079 περιστάσεις
582 1022 809 1078 ἐγίγνοντο
842 1030 918 1078 τῆς
948 1025 1165 1079 πληθύος,
1199 1024 1449 1080 ἐπιβοήσεις

93 1093 128 1137 τ’
179 1096 371 1150 εὔφημοι
409 1093 482 1136 καὶ
520 1093 661 1136 ὁπόσα
699 1095 814 1144 εἰκὸς
858 1101 950 1144 τοϊς
987 1094 1102 1137 οὕτω
1139 1091 1242 1149 παρ’
1292 1094 1448 1137 ἐλπίδα

42 1177 74 1204 15
96 1170 280 1209 σωθεῑσι
312 1164 632 1220 συντυγχάνειν
665 1162 799 1207 οὐδὲν
831 1165 854 1206 ὅ
887 1181 927 1206 τι
960 1165 1041 1207 οὐκ
1073 1164 1317 1221 ἐπράττετο.

182 1237 327 1291 <332>
360 1237 552 1290 Καίσαρι
585 1233 624 1277 δ’
663 1235 722 1285 ὡς
752 1234 932 1290 ἀφίκετο
965 1235 1146 1290 ἀγγελία
1177 1236 1203 1290 ἡ
1235 1234 1335 1292 περὶ
1368 1236 1443 1278 αὐ-

95 1314 188 1362 τοῦ,
232 1307 403 1362 ἠπίστει
441 1303 521 1360 μὲν
565 1306 638 1347 διὰ
681 1307 730 1347 τὸ
769 1306 826 1360 μὴ
866 1305 921 1348 ἂν
961 1306 1125 1362 ῥαδίως
1166 1305 1446 1361 ἀπατηθῆναι

87 1377 295 1433 “Ηρώδην
340 1378 387 1420 ἐν
432 1377 684 1432 πράγμασιν
735 1375 804 1418 ἐπὶ
855 1376 964 1431 με’γα
1015 1377 1258 1431 ἀνήκουσιν
1309 1377 1446 1435 αὐτῷ·

95 1450 248 1499 διδοὺς
280 1447 328 1490 δὲ
360 1454 410 1503 τῇ
444 1448 602 1501 ἐλπίδι,
635 1446 839 1490 Κέλαδον
864 1454 953 1489 τῶν
985 1448 1122 1490 αὑτοῦ
1146 1448 1246 1489 τινὰ
1280 1447 1447 1498 ἐξελευ-

42 1534 75 1559 20
94 1520 266 1576 θέρων,
311 1520 558 1574 ὡμιληκότα
601 1525 693 1568 τοῖς
737 1521 992 1574 μειρακίοις,
1036 1517 1195 1574 πέμπει
1238 1519 1448 1569 κελεύσας

97 1591 278 1645 ἀγαγεῖν
310 1592 372 1637 εἰς
403 1591 507 1641 ὄψιν
539 1590 656 1646 αὐτῷ
688 1591 766 1632 τὸν
795 1586 1097 1645 Ἀλέξανδρον.
1143 1589 1165 1631 ὃ
1194 1587 1236 1631 δ’
1267 1589 1446 1645 ἀνῆγεν,

96 1660 229 1704 οὐδέν
261 1678 302 1703 τι
332 1663 517 1716 βελτίων
558 1659 627 1703 ἐπὶ
664 1667 715 1716 τῇ
752 1662 894 1717 κρίσει
930 1668 1020 1702 τῶν
1056 1663 1234 1703 πολλῶν
1265 1663 1446 1716 γενόμε-

95 1749 183 1783 νος.
245 1732 389 1786 <333>
424 1732 476 1774 οὐ
508 1732 594 1786 μὴν
619 1731 793 1786 Καῖσάρ
826 1729 866 1786 γ’
901 1732 1110 1786 ἠπατᾶτο·
1143 1729 1237 1773 ἀλλ’
1275 1729 1331 1786 ἦν
1364 1729 1446 1786 μὲν

97 1803 302 1859 ἐμφερής,
335 1803 388 1846 οὐ
420 1803 507 1857 μὴν
540 1801 640 1844 ὥστ’
678 1801 893 1857 ἀπατῆσαι
924 1804 1028 1853 τοὺς
1054 1804 1296 1858 σωφρόνως
1324 1801 1445 1844 ἐκλο-

42 1886 75 1912 25
95 1876 295 1928 γίζεσθαι
337 1871 623 1928 δυναμένους.
695 1873 936 1930 αὐτουργία
972 1889 1016 1915 τε
1057 1874 1140 1929 γὰρ
1180 1872 1380 1928 ἐτέτρυτο
1420 1873 1444 1915 ὁ

102 1944 514 2000 Ψευδαλέξανδρος,
559 1942 631 1986 καὶ
674 1944 791 2000 παρὰ
834 1946 882 1987 τὸ
928 1944 1080 2002 ἐκείνῳ
1126 1944 1314 2000 ῥαδινὸν
1363 1949 1444 1986 τοῦ

95 2017 293 2071 σώματος
323 2016 409 2058 ὑπὸ
442 2020 610 2071 τρυφῆς
646 2013 718 2057 καὶ
750 2017 1058 2070 γενναιότητος
1100 2017 1445 2070 συνερχόμενον,

95 2087 168 2129 διὰ
187 2087 239 2129 τὰ
260 2086 436 2129 ἐναντία
454 2087 567 2143 τῷδε
588 2085 953 2142 ἐπισκληρότερον
974 2085 1217 2142 ἐξεβεβήκει
1237 2087 1286 2128 τὸ
1307 2092 1443 2140 σῶμα.

94 2157 240 2212 <334>
276 2158 553 2213 θεασάμενος
591 2153 673 2199 οὖν
712 2159 1027 2212 συμπνευσμὸν
1066 2155 1135 2200 ἐπὶ
1173 2158 1444 2212 ψευδολογίᾳ

40 2241 74 2267 30
95 2229 365 2271 διδασκάλου
391 2227 464 2271 καὶ
490 2233 693 2284 μαθητοῦ
719 2227 792 2270 καὶ
819 2230 964 2283 λόγων
992 2231 1223 2284 τολμηρῶν
1256 2228 1444 2283 συγκρό-

189 2313 208 2352 g
235 2313 301 2345 329
329 2309 374 2345 cf.
402 2309 493 2344 Bell.
520 2309 597 2345 1ud.
624 2308 658 2343 11
686 2312 716 2354 τ,
746 2313 776 2344 1.

1178 2367 1228 2401 9*

1471 1248 1492 1278 [ὓ
