<?xml version="1.0" encoding="UTF-8"?>
<!DOCTYPE html PUBLIC "-//W3C//DTD XHTML 1.0 Transitional//EN"
    "http://www.w3.org/TR/xhtml1/DTD/xhtml1-transitional.dtd">
<html xmlns="http://www.w3.org/1999/xhtml" xml:lang="en" lang="en">
 <head>
  <title>
</title>
<meta http-equiv="Content-Type" content="text/html;charset=utf-8" />
  <meta name='ocr-system' content='tesseract 3.04.00' />
  <meta name='ocr-capabilities' content='ocr_page ocr_carea ocr_par ocr_line ocrx_word'/>
</head>
<body>
  <div class='ocr_page' id='page_1' title='image "./flaviiiosephiope04joseuoft_0190.png"; bbox 0 0 1732 2526; ppageno 0'>
   <div class='ocr_carea' id='block_1_1' title="bbox 207 359 229 389">
    <p class='ocr_par' dir='ltr' id='par_1_1' title="bbox 207 359 229 389">
     <span class='ocr_line' id='line_1_1' title="bbox 207 359 229 389; baseline 0 0"><span class='ocrx_word' id='word_1_1' title='bbox 207 359 229 389; x_wconf 79' lang='lat'>2</span> 
     </span>
    </p>
   </div>
   <div class='ocr_carea' id='block_1_2' title="bbox 202 2268 226 2299">
    <p class='ocr_par' dir='ltr' id='par_1_2' title="bbox 202 2268 226 2299">
     <span class='ocr_line' id='line_1_2' title="bbox 202 2268 226 2299; baseline 0 0"><span class='ocrx_word' id='word_1_2' title='bbox 202 2268 226 2299; x_wconf 91' lang='lat'>4</span> 
     </span>
    </p>
   </div>
   <div class='ocr_carea' id='block_1_3' title="bbox 261 96 1121 139">
    <p class='ocr_par' dir='ltr' id='par_1_3' title="bbox 261 96 1121 139">
     <span class='ocr_line' id='line_1_3' title="bbox 261 96 1121 139; baseline -0.012 -2"><span class='ocrx_word' id='word_1_3' title='bbox 261 97 343 139; x_wconf 72' lang='lat'><em>133</em></span> <span class='ocrx_word' id='word_1_4' title='bbox 755 96 1121 129; x_wconf 71' lang='grc' dir='ltr'><em>ΑΡΧΑΙοΑοΓΙΑΣ</em></span> 
     </span>
    </p>
   </div>
   <div class='ocr_carea' id='block_1_4' title="bbox 250 200 1616 2243">
    <p class='ocr_par' dir='ltr' id='par_1_4' title="bbox 256 200 1616 331">
     <span class='ocr_line' id='line_1_4' title="bbox 256 200 1616 261; baseline 0.001 -14"><span class='ocrx_word' id='word_1_5' title='bbox 256 203 329 247; x_wconf 83' lang='grc' dir='ltr'><em>καὶ</em></span> <span class='ocrx_word' id='word_1_6' title='bbox 372 211 430 261; x_wconf 79' lang='grc' dir='ltr'><em>τῷ</em></span> <span class='ocrx_word' id='word_1_7' title='bbox 475 200 569 245; x_wconf 76' lang='grc' dir='ltr'><em>κατ’</em></span> <span class='ocrx_word' id='word_1_8' title='bbox 617 203 762 245; x_wconf 85' lang='grc' dir='ltr'><em>αὐτῶν</em></span> <span class='ocrx_word' id='word_1_9' title='bbox 809 202 1137 246; x_wconf 80' lang='grc' dir='ltr'><em>σπουδασθέντι</em></span> <span class='ocrx_word' id='word_1_10' title='bbox 1181 210 1273 253; x_wconf 87' lang='grc' dir='ltr'><em>τοῖς</em></span> <span class='ocrx_word' id='word_1_11' title='bbox 1316 202 1546 260; x_wconf 73' lang='grc' dir='ltr'><em>νεωτέροις</em></span> <span class='ocrx_word' id='word_1_12' title='bbox 1585 205 1616 252; x_wconf 76' lang='grc' dir='ltr'><em>ὁ,</em></span> 
     </span>
     <span class='ocr_line' id='line_1_5' title="bbox 256 273 1087 331; baseline -0.002 -13"><span class='ocrx_word' id='word_1_13' title='bbox 256 278 429 331; x_wconf 90' lang='grc' dir='ltr'><em>φθόρος</em></span> <span class='ocrx_word' id='word_1_14' title='bbox 459 282 550 324; x_wconf 88' lang='grc' dir='ltr'><em>τοῖς</em></span> <span class='ocrx_word' id='word_1_15' title='bbox 581 275 805 330; x_wconf 75' lang='grc' dir='ltr'><em>πράγμασι</em></span> <span class='ocrx_word' id='word_1_16' title='bbox 839 273 1087 330; x_wconf 81' lang='grc' dir='ltr'><em>συνέτυχεν.</em></span> 
     </span>
    </p>

    <p class='ocr_par' dir='ltr' id='par_1_5' title="bbox 254 343 1609 755">
     <span class='ocr_line' id='line_1_6' title="bbox 345 343 1608 401; baseline 0.001 -13"><span class='ocrx_word' id='word_1_17' title='bbox 345 347 461 401; x_wconf 89' lang='grc'>&lt;11&gt;</span> <span class='ocrx_word' id='word_1_18' title='bbox 488 345 719 395; x_wconf 79' lang='grc' dir='ltr'><em>Ἰουδαίοις</em></span> <span class='ocrx_word' id='word_1_19' title='bbox 750 347 1008 400; x_wconf 82' lang='grc' dir='ltr'><em>φιλοσοφίαι</em></span> <span class='ocrx_word' id='word_1_20' title='bbox 1034 353 1150 401; x_wconf 89' lang='grc' dir='ltr'><em>τρεῖς</em></span> <span class='ocrx_word' id='word_1_21' title='bbox 1174 343 1287 400; x_wconf 72' lang='grc' dir='ltr'><em>ἦσαν</em></span> <span class='ocrx_word' id='word_1_22' title='bbox 1314 345 1360 388; x_wconf 86' lang='grc' dir='ltr'><em>ἐκ</em></span> <span class='ocrx_word' id='word_1_23' title='bbox 1385 352 1464 388; x_wconf 90' lang='grc' dir='ltr'><em>τοῦ</em></span> <span class='ocrx_word' id='word_1_24' title='bbox 1490 346 1608 389; x_wconf 80' lang='grc' dir='ltr'><em>πάνυ</em></span> 
     </span>
     <span class='ocr_line' id='line_1_7' title="bbox 256 412 1608 472; baseline 0.001 -13"><span class='ocrx_word' id='word_1_25' title='bbox 256 417 441 472; x_wconf 84' lang='grc' dir='ltr'><em>ἀρχαίου</em></span> <span class='ocrx_word' id='word_1_26' title='bbox 473 425 561 459; x_wconf 80' lang='grc' dir='ltr'><em>τῶν</em></span> <span class='ocrx_word' id='word_1_27' title='bbox 592 419 808 471; x_wconf 86' lang='grc' dir='ltr'><em>πατρίων,</em></span> <span class='ocrx_word' id='word_1_28' title='bbox 846 416 872 470; x_wconf 77' lang='grc' dir='ltr'><em>ἥ</em></span> <span class='ocrx_word' id='word_1_29' title='bbox 905 431 949 457; x_wconf 91' lang='grc' dir='ltr'><em>τε</em></span> <span class='ocrx_word' id='word_1_30' title='bbox 987 423 1076 457; x_wconf 87' lang='grc' dir='ltr'><em>τῶν</em></span> <span class='ocrx_word' id='word_1_31' title='bbox 1101 412 1325 470; x_wconf 83' lang='grc' dir='ltr'><em>Ἐσσηνῶν</em></span> <span class='ocrx_word' id='word_1_32' title='bbox 1357 416 1430 459; x_wconf 84' lang='grc' dir='ltr'><em>καὶ</em></span> <span class='ocrx_word' id='word_1_33' title='bbox 1461 417 1487 471; x_wconf 79' lang='grc' dir='ltr'><em>ἡ</em></span> <span class='ocrx_word' id='word_1_34' title='bbox 1519 426 1608 460; x_wconf 87' lang='grc' dir='ltr'><em>τῶν</em></span> 
     </span>
     <span class='ocr_line' id='line_1_8' title="bbox 256 484 1608 544; baseline 0.001 -14"><span class='ocrx_word' id='word_1_35' title='bbox 256 489 596 530; x_wconf 76' lang='grc' dir='ltr'><em>Σαδδουκαίων·</em></span> <span class='ocrx_word' id='word_1_36' title='bbox 647 490 798 543; x_wconf 84' lang='grc' dir='ltr'><em>τρίτην</em></span> <span class='ocrx_word' id='word_1_37' title='bbox 849 484 891 528; x_wconf 84' lang='grc' dir='ltr'><em>δ’</em></span> <span class='ocrx_word' id='word_1_38' title='bbox 939 486 1240 542; x_wconf 83' lang='grc' dir='ltr'><em>ἐφιλοσόφουν</em></span> <span class='ocrx_word' id='word_1_39' title='bbox 1284 488 1329 530; x_wconf 78' lang='grc' dir='ltr'><em>οἱ</em></span> <span class='ocrx_word' id='word_1_40' title='bbox 1371 491 1608 544; x_wconf 86' lang='grc' dir='ltr'><em>Φαρισαῖοι</em></span> 
     </span>
     <span class='ocr_line' id='line_1_9' title="bbox 255 555 1609 615; baseline 0 -14"><span class='ocrx_word' id='word_1_41' title='bbox 255 561 497 614; x_wconf 74' lang='grc' dir='ltr'><em>λεγόμενοι.</em></span> <span class='ocrx_word' id='word_1_42' title='bbox 547 557 619 600; x_wconf 83' lang='grc' dir='ltr'><em>καὶ</em></span> <span class='ocrx_word' id='word_1_43' title='bbox 650 558 855 612; x_wconf 77' lang='grc' dir='ltr'><em>τυγχάνει</em></span> <span class='ocrx_word' id='word_1_44' title='bbox 888 555 1037 612; x_wconf 84' lang='grc' dir='ltr'><em>μέντοι</em></span> <span class='ocrx_word' id='word_1_45' title='bbox 1063 557 1163 613; x_wconf 83' lang='grc' dir='ltr'><em>περὶ</em></span> <span class='ocrx_word' id='word_1_46' title='bbox 1189 558 1336 600; x_wconf 85' lang='grc' dir='ltr'><em>αὐτῶν</em></span> <span class='ocrx_word' id='word_1_47' title='bbox 1360 559 1466 614; x_wconf 74' lang='grc' dir='ltr'><em>ἡμῖν</em></span> <span class='ocrx_word' id='word_1_48' title='bbox 1493 560 1609 615; x_wconf 85' lang='grc' dir='ltr'><em>εἰρη-</em></span> 
     </span>
     <span class='ocr_line' id='line_1_10' title="bbox 255 628 1608 686; baseline 0.001 -15"><span class='ocrx_word' id='word_1_49' title='bbox 255 628 364 684; x_wconf 83' lang='grc' dir='ltr'><em>μένα</em></span> <span class='ocrx_word' id='word_1_50' title='bbox 410 629 457 671; x_wconf 84' lang='grc' dir='ltr'><em>ἐν</em></span> <span class='ocrx_word' id='word_1_51' title='bbox 500 636 550 684; x_wconf 76' lang='grc' dir='ltr'><em>τῇ</em></span> <span class='ocrx_word' id='word_1_52' title='bbox 593 628 775 685; x_wconf 78' lang='grc' dir='ltr'><em>δευτέρα</em></span> <span class='ocrx_word' id='word_1_53' title='bbox 816 631 955 686; x_wconf 76' lang='grc' dir='ltr'><em>βίβλῳ</em></span> <span class='ocrx_word' id='word_1_54' title='bbox 996 636 1075 672; x_wconf 89' lang='grc' dir='ltr'><em>τοῦ</em></span> <span class='ocrx_word' id='word_1_55' title='bbox 1108 628 1357 672; x_wconf 80' lang='grc' dir='ltr'><em>Ἰουδαϊκοῦ</em></span> <span class='ocrx_word' id='word_1_56' title='bbox 1396 631 1608 685; x_wconf 85' lang='grc' dir='ltr'><em>πολέμου,</em></span> 
     </span>
     <span class='ocr_line' id='line_1_11' title="bbox 254 698 1492 755; baseline 0.001 -13"><span class='ocrx_word' id='word_1_57' title='bbox 254 703 568 755; x_wconf 77' lang='grc' dir='ltr'><em>μνησθήσομαι</em></span> <span class='ocrx_word' id='word_1_58' title='bbox 601 698 639 742; x_wconf 83' lang='grc' dir='ltr'><em>δ’</em></span> <span class='ocrx_word' id='word_1_59' title='bbox 678 700 794 754; x_wconf 81' lang='grc' dir='ltr'><em>ὅμως</em></span> <span class='ocrx_word' id='word_1_60' title='bbox 824 699 897 742; x_wconf 85' lang='grc' dir='ltr'><em>καὶ</em></span> <span class='ocrx_word' id='word_1_61' title='bbox 928 706 1013 742; x_wconf 88' lang='grc' dir='ltr'><em>νῦν</em></span> <span class='ocrx_word' id='word_1_62' title='bbox 1046 701 1191 742; x_wconf 86' lang='grc' dir='ltr'><em>αὐτῶν</em></span> <span class='ocrx_word' id='word_1_63' title='bbox 1225 699 1289 743; x_wconf 86' lang='grc' dir='ltr'><em>ἐπ’</em></span> <span class='ocrx_word' id='word_1_64' title='bbox 1328 701 1492 755; x_wconf 88' lang='grc' dir='ltr'><em>ὀλίγον.</em></span> 
     </span>
    </p>

    <p class='ocr_par' dir='ltr' id='par_1_6' title="bbox 250 771 1609 2243">
     <span class='ocr_line' id='line_1_12' title="bbox 344 771 1608 825; baseline 0.001 -12"><span class='ocrx_word' id='word_1_65' title='bbox 344 771 471 825; x_wconf 76' lang='grc'>&lt;12&gt;</span> <span class='ocrx_word' id='word_1_66' title='bbox 510 771 555 813; x_wconf 71' lang='lat'><em>02¹</em></span> <span class='ocrx_word' id='word_1_67' title='bbox 589 786 633 812; x_wconf 92' lang='grc' dir='ltr'><em>τε</em></span> <span class='ocrx_word' id='word_1_68' title='bbox 671 771 754 825; x_wconf 81' lang='grc' dir='ltr'><em>γὰρ</em></span> <span class='ocrx_word' id='word_1_69' title='bbox 789 773 1026 825; x_wconf 79' lang='grc' dir='ltr'><em>Φαρισαῖοι</em></span> <span class='ocrx_word' id='word_1_70' title='bbox 1063 771 1144 825; x_wconf 86' lang='grc' dir='ltr'><em>τὴν</em></span> <span class='ocrx_word' id='word_1_71' title='bbox 1188 772 1360 813; x_wconf 90' lang='grc' dir='ltr'><em>δίαιταν</em></span> <span class='ocrx_word' id='word_1_72' title='bbox 1399 771 1608 823; x_wconf 82' lang='grc' dir='ltr'><em>ἐξευτελί-</em></span> 
     </span>
     <span class='ocr_line' id='line_1_13' title="bbox 256 839 1600 896; baseline 0 -12"><span class='ocrx_word' id='word_1_73' title='bbox 256 844 425 896; x_wconf 80' lang='grc' dir='ltr'><em>ζουσιν,</em></span> <span class='ocrx_word' id='word_1_74' title='bbox 468 839 602 884; x_wconf 69' lang='grc' dir='ltr'><em>οὐδἐν</em></span> <span class='ocrx_word' id='word_1_75' title='bbox 634 842 695 890; x_wconf 85' lang='grc' dir='ltr'><em>είς</em></span> <span class='ocrx_word' id='word_1_76' title='bbox 726 843 773 883; x_wconf 91' lang='grc' dir='ltr'><em>τὸ</em></span> <span class='ocrx_word' id='word_1_77' title='bbox 807 842 1116 896; x_wconf 84' lang='grc' dir='ltr'><em>μαλακώτερον</em></span> <span class='ocrx_word' id='word_1_78' title='bbox 1151 840 1420 896; x_wconf 78' lang='grc' dir='ltr'><em>ἐνδιδόντες,</em></span> <span class='ocrx_word' id='word_1_79' title='bbox 1459 839 1521 885; x_wconf 79' lang='grc' dir='ltr'><em>ὧν</em></span> <span class='ocrx_word' id='word_1_80' title='bbox 1552 841 1600 884; x_wconf 84' lang='grc' dir='ltr'><em>θ’</em></span> 
     </span>
     <span class='ocr_line' id='line_1_14' title="bbox 254 911 1608 968; baseline 0.001 -13"><span class='ocrx_word' id='word_1_81' title='bbox 254 913 276 955; x_wconf 88' lang='grc' dir='ltr'>ὁ</span> <span class='ocrx_word' id='word_1_82' title='bbox 309 915 439 967; x_wconf 86' lang='grc' dir='ltr'><em>λόγος</em></span> <span class='ocrx_word' id='word_1_83' title='bbox 470 915 622 968; x_wconf 87' lang='grc' dir='ltr'><em>κρίνας</em></span> <span class='ocrx_word' id='word_1_84' title='bbox 652 911 908 967; x_wconf 86' lang='grc' dir='ltr'><em>παρέδωκεν</em></span> <span class='ocrx_word' id='word_1_85' title='bbox 934 911 1134 967; x_wconf 77' lang='grc' dir='ltr'><em>ἀγαθῶν,</em></span> <span class='ocrx_word' id='word_1_86' title='bbox 1166 912 1345 955; x_wconf 78' lang='grc' dir='ltr'><em>ἕπονται</em></span> <span class='ocrx_word' id='word_1_87' title='bbox 1373 919 1424 968; x_wconf 79' lang='grc' dir='ltr'><em>τῇ</em></span> <span class='ocrx_word' id='word_1_88' title='bbox 1450 913 1608 968; x_wconf 80' lang='grc' dir='ltr'><em>ἡγεμο-</em></span> 
     </span>
     <span class='ocr_line' id='line_1_15' title="bbox 252 979 1608 1040; baseline 0.001 -15"><span class='ocrx_word' id='word_1_89' title='bbox 252 986 348 1040; x_wconf 79' lang='grc' dir='ltr'><em>νίᾳ,</em></span> <span class='ocrx_word' id='word_1_90' title='bbox 385 984 682 1039; x_wconf 75' lang='grc' dir='ltr'><em>περιμάχητον</em></span> <span class='ocrx_word' id='word_1_91' title='bbox 719 983 959 1038; x_wconf 80' lang='grc' dir='ltr'><em>ἡγούμενοι</em></span> <span class='ocrx_word' id='word_1_92' title='bbox 996 984 1076 1037; x_wconf 85' lang='grc' dir='ltr'><em>τὴν</em></span> <span class='ocrx_word' id='word_1_93' title='bbox 1114 985 1317 1038; x_wconf 85' lang='grc' dir='ltr'><em>φυλακὴν</em></span> <span class='ocrx_word' id='word_1_94' title='bbox 1350 979 1412 1025; x_wconf 80' lang='grc' dir='ltr'><em>ὧν</em></span> <span class='ocrx_word' id='word_1_95' title='bbox 1443 984 1608 1038; x_wconf 85' lang='grc' dir='ltr'><em>ὑπαγο-</em></span> 
     </span>
     <span class='ocr_line' id='line_1_16' title="bbox 253 1054 1608 1111; baseline 0 -15"><span class='ocrx_word' id='word_1_96' title='bbox 253 1056 401 1109; x_wconf 87' lang='grc' dir='ltr'><em>ρεύειν</em></span> <span class='ocrx_word' id='word_1_97' title='bbox 426 1054 631 1109; x_wconf 83' lang='grc' dir='ltr'><em>ἠθέλησε.</em></span> <span class='ocrx_word' id='word_1_98' title='bbox 681 1060 806 1109; x_wconf 81' lang='grc' dir='ltr'><em>τιμῆς</em></span> <span class='ocrx_word' id='word_1_99' title='bbox 832 1070 880 1108; x_wconf 90' lang='grc' dir='ltr'><em>γε</em></span> <span class='ocrx_word' id='word_1_100' title='bbox 912 1061 1003 1104; x_wconf 90' lang='grc' dir='ltr'><em>τοῖς</em></span> <span class='ocrx_word' id='word_1_101' title='bbox 1027 1054 1175 1111; x_wconf 78' lang='grc' dir='ltr'><em>ἡλικίᾳ</em></span> <span class='ocrx_word' id='word_1_102' title='bbox 1199 1057 1445 1109; x_wconf 88' lang='grc' dir='ltr'><em>προήκουσι</em></span> <span class='ocrx_word' id='word_1_103' title='bbox 1470 1069 1608 1110; x_wconf 87' lang='grc' dir='ltr'><em>παρα-</em></span> 
     </span>
     <span class='ocr_line' id='line_1_17' title="bbox 252 1123 1608 1180; baseline -0.001 -12"><span class='ocrx_word' id='word_1_104' title='bbox 252 1133 489 1180; x_wconf 87' lang='grc' dir='ltr'><em>χωροῦσιν,</em></span> <span class='ocrx_word' id='word_1_105' title='bbox 517 1123 650 1168; x_wconf 76' lang='grc' dir='ltr'><em>οὐδὲν</em></span> <span class='ocrx_word' id='word_1_106' title='bbox 678 1123 740 1167; x_wconf 87' lang='grc' dir='ltr'><em>ἐπ’</em></span> <span class='ocrx_word' id='word_1_107' title='bbox 768 1123 979 1175; x_wconf 79' lang='grc' dir='ltr'><em>ἀντιλέξει</em></span> <span class='ocrx_word' id='word_1_108' title='bbox 1005 1133 1093 1167; x_wconf 84' lang='grc' dir='ltr'><em>τῶν</em></span> <span class='ocrx_word' id='word_1_109' title='bbox 1118 1124 1447 1180; x_wconf 78' lang='grc' dir='ltr'><em>εἰσηγηθέντων</em></span> <span class='ocrx_word' id='word_1_110' title='bbox 1472 1131 1608 1167; x_wconf 91' lang='grc' dir='ltr'><em>ταῦτα</em></span> 
     </span>
     <span class='ocr_line' id='line_1_18' title="bbox 252 1193 1608 1252; baseline 0 -14"><span class='ocrx_word' id='word_1_111' title='bbox 252 1196 278 1251; x_wconf 74' lang='grc' dir='ltr'>ἢ</span> <span class='ocrx_word' id='word_1_112' title='bbox 310 1197 471 1252; x_wconf 86' lang='grc' dir='ltr'><em>θράσει</em></span> <span class='ocrx_word' id='word_1_113' title='bbox 498 1196 791 1251; x_wconf 86' lang='grc' dir='ltr'><em>ἐπαιρόμενοι.</em></span> <span class='ocrx_word' id='word_1_114' title='bbox 843 1196 958 1251; x_wconf 81' lang='lat'>&lt;13&gt;</span> <span class='ocrx_word' id='word_1_115' title='bbox 988 1197 1263 1252; x_wconf 79' lang='grc' dir='ltr'><em>πράττεσθαί</em></span> <span class='ocrx_word' id='word_1_116' title='bbox 1290 1193 1338 1238; x_wconf 84' lang='grc' dir='ltr'><em>θ’</em></span> <span class='ocrx_word' id='word_1_117' title='bbox 1369 1195 1608 1252; x_wconf 74' lang='grc' dir='ltr'><em>εἱμαρμένῃ</em></span> 
     </span>
     <span class='ocr_line' id='line_1_19' title="bbox 252 1264 1608 1322; baseline 0 -13"><span class='ocrx_word' id='word_1_118' title='bbox 252 1269 305 1309; x_wconf 80' lang='grc' dir='ltr'><em>τὰ</em></span> <span class='ocrx_word' id='word_1_119' title='bbox 336 1268 477 1310; x_wconf 80' lang='grc' dir='ltr'><em>πάντα</em></span> <span class='ocrx_word' id='word_1_120' title='bbox 511 1267 755 1321; x_wconf 81' lang='grc' dir='ltr'><em>ἀξιοῦντες,</em></span> <span class='ocrx_word' id='word_1_121' title='bbox 792 1264 897 1308; x_wconf 75' lang='grc' dir='ltr'><em>οὐδὲ</em></span> <span class='ocrx_word' id='word_1_122' title='bbox 934 1273 1013 1309; x_wconf 87' lang='grc' dir='ltr'><em>τοῦ</em></span> <span class='ocrx_word' id='word_1_123' title='bbox 1052 1266 1336 1322; x_wconf 83' lang='grc' dir='ltr'><em>ἀνθρωπείου</em></span> <span class='ocrx_word' id='word_1_124' title='bbox 1369 1268 1416 1309; x_wconf 89' lang='grc' dir='ltr'><em>τὸ</em></span> <span class='ocrx_word' id='word_1_125' title='bbox 1449 1269 1608 1322; x_wconf 85' lang='grc' dir='ltr'><em>βουλό-</em></span> 
     </span>
     <span class='ocr_line' id='line_1_20' title="bbox 252 1334 1608 1394; baseline 0 -13"><span class='ocrx_word' id='word_1_126' title='bbox 252 1355 389 1394; x_wconf 87' lang='grc' dir='ltr'><em>μενον</em></span> <span class='ocrx_word' id='word_1_127' title='bbox 426 1344 501 1392; x_wconf 82' lang='grc' dir='ltr'><em>τῆς</em></span> <span class='ocrx_word' id='word_1_128' title='bbox 539 1334 604 1380; x_wconf 82' lang='grc' dir='ltr'><em>ἐπ’</em></span> <span class='ocrx_word' id='word_1_129' title='bbox 646 1337 795 1387; x_wconf 86' lang='grc' dir='ltr'><em>αὐτοῖς</em></span> <span class='ocrx_word' id='word_1_130' title='bbox 834 1338 970 1393; x_wconf 79' lang='grc' dir='ltr'><em>ὁρμῆς</em></span> <span class='ocrx_word' id='word_1_131' title='bbox 1008 1337 1321 1393; x_wconf 85' lang='grc' dir='ltr'><em>ἀφαιροῦνται,</em></span> <span class='ocrx_word' id='word_1_132' title='bbox 1361 1337 1608 1393; x_wconf 79' lang='grc' dir='ltr'><em>εὐδοκήσαν</em></span> 
     </span>
     <span class='ocr_line' id='line_1_21' title="bbox 250 1407 1606 1467; baseline 0 -17"><span class='ocrx_word' id='word_1_133' title='bbox 250 1416 310 1467; x_wconf 78' lang='grc' dir='ltr'><em>τῷ</em></span> <span class='ocrx_word' id='word_1_134' title='bbox 343 1414 435 1466; x_wconf 78' lang='grc' dir='ltr'><em>θεῷ</em></span> <span class='ocrx_word' id='word_1_135' title='bbox 467 1415 624 1464; x_wconf 84' lang='grc' dir='ltr'><em>κρᾶσιν</em></span> <span class='ocrx_word' id='word_1_136' title='bbox 657 1408 867 1463; x_wconf 87' lang='grc' dir='ltr'><em>γενέσθαι</em></span> <span class='ocrx_word' id='word_1_137' title='bbox 899 1407 971 1450; x_wconf 85' lang='grc' dir='ltr'><em>καὶ</em></span> <span class='ocrx_word' id='word_1_138' title='bbox 1003 1415 1063 1466; x_wconf 78' lang='grc' dir='ltr'><em>τῷ</em></span> <span class='ocrx_word' id='word_1_139' title='bbox 1106 1408 1274 1464; x_wconf 81' lang='grc' dir='ltr'><em>ἐκείνης</em></span> <span class='ocrx_word' id='word_1_140' title='bbox 1304 1411 1606 1467; x_wconf 76' lang='grc' dir='ltr'><em>βουλευτηρίῳ</em></span> 
     </span>
     <span class='ocr_line' id='line_1_22' title="bbox 250 1477 1607 1536; baseline -0.001 -14"><span class='ocrx_word' id='word_1_141' title='bbox 250 1479 323 1523; x_wconf 78' lang='grc' dir='ltr'><em>καὶ</em></span> <span class='ocrx_word' id='word_1_142' title='bbox 348 1488 438 1522; x_wconf 87' lang='grc' dir='ltr'><em>τῶν</em></span> <span class='ocrx_word' id='word_1_143' title='bbox 464 1480 716 1535; x_wconf 86' lang='grc' dir='ltr'><em>ἀνθρώπων</em></span> <span class='ocrx_word' id='word_1_144' title='bbox 741 1481 789 1522; x_wconf 89' lang='grc' dir='ltr'><em>τὸ</em></span> <span class='ocrx_word' id='word_1_145' title='bbox 810 1483 1008 1534; x_wconf 81' lang='grc' dir='ltr'><em>θελῆσαν</em></span> <span class='ocrx_word' id='word_1_146' title='bbox 1033 1487 1310 1536; x_wconf 89' lang='grc' dir='ltr'><em>προσχωρεῖν</em></span> <span class='ocrx_word' id='word_1_147' title='bbox 1336 1477 1426 1535; x_wconf 83' lang='grc' dir='ltr'><em>μετ’</em></span> <span class='ocrx_word' id='word_1_148' title='bbox 1453 1479 1607 1535; x_wconf 78' lang='grc' dir='ltr'><em>ἀρετῆς</em></span> 
     </span>
     <span class='ocr_line' id='line_1_23' title="bbox 256 1547 1609 1606; baseline 0 -13"><span class='ocrx_word' id='word_1_149' title='bbox 256 1552 277 1606; x_wconf 79' lang='grc' dir='ltr'>ἢ</span> <span class='ocrx_word' id='word_1_150' title='bbox 310 1554 474 1601; x_wconf 82' lang='grc' dir='ltr'><em>κακίας.</em></span> <span class='ocrx_word' id='word_1_151' title='bbox 526 1552 640 1605; x_wconf 80' lang='grc'>&lt;14&gt;</span> <span class='ocrx_word' id='word_1_152' title='bbox 673 1550 900 1593; x_wconf 74' lang='grc' dir='ltr'><em>ἀθάνατόν</em></span> <span class='ocrx_word' id='word_1_153' title='bbox 932 1547 969 1592; x_wconf 78' lang='grc' dir='ltr'><em>τ’</em></span> <span class='ocrx_word' id='word_1_154' title='bbox 1001 1552 1129 1606; x_wconf 81' lang='grc' dir='ltr'><em>ἰσχὺν</em></span> <span class='ocrx_word' id='word_1_155' title='bbox 1154 1558 1247 1600; x_wconf 89' lang='grc' dir='ltr'><em>ταῖς</em></span> <span class='ocrx_word' id='word_1_156' title='bbox 1272 1557 1433 1606; x_wconf 82' lang='grc' dir='ltr'><em>ψυχαῖς</em></span> <span class='ocrx_word' id='word_1_157' title='bbox 1463 1556 1609 1602; x_wconf 84' lang='grc' dir='ltr'><em>πίστις</em></span> 
     </span>
     <span class='ocr_line' id='line_1_24' title="bbox 251 1619 1609 1676; baseline -0.001 -12"><span class='ocrx_word' id='word_1_158' title='bbox 251 1622 400 1671; x_wconf 86' lang='grc' dir='ltr'><em>αὐτοῖς</em></span> <span class='ocrx_word' id='word_1_159' title='bbox 431 1619 559 1675; x_wconf 81' lang='grc' dir='ltr'><em>εἶναι,</em></span> <span class='ocrx_word' id='word_1_160' title='bbox 592 1620 665 1663; x_wconf 84' lang='grc' dir='ltr'><em>καὶ</em></span> <span class='ocrx_word' id='word_1_161' title='bbox 696 1621 997 1676; x_wconf 81' lang='grc' dir='ltr'><em>ὑποχθονίους</em></span> <span class='ocrx_word' id='word_1_162' title='bbox 1027 1622 1278 1671; x_wconf 86' lang='grc' dir='ltr'><em>δικαιώσεις</em></span> <span class='ocrx_word' id='word_1_163' title='bbox 1307 1637 1352 1664; x_wconf 91' lang='grc' dir='ltr'><em>τε</em></span> <span class='ocrx_word' id='word_1_164' title='bbox 1378 1620 1451 1663; x_wconf 90' lang='grc' dir='ltr'><em>καὶ</em></span> <span class='ocrx_word' id='word_1_165' title='bbox 1482 1622 1609 1676; x_wconf 79' lang='grc' dir='ltr'><em>τιμὰς</em></span> 
     </span>
     <span class='ocr_line' id='line_1_25' title="bbox 253 1688 1608 1750; baseline 0 -16"><span class='ocrx_word' id='word_1_166' title='bbox 253 1688 320 1742; x_wconf 80' lang='grc' dir='ltr'><em>αἷς</em></span> <span class='ocrx_word' id='word_1_167' title='bbox 358 1692 512 1748; x_wconf 80' lang='grc' dir='ltr'><em>ἀρετῆς</em></span> <span class='ocrx_word' id='word_1_168' title='bbox 550 1691 575 1746; x_wconf 80' lang='grc' dir='ltr'><em>ἢ</em></span> <span class='ocrx_word' id='word_1_169' title='bbox 612 1694 765 1742; x_wconf 83' lang='grc' dir='ltr'><em>κακίας</em></span> <span class='ocrx_word' id='word_1_170' title='bbox 804 1691 1081 1746; x_wconf 86' lang='grc' dir='ltr'><em>ἐπιτήδευσις</em></span> <span class='ocrx_word' id='word_1_171' title='bbox 1123 1691 1170 1734; x_wconf 88' lang='grc' dir='ltr'><em>ἐν</em></span> <span class='ocrx_word' id='word_1_172' title='bbox 1211 1698 1269 1749; x_wconf 78' lang='grc' dir='ltr'><em>τῷ</em></span> <span class='ocrx_word' id='word_1_173' title='bbox 1313 1694 1395 1750; x_wconf 81' lang='grc' dir='ltr'><em>βίῳ</em></span> <span class='ocrx_word' id='word_1_174' title='bbox 1436 1692 1608 1747; x_wconf 85' lang='grc' dir='ltr'><em>γέγονε,</em></span> 
     </span>
     <span class='ocr_line' id='line_1_26' title="bbox 251 1760 1607 1819; baseline 0 -14"><span class='ocrx_word' id='word_1_175' title='bbox 251 1762 323 1806; x_wconf 82' lang='grc' dir='ltr'><em>καὶ</em></span> <span class='ocrx_word' id='word_1_176' title='bbox 367 1771 460 1813; x_wconf 88' lang='grc' dir='ltr'><em>ταῖς</em></span> <span class='ocrx_word' id='word_1_177' title='bbox 503 1760 584 1817; x_wconf 73' lang='grc' dir='ltr'><em>μὲν</em></span> <span class='ocrx_word' id='word_1_178' title='bbox 628 1763 810 1817; x_wconf 78' lang='grc' dir='ltr'><em>εἱργμὸν</em></span> <span class='ocrx_word' id='word_1_179' title='bbox 853 1762 1001 1805; x_wconf 89' lang='grc' dir='ltr'><em>ἀίδιον</em></span> <span class='ocrx_word' id='word_1_180' title='bbox 1046 1765 1367 1819; x_wconf 86' lang='grc' dir='ltr'><em>προτίθεσθαι,</em></span> <span class='ocrx_word' id='word_1_181' title='bbox 1420 1770 1514 1813; x_wconf 89' lang='grc' dir='ltr'><em>ταῖς</em></span> <span class='ocrx_word' id='word_1_182' title='bbox 1559 1761 1607 1805; x_wconf 75' lang='grc' dir='ltr'><em>δὲ</em></span> 
     </span>
     <span class='ocr_line' id='line_1_27' title="bbox 252 1831 1606 1890; baseline 0 -14"><span class='ocrx_word' id='word_1_183' title='bbox 252 1834 484 1890; x_wconf 78' lang='grc' dir='ltr'><em>ῥαστώνην</em></span> <span class='ocrx_word' id='word_1_184' title='bbox 515 1840 594 1876; x_wconf 91' lang='grc' dir='ltr'><em>τοῦ</em></span> <span class='ocrx_word' id='word_1_185' title='bbox 627 1833 855 1888; x_wconf 87' lang='grc' dir='ltr'><em>ἀναβιοῦν.</em></span> <span class='ocrx_word' id='word_1_186' title='bbox 917 1834 1043 1888; x_wconf 84' lang='lat'>&lt;15&gt;</span> <span class='ocrx_word' id='word_1_187' title='bbox 1082 1832 1154 1875; x_wconf 79' lang='grc' dir='ltr'><em>καὶ</em></span> <span class='ocrx_word' id='word_1_188' title='bbox 1193 1831 1250 1875; x_wconf 82' lang='grc' dir='ltr'><em>δι’</em></span> <span class='ocrx_word' id='word_1_189' title='bbox 1289 1834 1398 1875; x_wconf 81' lang='grc' dir='ltr'><em>αὐτὰ</em></span> <span class='ocrx_word' id='word_1_190' title='bbox 1440 1841 1531 1884; x_wconf 90' lang='grc' dir='ltr'><em>τοῖς</em></span> <span class='ocrx_word' id='word_1_191' title='bbox 1561 1850 1606 1876; x_wconf 87' lang='grc' dir='ltr'><em>τε</em></span> 
     </span>
     <span class='ocr_line' id='line_1_28' title="bbox 253 1903 1605 1960; baseline 0 -14"><span class='ocrx_word' id='word_1_192' title='bbox 253 1906 410 1959; x_wconf 88' lang='grc' dir='ltr'><em>δήμοις</em></span> <span class='ocrx_word' id='word_1_193' title='bbox 435 1905 736 1947; x_wconf 82' lang='grc' dir='ltr'><em>πιθανώτατοι</em></span> <span class='ocrx_word' id='word_1_194' title='bbox 761 1905 1045 1959; x_wconf 77' lang='grc' dir='ltr'><em>τυγχάνουσι,</em></span> <span class='ocrx_word' id='word_1_195' title='bbox 1070 1903 1142 1947; x_wconf 87' lang='grc' dir='ltr'><em>καὶ</em></span> <span class='ocrx_word' id='word_1_196' title='bbox 1169 1905 1308 1947; x_wconf 88' lang='grc' dir='ltr'><em>ὁπόσα</em></span> <span class='ocrx_word' id='word_1_197' title='bbox 1334 1909 1436 1946; x_wconf 83' lang='grc' dir='ltr'><em>θεῖα</em></span> <span class='ocrx_word' id='word_1_198' title='bbox 1461 1904 1605 1960; x_wconf 83' lang='grc' dir='ltr'><em>εὐχῶν</em></span> 
     </span>
     <span class='ocr_line' id='line_1_29' title="bbox 252 1975 1604 2031; baseline 0 -14"><span class='ocrx_word' id='word_1_199' title='bbox 252 1979 286 2017; x_wconf 84' lang='grc' dir='ltr'><em>τ’</em></span> <span class='ocrx_word' id='word_1_200' title='bbox 339 1977 480 2031; x_wconf 75' lang='grc' dir='ltr'><em>ἔχεται</em></span> <span class='ocrx_word' id='word_1_201' title='bbox 523 1975 595 2018; x_wconf 83' lang='grc' dir='ltr'><em>καὶ</em></span> <span class='ocrx_word' id='word_1_202' title='bbox 641 1976 772 2031; x_wconf 73' lang='grc' dir='ltr'><em>ἱερῶν</em></span> <span class='ocrx_word' id='word_1_203' title='bbox 815 1976 1033 2029; x_wconf 86' lang='grc' dir='ltr'><em>ποιήσεως</em></span> <span class='ocrx_word' id='word_1_204' title='bbox 1082 1975 1282 2030; x_wconf 76' lang='grc' dir='ltr'><em>ἐξηγήσει</em></span> <span class='ocrx_word' id='word_1_205' title='bbox 1325 1982 1376 2031; x_wconf 75' lang='grc' dir='ltr'><em>τῇ</em></span> <span class='ocrx_word' id='word_1_206' title='bbox 1423 1975 1604 2018; x_wconf 84' lang='grc' dir='ltr'><em>ἐκείνων</em></span> 
     </span>
     <span class='ocr_line' id='line_1_30' title="bbox 251 2043 1607 2101; baseline 0.001 -14"><span class='ocrx_word' id='word_1_207' title='bbox 251 2046 457 2101; x_wconf 75' lang='grc' dir='ltr'><em>τυγχάνει</em></span> <span class='ocrx_word' id='word_1_208' title='bbox 500 2048 786 2101; x_wconf 86' lang='grc' dir='ltr'><em>πραττόμενα.</em></span> <span class='ocrx_word' id='word_1_209' title='bbox 850 2048 911 2095; x_wconf 83' lang='grc' dir='ltr'><em>εἰς</em></span> <span class='ocrx_word' id='word_1_210' title='bbox 954 2043 1128 2088; x_wconf 87' lang='grc' dir='ltr'><em>τοσόνδ’</em></span> <span class='ocrx_word' id='word_1_211' title='bbox 1176 2046 1329 2101; x_wconf 82' lang='grc' dir='ltr'><em>ἀρετῆς</em></span> <span class='ocrx_word' id='word_1_212' title='bbox 1369 2046 1518 2096; x_wconf 86' lang='grc' dir='ltr'><em>αὐτοῖς</em></span> <span class='ocrx_word' id='word_1_213' title='bbox 1558 2047 1607 2088; x_wconf 79' lang='grc' dir='ltr'><em>αἱ</em></span> 
     </span>
     <span class='ocr_line' id='line_1_31' title="bbox 250 2116 1604 2173; baseline 0.001 -15"><span class='ocrx_word' id='word_1_214' title='bbox 250 2119 399 2166; x_wconf 86' lang='grc' dir='ltr'><em>πόλεις</em></span> <span class='ocrx_word' id='word_1_215' title='bbox 436 2116 742 2171; x_wconf 84' lang='grc' dir='ltr'><em>ἐμαρτύρησαν</em></span> <span class='ocrx_word' id='word_1_216' title='bbox 781 2116 1053 2171; x_wconf 83' lang='grc' dir='ltr'><em>ἐπιτηδεύσει</em></span> <span class='ocrx_word' id='word_1_217' title='bbox 1090 2124 1170 2159; x_wconf 90' lang='grc' dir='ltr'><em>τοῦ</em></span> <span class='ocrx_word' id='word_1_218' title='bbox 1208 2116 1277 2159; x_wconf 85' lang='grc' dir='ltr'><em>ἐπὶ</em></span> <span class='ocrx_word' id='word_1_219' title='bbox 1317 2123 1422 2158; x_wconf 83' lang='grc' dir='ltr'><em>πᾶσι</em></span> <span class='ocrx_word' id='word_1_220' title='bbox 1462 2119 1604 2173; x_wconf 83' lang='grc' dir='ltr'><em>κρείτ-</em></span> 
     </span>
     <span class='ocr_line' id='line_1_32' title="bbox 250 2187 1334 2243; baseline 0 -13"><span class='ocrx_word' id='word_1_221' title='bbox 250 2203 380 2238; x_wconf 87' lang='grc' dir='ltr'><em>τονος</em></span> <span class='ocrx_word' id='word_1_222' title='bbox 412 2190 459 2229; x_wconf 81' lang='grc' dir='ltr'><em>ἔν</em></span> <span class='ocrx_word' id='word_1_223' title='bbox 491 2203 535 2229; x_wconf 86' lang='grc' dir='ltr'><em>τε</em></span> <span class='ocrx_word' id='word_1_224' title='bbox 567 2193 616 2242; x_wconf 76' lang='grc' dir='ltr'><em>τῇ</em></span> <span class='ocrx_word' id='word_1_225' title='bbox 651 2189 794 2243; x_wconf 80' lang='grc' dir='ltr'><em>διαίτῃ</em></span> <span class='ocrx_word' id='word_1_226' title='bbox 826 2193 905 2229; x_wconf 87' lang='grc' dir='ltr'><em>τοῦ</em></span> <span class='ocrx_word' id='word_1_227' title='bbox 937 2189 1038 2242; x_wconf 87' lang='grc' dir='ltr'><em>βίου</em></span> <span class='ocrx_word' id='word_1_228' title='bbox 1071 2187 1144 2229; x_wconf 80' lang='grc' dir='ltr'><em>καὶ</em></span> <span class='ocrx_word' id='word_1_229' title='bbox 1175 2190 1334 2242; x_wconf 86' lang='grc' dir='ltr'><em>λόγοις.</em></span> 
     </span>
    </p>
   </div>
   <div class='ocr_carea' id='block_1_5' title="bbox 1628 857 1661 882">
    <p class='ocr_par' dir='ltr' id='par_1_7' title="bbox 1628 857 1661 882">
     <span class='ocr_line' id='line_1_33' title="bbox 1628 857 1661 882; baseline 0.03 -1"><span class='ocrx_word' id='word_1_230' title='bbox 1628 857 1661 882; x_wconf 89' lang='grc'><em>10</em></span> 
     </span>
    </p>
   </div>
   <div class='ocr_carea' id='block_1_6' title="bbox 1629 1209 1661 1235">
    <p class='ocr_par' dir='ltr' id='par_1_8' title="bbox 1629 1209 1661 1235">
     <span class='ocr_line' id='line_1_34' title="bbox 1629 1209 1661 1235; baseline 0.031 -1"><span class='ocrx_word' id='word_1_231' title='bbox 1629 1209 1661 1235; x_wconf 81' lang='grc'><em>15</em></span> 
     </span>
    </p>
   </div>
   <div class='ocr_carea' id='block_1_7' title="bbox 1628 1564 1662 1589">
    <p class='ocr_par' dir='ltr' id='par_1_9' title="bbox 1628 1564 1662 1589">
     <span class='ocr_line' id='line_1_35' title="bbox 1628 1564 1662 1589; baseline 0 0"><span class='ocrx_word' id='word_1_232' title='bbox 1628 1564 1662 1589; x_wconf 80' lang='lat'><em>20</em></span> 
     </span>
    </p>
   </div>
   <div class='ocr_carea' id='block_1_8' title="bbox 1625 1917 1658 1943">
    <p class='ocr_par' dir='ltr' id='par_1_10' title="bbox 1625 1917 1658 1943">
     <span class='ocr_line' id='line_1_36' title="bbox 1625 1917 1658 1943; baseline -0.03 0"><span class='ocrx_word' id='word_1_233' title='bbox 1625 1917 1658 1943; x_wconf 81' lang='lat'><em>25</em></span> 
     </span>
    </p>
   </div>
   <div class='ocr_carea' id='block_1_9' title="bbox 341 2257 1656 2314">
    <p class='ocr_par' dir='ltr' id='par_1_11' title="bbox 341 2257 1656 2314">
     <span class='ocr_line' id='line_1_37' title="bbox 341 2257 1656 2314; baseline 0.002 -15"><span class='ocrx_word' id='word_1_234' title='bbox 341 2259 456 2312; x_wconf 79' lang='lat'>&lt;16&gt;</span> <span class='ocrx_word' id='word_1_235' title='bbox 502 2259 828 2308; x_wconf 86' lang='grc' dir='ltr'><em>Σαδδουκαίοις</em></span> <span class='ocrx_word' id='word_1_236' title='bbox 872 2257 920 2300; x_wconf 78' lang='grc' dir='ltr'><em>δὲ</em></span> <span class='ocrx_word' id='word_1_237' title='bbox 963 2259 1039 2308; x_wconf 83' lang='grc' dir='ltr'><em>τὰς</em></span> <span class='ocrx_word' id='word_1_238' title='bbox 1082 2259 1223 2314; x_wconf 78' lang='grc' dir='ltr'><em>ψυχὰς</em></span> <span class='ocrx_word' id='word_1_239' title='bbox 1263 2259 1285 2301; x_wconf 87' lang='grc' dir='ltr'>ὁ</span> <span class='ocrx_word' id='word_1_240' title='bbox 1327 2260 1458 2312; x_wconf 88' lang='grc' dir='ltr'><em>λόγος</em></span> <span class='ocrx_word' id='word_1_241' title='bbox 1498 2270 1602 2302; x_wconf 88' lang='grc' dir='ltr'><em>συν-</em></span> <span class='ocrx_word' id='word_1_242' title='bbox 1622 2271 1656 2296; x_wconf 82' lang='lat'><em>30</em></span> 
     </span>
    </p>
   </div>
   <div class='ocr_carea' id='block_1_10' title="bbox 344 2338 933 2383">
    <p class='ocr_par' dir='ltr' id='par_1_12' title="bbox 344 2338 933 2383">
     <span class='ocr_line' id='line_1_38' title="bbox 344 2338 933 2383; baseline 0.003 -11"><span class='ocrx_word' id='word_1_243' title='bbox 344 2343 362 2381; x_wconf 64' lang='grc' dir='ltr'>ξ</span> <span class='ocrx_word' id='word_1_244' title='bbox 391 2343 434 2372; x_wconf 77' lang='grc'><em>1-2</em></span> <span class='ocrx_word' id='word_1_245' title='bbox 462 2338 505 2374; x_wconf 85' lang='lat' dir='ltr'><em>cf.</em></span> <span class='ocrx_word' id='word_1_246' title='bbox 533 2338 624 2373; x_wconf 79' lang='lat' dir='ltr'>Bell.</span> <span class='ocrx_word' id='word_1_247' title='bbox 652 2339 729 2373; x_wconf 79' lang='lat' dir='ltr'><strong>Iud.</strong></span> <span class='ocrx_word' id='word_1_248' title='bbox 757 2339 792 2372; x_wconf 91' lang='lat' dir='ltr'>H</span> <span class='ocrx_word' id='word_1_249' title='bbox 819 2343 850 2383; x_wconf 79' lang='lat' dir='ltr'><em>S,</em></span> <span class='ocrx_word' id='word_1_250' title='bbox 879 2343 933 2374; x_wconf 70' lang='lat'><em>14.</em></span> 
     </span>
    </p>
   </div>
  </div>
 </body>
</html>
