1732 2526
622 87 1028 122 OKTQKAIAEKATH
1417 87 1500 128 147

154 211 246 237 νων
284 197 397 237 πολὺ
437 198 608 248 πλῆθος
640 201 914 248 στρατιωτῶν
952 194 1277 249 ἀμπεχόμενον,
1323 198 1367 237 οἳ
1402 197 1500 249 ἔφε-

153 281 233 321 ρον
266 266 479 315 σκυτάλας
511 265 594 307 ὑπὸ
622 271 715 314 ταῖς
741 267 928 316 στολαῖς,
964 263 1209 318 διαπέμψας
1237 267 1298 315 εἰς
1332 266 1354 307 ὃ
1380 280 1500 321 περι-

153 335 328 378 έλθοιεν
370 336 549 389 αὐτούς,
593 335 722 384 αὐτὸς
764 334 961 377 ἐκέλευεν
1004 335 1261 390 ἀναχωρεῖν.
1324 343 1411 377 τῶν
1454 335 1494 378 δ’

151 408 416 462 ὡρμηκότων
447 407 508 456 εἰς
540 407 587 448 τὸ
621 406 858 459 λοιδορεῖν,
894 405 1136 447 ἀποδίδωσι
1169 412 1259 454 τοῖς
1291 408 1498 461 στρατιώ-

113 492 241 528 5ταις
280 478 302 519 ὃ
339 475 649 533 προσυνέκειτο
689 483 889 530 σημεῖον·
937 476 1064 529 <62>
1102 477 1147 517 οἳ
1185 473 1232 516 δὲ
1274 475 1345 517 καὶ
1383 479 1497 518 πολὺ

147 550 354 603 μειζόνως
383 549 492 602 ἤπερ
526 546 699 597 ἐπέταξε
725 549 918 596 Πιλᾶτος
945 545 1134 602 ἐχρῶντο
1163 549 1364 601 πληγαῖς,
1396 548 1498 596 τούς

146 635 190 660 τε
222 621 530 673 θορυβοῦντας
562 617 608 660 ἐν
643 622 722 675 ἴσῳ
754 616 827 659 καὶ
860 615 998 673 (τοὺς)
1031 618 1088 671 μὴ
1125 617 1390 667 κολάζοντες.
1454 620 1499 659 οἳ

146 687 185 731 δ’
217 686 498 744 εἰσεφέροντο
531 689 727 742 μαλακὸν
753 686 902 741 οὐδέν,
934 685 1034 729 ὥστ’
1067 688 1223 729 ἄοπλοι
1250 685 1497 741 ληφθέντες

143 757 216 801 ὑπ’
255 759 432 815 ἀνδρῶν
464 758 510 801 ἐκ
542 765 820 813 παρασκευῆς
858 757 1188 814 ἐπιφερομένων
1225 756 1382 799 πολλοὶ
1415 756 1495 812 μὲν

91 843 124 869 10
143 830 289 872 αὐτῶν
326 831 459 886 ταύτῃ
498 828 569 871 καὶ
608 828 911 884 ἀπέθνησκον,
956 832 1001 872 οἳ
1040 827 1087 870 δὲ
1125 827 1196 870 καὶ
1236 831 1495 884 τραυματίαι

143 900 438 956 ἀνεχώρησαν.
500 898 572 941 καὶ
606 900 719 942 οὕτω
752 900 934 941 παύεται
965 915 990 953 η
1025 899 1184 948 στάσις.

231 972 344 1025 <63>
378 973 563 1025 [γίνεται
596 969 642 1012 δε
674 971 781 1012 κατὰ
818 976 977 1012 τοῦτον
1016 971 1092 1012 τὸν
1123 971 1285 1025 χρόνον
1314 968 1495 1024 Ἰησοῦς,

142 1043 279 1098 σοφὸς
311 1041 444 1097 ἀνήρ,
482 1045 526 1082 εἴ
558 1040 595 1094 γ’
635 1042 776 1096 ἄνδρα
809 1040 944 1082 αὐτὸν
981 1039 1125 1093 λέγειν
1163 1042 1258 1095 χρή.
1320 1037 1376 1094 ἧν
1408 1041 1491 1096 γὰρ

140 1111 401 1167 παραδόξων
434 1113 575 1167 ε”ργων
607 1126 802 1166 ποιητης,
836 1111 1099 1160 διδάσκαλος
1125 1110 1377 1166 ιἰνθρωπων
1404 1118 1492 1153 τῶν

28 1200 33 1203 ·
87 1195 119 1221 15
139 1183 279 1238 ἡδονῇ
311 1182 481 1237 τάληθῆ
516 1180 782 1237 δεχομένων·
820 1180 892 1223 καὶ
924 1183 1114 1231 πολλοὺς
1147 1179 1226 1235 μὲν
1247 1179 1493 1231 Ἰουδαίους

139 1255 331 1303 πολλοὺς
363 1251 411 1296 δὲ
442 1251 515 1295 καὶ
546 1259 624 1295 τοῦ
650 1251 910 1306 Ἑλληνικοῦ
937 1252 1196 1306 ὑπηγάγετο.
1254 1251 1276 1293 ὁ
1306 1253 1492 1307 Χριστὸς

139 1321 269 1374 οὗτος
300 1321 367 1379 ἧν.
429 1324 544 1378 <64>
575 1322 646 1365 καὶ
679 1324 815 1365 αὐτὸν
853 1322 1034 1373 ἐνδείξει
1071 1330 1160 1364 τῶν
1197 1323 1383 1377 πρώτων
1415 1322 1490 1364 ἀν-

139 1395 259 1448 δρῶν
290 1392 391 1451 παρ’
429 1395 534 1449 ἡμῖν
567 1400 740 1451 σταυρῷ
776 1393 1122 1448 ἐπιτετιμηκότος
1156 1393 1373 1447 Πιλάτου,
1410 1394 1491 1436 οὐκ

140 1465 385 1508 ἐπαύσαντο
424 1466 470 1508 οί
503 1467 551 1508 τὸ
589 1473 765 1520 πρῶτον
804 1465 938 1507 αὐτὸν
980 1464 1296 1518 ἀγαπήσαντες·
1349 1463 1488 1519 ἐφάνη

85 1549 118 1575 20
138 1538 222 1591 γὰρ
255 1536 403 1586 αὐτοῖς
434 1538 584 1591 τρίτην
616 1538 728 1592 ἔχων
754 1534 921 1590 ἡμέραν
946 1535 1078 1577 πάλιν
1106 1537 1204 1589 ζῶν,
1236 1542 1323 1576 τῶν
1349 1536 1489 1577 θείων

137 1615 376 1663 προφητῶν
419 1608 555 1648 ταῦτά
595 1623 640 1649 τε
681 1605 753 1648 καὶ
795 1608 904 1648 ἄλλα
945 1608 1080 1661 μυριά
1120 1605 1349 1660 θαυμάσια
1389 1604 1489 1661 περὶ

138 1678 275 1720 αὐτοῦ
307 1679 555 1734 εἰρηκότων.
616 1676 747 1719 εἰσέτι
779 1693 823 1719 τε
855 1683 939 1719 νῦν
972 1684 1059 1718 τῶν
1094 1679 1371 1731 Χριστιανῶν
1404 1675 1488 1718 ἀπὸ

137 1750 266 1791 τοῦδε
301 1747 615 1803 ὠνομασμένον
648 1748 728 1790 οὐκ
761 1747 934 1790 ἐπέλιπε
965 1749 1013 1789 τὸ
1046 1749 1220 1802 φῦλον]

225 1820 340 1874 <65>
373 1818 445 1861 καὶ
477 1819 562 1861 ὑπὸ
595 1820 697 1868 τοὺς
729 1819 888 1868 αὐτοὺς
920 1820 1107 1874 χρόνους
1145 1817 1294 1873 ἔτερόν
1326 1833 1366 1859 τι
1400 1818 1486 1860 δει-

82 1902 116 1928 25
136 1891 216 1932 νὸν
250 1889 459 1946 ἐθορύβει
496 1891 598 1939 τοὺς
624 1887 887 1943 Ἰουδαίους,
927 1887 999 1930 καὶ
1037 1887 1136 1943 περὶ
1172 1889 1220 1930 τὸ
1261 1888 1380 1943 ἱερὸν
1412 1895 1488 1942 τῆς

124 1959 288 2010 Ἴσιδος
318 1962 367 2003 τὸ
401 1959 448 2003 ἐν
473 1960 612 2016 Ῥώμῃ
644 1960 819 2016 πράξεις
851 1961 1073 2014 αἰσχυνῶν
1100 1959 1179 2002 οὐκ
1212 1958 1487 2013 ἀπηλλαγμέ-

136 2048 209 2074 ναι
251 2032 615 2086 συντυγχάνουσι.
677 2029 748 2072 καὶ
787 2032 1002 2086 πρότερον
1043 2037 1121 2073 τοῦ
1161 2037 1249 2072 τῶν
1285 2027 1486 2072 Ἰσιακῶν

136 2104 408 2157 τολμήματος
439 2104 613 2157 μνήμην
645 2101 956 2156 ποιησάμενος,
998 2101 1112 2144 οὕτω
1151 2103 1369 2155 μεταβιβῶ
1408 2101 1486 2142 τὸν

136 2175 270 2227 λόγον
303 2172 373 2215 ἐπὶ
404 2174 456 2215 τὰ
489 2172 536 2215 ἐν
569 2180 660 2222 τοῖς
682 2170 912 2222 Ἰουδαίοις
938 2173 1162 2227 γεγονότα.
1218 2171 1334 2226 <66>
1361 2174 1483 2212 Παυ-

82 2255 116 2281 30
135 2247 235 2286 λῖνα
267 2241 322 2298 ἦν
353 2251 441 2286 τῶν
474 2243 542 2286 ἐπὶ
567 2242 730 2298 Ῥώμης
761 2245 995 2297 προγόνων
1025 2259 1069 2285 τε
1106 2242 1314 2297 ἀξιώματι
1345 2246 1404 2297 τῷ
1438 2256 1482 2281 τε

135 2312 241 2357 καθ’
293 2313 452 2370 ἑαυτὴν
497 2313 797 2369 ἐπιτηδεύοντι
847 2316 1013 2369 κόσμον
1063 2313 1217 2369 ἀρετῆς
1260 2311 1330 2354 ἐπὶ
1373 2309 1482 2365 μέγα

1199 2381 1269 2415 10*
