1732 2526
204 66 290 107 312
574 66 937 99 APXAIOAOPJAZ
962 65 1178 98 ΕΙΚΟΣΤΗ

205 172 243 215 δ’
282 173 361 215 οὐκ
393 172 448 214 ἂν
482 172 729 227 ἐπίφθονον
761 171 953 226 γένοιτο,
992 169 1097 214 οὐδὲ
1136 173 1289 213 σκαιὸν
1326 178 1416 221 τοῖς
1447 175 1554 214 πολ-”

206 247 299 293 λοῖς
331 245 587 298 φανήσεται,
617 241 690 285 καὶ
721 242 820 297 περὶ
853 242 1008 296 γένους
1039 242 1205 296 τούμοῦ
1231 241 1303 284 καὶ
1334 241 1433 297 περὶ
1464 249 1552 284 τῶν

205 315 312 355 κατὰ
349 315 426 356 τὸν
464 316 565 368 βίον
601 313 801 369 πράξεων
837 312 1000 369 βραχέα
1040 313 1303 367 διεξελθεῖν,
1347 312 1428 362 ἕως
1468 314 1551 368 ἔχω

208 386 367 435 ζῶντας
387 383 413 438 ἢ
433 385 536 433 τοὺς
562 383 814 438 ἐλέγξοντας
833 384 859 438 ἢ
879 386 982 434 τοὺς
1001 386 1368 439 μαρτυρήσοντας.
1407 383 1551 437 <267>

207 454 276 496 ἐπὶ
308 455 479 505 τούτοις
512 452 559 496 δὲ
590 456 852 497 καταπαύσω
891 456 971 509 τὴν
1010 454 1343 510 ἀρχαιολογίαν,
1383 456 1553 509 βίβλοις

207 523 287 581 μὲν
319 530 457 568 εἴκοσι
488 525 870 581 περιειλημμένην,
903 526 946 576 ἓξ
973 523 1021 567 δὲ
1047 526 1228 581 μυριάσι
1255 527 1430 579 στίχων·
1469 523 1552 566 κᾶν

207 598 255 638 τὸ
287 601 415 638 θεῖον
448 595 671 652 ἐπιτρέπῃ,
708 597 815 638 κατὰ
846 597 1118 651 περιδρομὴν
1151 596 1389 650 ὑπομνήσω
1420 595 1553 636 πάλιν

207 674 285 709 τοῦ
329 682 372 708 τε
417 666 611 721 πολέμου
655 665 727 708 καὶ
770 673 856 707 τῶν
902 668 1239 721 συμβεβηκότων
1280 666 1385 720 ἡμῖν
1429 665 1554 720 μέχρι

208 744 282 791 τῆς
321 744 406 779 νῦν
445 736 685 791 ἐνεστώσης
715 736 895 791 ἡμέρας,
936 737 1031 790 ’ἥτις
1069 736 1158 778 ἐστὶ
1195 736 1554 792 τρισκαιδεκάτου

209 805 288 861 μὲν
330 809 452 856 ἔτους
492 812 566 861 τῆς
598 809 876 861 Δομετιανοῦ
917 809 1140 862 Καίσαρος
1176 806 1328 862 ἀρχῆς,
1373 805 1467 860 ἐμοὶ
1511 794 1552 847 δ’

209 877 293 919 ἀπὸ
326 877 536 931 γενέσεως
560 883 857 931 πεντηκοστοῦ
889 876 962 919 καὶ
995 877 1132 919 ἕκτου.
1189 878 1333 931 <268>
1365 874 1556 932 προῄρη-

210 964 285 1002 μαι
319 946 368 989 δὲ
401 947 650 1001 συγγράψαι
692 946 763 988 καὶ
797 948 872 997 τὰς
910 946 1119 1003 ἡμετέρας
1158 948 1288 998 δόξας
1327 954 1415 990 τῶν
1450 945 1557 990 Ἰου-

1577 820 1611 846 10

211 1018 348 1060 δαίων
387 1018 433 1059 ἐν
471 1017 666 1071 τέτταρσι
704 1020 875 1073 βίβλοις
911 1017 1010 1073 περὶ
1048 1022 1160 1061 θεοῦ
1196 1018 1269 1060 καὶ
1300 1024 1375 1072 τῆς
1407 1018 1586 1068 οὐσίας’

211 1089 368 1142 αὐτοῦ,
408 1087 480 1130 καὶ
519 1087 618 1144 περὶ
659 1095 746 1130 τῶν
787 1091 959 1144 νόμων,
1000 1090 1072 1130 διὰ
1109 1091 1154 1131 τί
1187 1088 1281 1130 κατ’
1316 1089 1476 1138 αὐτοὺς
1506 1089 1559 1130 τὰ

213 1156 293 1213 μὲν
326 1159 491 1209 ἔξεστιν
523 1159 628 1214 ἡμῖν
659 1167 802 1202 ποιεῖν
835 1161 886 1201 τὰ
919 1157 967 1201 δε
999 1161 1249 1201 κεκώλυται.

1580 1171 1613 1197 15
