1732 2526
485 56 767 100 ADNOTATIO
794 56 990 92 CRITICA.
1289 56 1409 91 XXIX

63 167 209 214 θεωρία
243 165 347 202 MW.
383 184 426 190 —
462 168 481 206 ξ
519 167 583 198 131
620 164 864 211 προσηγορίᾳ·
901 165 1104 212 κατηγορίᾳ
1140 163 1298 208 Lowth.‚
1335 163 1411 198 ὀλι-

67 226 183 273 γωρίᾳ
202 224 294 268 Hw.,
322 222 490 271 ἰσηγορίᾳ
510 222 628 257 Herw.
653 243 693 247 —
716 227 734 265 ξ
763 225 828 256 131
856 223 976 256 αὐτῶν
1003 222 1079 267 Ns„
1106 223 1241 262 αὐτούς
1264 222 1321 258 ed.
1342 234 1408 267 pn,

66 283 186 327 αὐτήν
211 283 317 318 codd.
345 303 386 307 —
415 287 433 325 ξ
462 285 527 316 131
555 283 840 316 πεπιστεῦσθαι·
874 281 1118 316 πιστεύεσθαι
1144 281 1184 316 Ε.
1219 302 1260 306 —-
1295 285 1312 323 ἓ
1343 285 1408 315 132

68 342 215 377 εὐκτόν·
247 340 370 376 εἰκότα
396 340 475 376 Hw.
503 361 546 366 —
573 344 592 382 ξ
620 343 686 374 133
713 340 804 384 (καὶ)
832 337 870 374 οἵ
892 338 959 385 μέν
985 339 1063 375 Hw.
1092 361 1135 364 —
1162 344 1181 382 ξ
1209 343 1274 373 133
1301 353 1410 385 τιμω-

69 402 147 444 ριάι
167 400 293 444 HudS.,
314 400 469 445 τιμωρία
488 400 530 443 Α,
551 400 725 444 τιμωρίας
745 398 848 432 MW.
871 420 914 424 —
935 402 954 440 ξ
976 402 1043 433 134
1064 397 1314 442 ὡρακιακέναι
1337 399 1409 440 NL,

68 457 292 504 ὡμιληκέναι
316 458 390 503 vlg.
418 479 461 483 —
488 462 507 500 ἓ
535 461 600 491 135
628 455 750 497 οὐδείς
774 457 859 501 Bk,
886 455 1000 497 αὖθις
1024 457 1098 502 vlg.
1126 479 1168 483 —
1196 462 1214 500 ξ
1242 461 1308 491 136
1336 461 1411 496 τοῖς

68 518 323 563 εὐπατρίδαις·
359 522 431 551 τῶν
464 517 696 561 εὐπατριδῶν
731 515 794 550 NS.
829 537 871 541 —
904 520 924 558 ξ
957 520 1024 550 136
1057 515 1235 561 γεγονότα
1268 515 1409 559 (αὐτόν)

68 577 189 612 Herw.
220 596 265 602 —-
297 580 316 618 ξ
343 579 409 610 136
442 576 596 621 κομιδῆς
620 575 667 619 Ε,
703 576 837 620 κομιδῇ
862 574 936 619 vlg.
970 595 1013 600 —
1047 579 1066 617 ξ
1100 578 1165 608 137
1200 574 1313 619 ἕδραν
1340 574 1409 618 Df.‚

68 633 227 681 ἐνέδραν
252 635 326 680 vlg.
363 656 406 660 -
442 639 460 677 ξ
498 637 563 669 137
601 635 643 668 οῖ’
669 646 705 668 τε
740 655 783 659 -
816 633 1027 676 δικάζοντες
1062 634 1221 678 Low-th,
1256 633 1342 673 τούς
1372 646 1409 667 τε

68 694 391 739 κατηγορήσοντας
422 693 486 728 καὶ
516 693 601 733 τοὺς
632 691 852 735 δικάζοντας
877 693 982 728 codd.
1011 713 1052 718 ——
1081 696 1100 735 ξ
1129 696 1196 726 138
1232 689 1412 738 ε’σπασμέ-

67 765 158 789 νων·
194 751 418 798 ἐσπασμένοι
443 753 482 788 Ε.
518 772 560 778 --
594 756 613 794 ξ
642 755 707 786 139
735 751 1012 798 βουλευθέντων
1038 752 1122 796 Bk,
1151 749 1411 798 βουληθέντων

67 812 141 858 vlg.
174 834 217 838 —-
252 817 271 855 ἓ
307 816 373 846 139
399 816 475 851 τοῖς
507 808 774 846 ἐπαναστᾶσιν
811 810 906 846 κατὰ
931 811 997 856 τὴν
1024 808 1274 846 ἐπανάστασιν
1299 810 1339 845 Ε.
1369 831 1411 835 —

67 876 87 915 ξ
122 875 188 906 140
221 869 261 906 ἐν
294 868 425 917 ἐρεύνῃ
458 870 604 915 MWE,
639 867 771 916 ἐρεύνῃ
797 870 845 915 Α,
883 867 1038 914 ἐρεύνην
1063 869 1186 915 Ns.<?)
1218 890 1261 894 —
1293 873 1312 911 ξ
1346 873 1411 902 142

68 929 389 976 ἀπερεισαμένοις·
422 931 666 974 ἀπερείσαντο
692 929 732 964 Ε.
767 950 810 954 -
846 934 865 971 ἓ
894 933 964 978 143.
987 929 1205 974 ὁμιλήσοντα
1232 926 1414 963 ἐπανασε-

70 991 221 1024 σεῖσθαι
245 990 400 1035 (δοκεῖν)
425 989 502 1023 Hw.
531 1010 574 1014 —-
601 992 620 1031 ἓ
648 992 716 1022 144
741 984 836 1032 ἦσαν
862 988 970 1023 inser.
991 988 1111 1022 Herw.
1140 1009 1181 1013 ——
1211 992 1230 1030 ξ
1258 991 1326 1021 144
1351 993 1414 1031 τῆς

70 1048 204 1093 χώρας·
232 1053 295 1093 τῆς
314 1053 431 1093 χαρᾶς
451 1047 507 1082 ed.
527 1060 593 1092 pn,
619 1047 683 1082 καὶ
702 1052 765 1091 τῆς
784 1053 900 1092 χαρᾶς
919 1047 1037 1082 Ηιιᾰε.
1059 1069 1102 1072 -
1123 1051 1142 1089 ξ
1164 1050 1232 1081 144
1251 1058 1414 1081 συναπο-

71 1105 266 1152 λουμένου·
304 1104 674 1152 συναπολογουμένου
707 1106 813 1141 codd.
850 1127 892 1132 —
930 1110 949 1148 ἓ
983 1110 1049 1140 145
1081 1105 1306 1150 πιπράσκειν
1337 1106 1414 1149 Nn,

68 1165 247 1211 πράσσειν
278 1166 352 1210 vlg.
386 1187 428 1191 ——
461 1170 480 1208 ἓ
514 1169 581 1200 145
613 1166 878 1210 πενθιμώτατα
909 1165 956 1209 Ε,
989 1166 1274 1210 πενθιμώτατον
1306 1165 1412 1199 codd.
1477 1162 1479 1166 ⁸

71 1246 115 1250 ——
141 1229 160 1267 ἓ
188 1228 255 1259 147
281 1224 621 1269 παρασκευάσαιτο·
655 1223 1033 1269 παρασκευασάμενος
1056 1224 1098 1259 Ε.
1131 1245 1174 1249 ——
1208 1228 1226 1266 ἓ
1255 1227 1321 1258 148
1347 1237 1414 1258 κα-

69 1285 260 1324 ταστείλας
285 1283 364 1318 Hw.
391 1283 467 1329 Nn,
492 1283 557 1318 καὶ
582 1281 723 1324 στείλας
748 1283 796 1327 M,
823 1283 887 1318 καὶ
913 1283 1023 1323 σύλας
1047 1283 1089 1328 Α,
1117 1283 1180 1318 καὶ
1206 1285 1348 1323 στίλλας
1372 1283 1413 1327 Ε,

69 1343 135 1378 καὶ
159 1345 308 1383 Παῦλος
332 1343 408 1387 Df.‚
441 1343 505 1377 καὶ
529 1342 674 1386 Στήλας
698 1343 763 1377 Ns.
797 1364 839 1368 —
872 1346 892 1384 ξ
920 1345 986 1376 148
1011 1342 1156 1388 περιῄει
1181 1342 1256 1386 Df.‚
1290 1347 1414 1387 παρῆν

71 1402 145 1447 vlg.
177 1423 221 1427 —-
253 1406 272 1444 ξ
306 1405 371 1436 149
404 1401 438 1436 οἳ
469 1402 533 1436 καὶ
565 1401 750 1436 ὁπωσοῦν’
785 1402 888 1446 οἵπερ
915 1401 962 1435 ἄν
987 1401 1027 1437 Ε.
1055 1422 1098 1426 -
1125 1405 1144 1443 ἓ
1172 1405 1239 1435 150
1272 1398 1415 1446 ἐπερίσ-

71 1472 215 1496 σευσεν·
253 1458 486 1505 ἐπερίσσευεν
517 1460 584 1496 Bk.
618 1482 661 1486 —
693 1465 712 1503 ξ
747 1464 813 1494 150
847 1460 894 1505 μὴ
922 1459 1093 1494 Hudsoni
1124 1461 1190 1495 est.
1226 1481 1268 1485 —
1301 1464 1319 1502 ἓ
1347 1464 1413 1494 151

72 1517 350 1562 ἐπιδείξασθαι·
383 1516 637 1562 ἐπιδείξεσθαι
663 1520 728 1554 NS.
756 1540 799 1544 —
826 1523 845 1561 ἓ
872 1522 939 1553 155
965 1519 1102 1554 ἀνθεῖν
1128 1519 1261 1564 Huds.‚
1289 1516 1414 1554 ε’λθεῖν

76 1578 150 1623 vlg.
183 1599 226 1604 —
260 1583 279 1621 ξ
313 1582 379 1613 155
413 1578 529 1622 αὐτήν
555 1579 611 1613 ed.
638 1590 709 1623 pr„
744 1577 858 1613 αὐτόν
891 1578 995 1613 codd.
1030 1599 1073 1603 —-
1106 1582 1125 1620 ξ
1158 1582 1225 1612 156
1259 1578 1419 1613 συνθέν-

71 1651 144 1672 των
169 1637 245 1682 Df.‚
278 1636 532 1672 συντεθέντων
559 1637 664 1672 codd.
697 1658 741 1662 —
774 1641 792 1679 ξ
822 1640 888 1671 157
915 1639 1106 1681 φυλακῶν·
1139 1636 1272 1671 θάκων
1298 1637 1414 1672 Huds.

73 1717 115 1722 —
149 1700 168 1738 ξ
203 1700 269 1731 157
302 1697 366 1731 καὶ
396 1697 555 1741 ταραχαὶ
587 1696 641 1731 ed.
666 1708 738 1741 plu,
771 1696 835 1730 καὶ
867 1696 984 1740 ἀρχαί
1011 1696 1116 1731 codd.
1148 1710 1204 1740 γρ.
1237 1695 1277 1730 αἳ
1306 1709 1416 1731 τοκα-

71 1755 209 1800 ταρχὰς
234 1755 333 1790 πάνυ
359 1757 494 1801 πικραί
515 1767 586 1800 mg.
613 1756 655 1790 A.
683 1776 727 1781 —-
754 1759 772 1797 ξ
801 1758 866 1789 157
893 1761 965 1789 τῶν
992 1756 1075 1789 εἵσω
1102 1755 1158 1790 ed.
1184 1767 1254 1800 plu,
1282 1754 1417 1790 ὑπανί-

72 1826 142 1854 σως
166 1814 215 1859 Α,
247 1820 311 1849 τοῦ
337 1820 413 1849 πᾶν
447 1816 530 1849 εἴσω
555 1814 660 1859 MW,
692 1815 917 1849 ὑπανιεισῶν
944 1814 1081 1859 Herw.,
1113 1815 1324 1849 ὑπανεισῶν
1350 1814 1413 1849 1⁷8.

75 1873 184 1908 Sardi
219 1873 381 1908 venales.
421 1894 464 1899 —-
502 1878 521 1916 ξ
561 1877 627 1907 157
666 1872 862 1908 ἀπέσοιντο
901 1873 957 1908 ed.
993 1885 1064 1918 pn,
1103 1871 1289 1908 πείσοιντο
1326 1874 1414 1917 ΑΜ,

72 1931 244 1968 πέσοιντο
270 1933 328 1967 W.
362 1953 406 1958 ——-
438 1937 457 1975 ἓ
490 1935 556 1967 159
590 1930 643 1967 ἔτι
674 1931 867 1967 λανθάνον
899 1937 971 1966 τῶν
1002 1932 1049 1977 Ε,
1086 1929 1417 1967 ε’πιλανθανόντων

73 1991 179 2027 codd.
214 2012 259 2017 —
294 1995 313 2034 ἓ
347 1995 413 2026 160
444 1997 509 2026 τοῦ
542 1997 675 2026 κακοῦ·
711 1997 828 2026 κακοῦ
856 1991 919 2026 Ns.
957 2012 998 2016 —
1035 1995 1054 2033 ἓ
1088 1994 1152 2025 161
1187 1990 1414 2037 φρονήματι·

75 2049 383 2099 καταφρονήματι
409 2051 515 2086 codd.
542 2071 585 2076 —
611 2054 630 2093 ἕ
653 2054 719 2085 162
747 2047 786 2085 ἐν
812 2049 938 2095 κράτει
957 2049 1037 2095 ΑΕ,
1065 2049 1223 2095 ἐγκρατῆ
1243 2050 1348 2086 MW.
1373 2071 1416 2076 —

75 2113 94 2151 ἓ
122 2113 187 2144 162
214 2108 440 2154 γενήσεσθαι
465 2109 506 2154 Ε,
533 2109 743 2153 κτήσασθαι
769 2109 885 2154 codd,
911 2108 1115 2153 κτήσεσθαι
1140 2108 1220 2144 Hw.
1242 2131 1284 2134 —
1305 2114 1324 2152 ξ
1350 2113 1415 2144 163

74 2169 117 2203 οὐ
144 2168 215 2204 del.
237 2169 300 2204 Ns.
329 2190 371 2194 —
399 2173 418 2211 ἓ
442 2172 509 2203 164
533 2168 735 2214 ἡγεμονίαν
762 2167 953 2213 αἷρεῖσθαι
972 2169 1162 2203 Κλαυδίου
1181 2168 1223 2203 Ε.
1244 2189 1287 2193 -
1308 2173 1327 2211 ξ
1350 2173 1417 2204 164

73 2226 119 2261 τὰ
138 2227 234 2262 κατά
252 2227 330 2273 Bk,
351 2233 423 2262 τῶν
443 2226 539 2262 κατά
558 2227 633 2272 vlg.
657 2248 696 2254 —
718 2232 737 2270 ἓ
760 2231 826 2262 166
846 2226 1093 2272 πεπυσμένος·
1114 2225 1358 2273 πεπεισμένος
1374 2227 1414 2261 Ε.

28 2312 31 2313 ⁷
74 2306 119 2311 ——
151 2290 170 2330 ξ
203 2290 268 2321 167
302 2287 366 2322 καὶ
396 2287 537 2333 γνώμῃ·
571 2287 642 2321 κάν
674 2287 799 2333 γνώμῃ
830 2286 894 2322 NS.
934 2308 973 2311 —
1011 2290 1029 2329 ἓ
1066 2290 1133 2320 169
1167 2283 1417 2332 ἐντραφέντας
