1732 2526
381 577 755 631 ΦΛΑὸΙΟΥ
796 575 1185 630 ΙΩΣΗΠΟΥ

678 683 757 723 BI
792 683 826 724 O
861 681 906 723 Σ.

199 800 285 853 <1>
302 798 421 854 Ἐμοὶ
444 798 491 841 δὲ
511 799 639 854 γένος
666 799 784 842 ἐστὶν
810 800 890 842 οὐκ
910 801 1095 854 ἄσημον,
1116 796 1212 841 ἀλλ’
1239 799 1280 850 ἐξ
1304 800 1457 854 ἱερέων

111 871 287 912 ἄνωθεν
320 873 625 925 καταβεβηκός.
689 872 831 926 ὥσπερ
872 872 925 925 δὴ
963 869 1064 926 παρ’
1109 870 1307 920 ἑκάστοις
1347 873 1455 926 ἄλλη

110 943 175 990 τίς
207 940 326 983 ἐστιν
358 941 582 995 εὐγενείας
614 942 841 995 ὑπόθεσις,
883 942 997 983 οὕτω
1035 938 1136 997 παρ’
1182 941 1287 996 ἡμῖν
1324 942 1350 996 ἡ
1384 948 1458 996 τῆς

115 1012 357 1066 ἱερωσύνης
389 1014 597 1067 μετουσία
635 1011 744 1066 μέγα
776 1014 1009 1066 τεκμήριόν
1043 1012 1132 1053 ἐστι
1163 1011 1320 1066 γένους
1352 1017 1457 1067 λαμ-

75 1084 336 1137 5πρότητος.
398 1084 484 1137 <2>
526 1082 622 1137 ἐμοὶ
662 1081 700 1124 6’
746 1084 798 1125 οὐ
836 1085 976 1137 μόνον
1018 1083 1059 1133 ἐξ
1095 1082 1246 1138 ἱερέων
1288 1081 1378 1132 ἐστὶ
1410 1085 1457 1125 τὸ

110 1151 253 1207 γένος,
285 1153 396 1195 ἀλλὰ
421 1152 494 1195 καὶ
521 1153 567 1195 ἐκ
593 1159 668 1208 τῆς
692 1155 865 1209 πρώτης
891 1153 1153 1208 ἐφημερίδος
1183 1161 1271 1195 τῶν
1300 1155 1458 1195 εἰκοσι-

110 1224 328 1279 τεττάρων
362 1223 520 1279 (πολλὴ
554 1222 602 1266 δὲ
633 1224 715 1266 κάν
746 1225 888 1282 τούτῳ
921 1223 1151 1281 διαφορά),
1186 1223 1258 1265 καὶ
1290 1231 1378 1266 τῶν
1410 1223 1458 1266 ἐν

110 1295 244 1350 ταύτῃ
278 1292 325 1336 δὲ
357 1299 511 1350 φυλῶν
545 1295 590 1337 ἐκ
622 1302 696 1350 τῆς
728 1294 917 1350 ἀρίστης.
979 1296 1159 1350 ὑπάρχω
1197 1293 1244 1336 δὲ
1276 1293 1347 1336 καὶ
1379 1302 1459 1337 τοῦ

112 1367 342 1418 βασιλικοῦ
374 1365 532 1419 γένους
564 1366 646 1407 ἀπὸ
679 1372 754 1420 τῆς
780 1368 957 1420 μητρός·
986 1367 1032 1408 oc
1056 1367 1139 1420 γὰρ
1156 1363 1458 1420 Ἀσαμωναίου

60 1457 93 1482 10
112 1437 278 1490 παῖδες,
312 1433 374 1478 ὧν
407 1438 587 1490 ἔκγονος
619 1436 777 1490 ἐκείνη,
809 1443 886 1479 τοῦ
920 1438 1082 1486 ἔθνους
1112 1437 1236 1491 ἡμῶν
1278 1435 1346 1478 ἐπὶ
1380 1438 1458 1491 μή-

111 1518 262 1549 κιστον
307 1509 470 1562 χρόνον
514 1507 854 1562 ἠρχιεράτευσαν
896 1506 969 1549 καὶ
1011 1507 1311 1562 ἐβασίλευσαν.
1375 1508 1459 1562 <3>

112 1577 196 1633 ἐρῶ
235 1575 283 1619 δὲ
321 1578 400 1631 τὴν
439 1579 664 1632 διαδοχήν.
727 1578 750 1620 6
792 1579 1052 1631 πρόπαππος
1091 1578 1214 1632 ἡμῶν
1247 1581 1402 1632 Σίμων
1435 1579 1458 1621 6

120 1650 289 1698 Ψελλὸς
321 1648 676 1703 ἐπικαλούμενος·
712 1645 840 1698 οὗτος
872 1647 1043 1702 ἐγένετο
1075 1645 1178 1690 καθ’
1215 1648 1267 1690 ὃν
1303 1651 1459 1703 καιρὸν

112 1719 418 1774 ἠρχιεράτευσε
457 1722 663 1773 Σίμωνος
700 1719 933 1773 ἀρχιερέως
971 1720 993 1761 6
1043 1727 1158 1772 παῖς,
1200 1719 1247 1769 ὃς
1289 1727 1460 1775 πρῶτος

59 1806 92 1833 15
113 1789 350 1845 ἀρχιερέων
375 1787 586 1844 (Υρκανὸς
618 1789 872 1844 ὠνομάσθη.
936 1791 1021 1843 <4>
1053 1792 1279 1843 γίγνονται
1319 1788 1367 1831 δὲ
1399 1797 1458 1848 τῷ

120 1863 275 1915 Ψελλῷ
316 1861 489 1914 Σίμωνι
527 1861 680 1909 παῖδες
717 1859 861 1901 ἐννέα·
899 1860 1069 1901 τούτων
1106 1854 1168 1910 εἷς
1207 1859 1297 1902 ἐστὶ
1334 1863 1459 1902 Ματ-

110 1933 215 1980 θίας
247 1927 477 1985 ὁἨφλίου
503 1932 749 1985 λεγόμενος.
812 1927 939 1980 οὗτος
964 1931 1149 1985 ἠγάγετο
1179 1933 1287 1986 πρὸς
1317 1932 1459 1986 γάμον

110 2000 335 2055 θυγατέρα
376 1999 591 2042 Ἰωνάθου
636 2000 888 2056 ἀρχιερέως,
932 2007 1011 2043 τοῦ
1055 2003 1230 2057 πρώτου
1282 2001 1328 2044 ἐκ
1371 2010 1459 2044 τῶν

108 2069 410 2125 Ἀσαμωναίου
460 2072 633 2113 παίδων
683 2071 839 2125 γένους
891 2071 1326 2127 ἀρχιερατεύσαντος,
1381 2081 1459 2116 τοῦ

59 2160 93 2185 20
112 2142 308 2197 ἀδελφοῦ
341 2145 547 2196 Σίμωνος
577 2141 851 2197 τάρχιερέως·
884 2141 956 2184 καὶ
988 2145 1182 2197 γίγνεται
1213 2151 1314 2193 παῖς
1343 2145 1459 2201 αὐτῷ

111 2216 320 2262 Ματθίας
352 2214 374 2255 6
409 2214 580 2267 Κυρτὸς
612 2212 878 2267 ἐπικληθείς,
904 2215 1115 2268 ἄρχοντος
1134 2212 1350 2269 Ὑρκανοῦ
1382 2217 1459 2257 τὸν

111 2291 286 2337 πρῶτον
318 2283 533 2325 ἐνιαυτόν.
578 2283 663 2337 <ῗ>>
690 2284 849 2325 τούτου
875 2286 1068 2338 γίγνεται
1084 2283 1291 2339 Ἰώσηπος
1321 2284 1458 2343 ἐνάτῳ
