1732 2526
195 74 251 115 38
692 75 1055 108 ΑΡΧΑΙΟΛΟΓΙΑΣ

193 182 470 238 ἐγγραφῆναι
503 187 594 232 τοῖς
624 188 712 223 τῶν
740 180 969 224 Ἰουδαίων
1001 184 1125 224 ε”θεσι
1159 181 1232 223 καὶ
1263 183 1358 223 τότε
1392 188 1548 236 γαμεῖν

195 252 359 309 (ἄλλως
391 253 473 308 γὰρ
507 252 587 294 οὐκ
620 250 732 294 εἶναι
766 251 999 309 δυνατόν),
1033 253 1112 308 οὐχ
1144 253 1405 307 ὑπομείνας,
1437 251 1571 293 ἀλλὰ·

194 322 266 366 καὶ
310 326 751 378 καταλευσθήσεσθαι
795 325 906 379 πρὸς
955 331 1041 365 τῶν
1080 322 1280 378 Ἀράβων
1330 323 1466 365 εἰπὼν
1511 323 1551 364 εἰ

191 401 323 437 τοῦτο
362 394 588 450 πράξειεν,
626 393 952 436 ἀπαλλάττεται.
1018 395 1162 448 (226)
1201 394 1426 448 Σαλώμην
1466 390 1549 435 οὖν

193 465 216 506 ὅ
244 481 288 508 τε
317 467 528 521 Φερώρας
559 466 643 520 ἤδη
678 464 906 519 διέβαλλεν
933 466 995 514 εἰς
1021 465 1250 520 ἀκρασίαν,
1282 463 1354 506 καὶ
1380 467 1549 519 μᾶλλον
1586 478 1602 503 5

192 537 241 577 αἱ
264 543 468 590 γυναῖκες
494 535 700 590 λέγουσαι
726 538 965 578 κοινωνίαν
985 535 1092 591 αὐτῇ
1114 534 1323 589 γενέσθαι
1343 536 1451 590 πρὸς
1471 536 1549 577 τὸν

180 605 362 663 ’Ἄραβα
414 607 560 661 <2⁵27>
586 608 666 661 τὴν
694 604 741 647 δὲ
767 608 906 661 κόρην
931 606 987 660 ἣν
1013 605 1216 662 τάδελφῷ
1243 605 1548 660 κατηγγύησεν

194 678 216 720 ὁ
249 679 475 732 βασιλεύς,
516 678 569 732 ἣν
611 677 633 719 ὁ
667 675 746 731 μὲν
781 677 992 732 Φερώρας
1024 677 1105 719 οὐκ
1136 678 1315 732 ἔλαβεν,
1354 677 1412 726 ὡς
1442 691 1549 731 προ-

192 757 336 804 εῖπον,
366 747 607 803 ἡττημένος
639 754 713 802 τῆς
746 749 967 801 γυναικός,
1000 748 1206 801 αἰτούσης
1238 747 1455 802 Σαλώμης
1488 748 1549 797 εἰς

192 821 269 862 τὸν
307 820 408 862 υἱὸν
440 821 518 861 τὸν
552 818 598 860 ἐκ
631 818 920 874 Κοστοβάρου
953 820 1214 873 γενόμενον,
1255 818 1429 873 ὥρμητο
1468 815 1549 872 μὲν
1569 832 1602 857 10

193 890 345 948 ἐκείνῳ
391 892 662 943 συνοικίσαι,
707 889 852 943 (228)
896 891 1203 944 μεταπείθεται
1249 884 1289 930 δ’
1338 888 1423 930 ὑπὸ
1469 894 1548 930 τοῦ

195 961 405 1017 Φερώρα,
442 961 519 1002 τὸν
552 962 786 1002 νεανίσκον
820 958 900 1002 οὐκ
932 960 1095 1001 εὔνουν
1128 961 1308 1001 ἔσεσθαι
1342 957 1548 1013 λέγοντος

193 1033 266 1073 διὰ
298 1033 379 1086 τὴν
418 1031 637 1073 ἀπώλειαν
677 1037 755 1073 τοῦ
787 1033 969 1086 πατρός,
1007 1029 1080 1072 καὶ
1119 1031 1395 1085 δικαιότερον
1434 1027 1548 1072 εἶναι

193 1106 346 1158 λαβεῖν
377 1104 454 1145 τὸν
481 1102 619 1144 αὑτοῦ
644 1102 779 1143 παῖδα
805 1108 882 1156 τῆς
907 1103 1160 1157 τετραρχίας
1187 1102 1292 1143 ὄντα
1323 1101 1548 1156 διάδοχον.

193 1174 307 1216 οὕτω
342 1172 390 1215 δὲ
423 1174 690 1228 συγγνώμην
723 1172 866 1229 ᾐτεῖτο
899 1171 971 1214 καὶ
1003 1171 1238 1227 μετέπεσεν
1271 1169 1410 1222 οὗτος.
1567 1186 1601 1211 15

282 1244 425 1298 ἐκείνη
459 1241 539 1299 μὲν
572 1240 669 1298 οὖν,
701 1243 1113 1298 ἀντιμετατεθείσης
1143 1248 1218 1297 τῆς
1244 1242 1416 1297 ἐγγύης,
1450 1242 1548 1296 ἐγα-

193 1323 314 1371 μεῖτο
347 1321 405 1371 τῷ
441 1316 627 1370 Φερώρα
659 1316 890 1372 μειρακίῳ,
927 1313 1097 1369 φέρνην
1131 1313 1361 1364 ἐπιδόντος
1393 1313 1548 1356 ἑκατὸν

147 1387 172 1428 8
195 1388 384 1429 τάλαντα
415 1392 493 1428 τοῦ
525 1385 753 1440 βασιλέως·
806 1385 948 1439 (229)
982 1385 1064 1427 οὐκ
1096 1384 1242 1427 ἀνεῖτο
1277 1382 1325 1426 δὲ
1357 1385 1408 1426 τὰ
1440 1385 1548 1426 κατὰ

193 1459 274 1512 τὴν
312 1458 456 1499 οἰκίαν
495 1455 562 1498 ἀεὶ
600 1455 672 1498 καὶ
711 1458 883 1511 μείζους
921 1456 997 1505 τὰς
1034 1456 1223 1511 ταραχὰς
1254 1455 1547 1510 λαμβάνοντα.

194 1528 265 1571 καὶ
313 1530 547 1583 συμπίπτει
592 1544 631 1569 τι
675 1534 903 1581 τοιοῦτον,
955 1526 998 1577 ἐξ
1042 1527 1179 1576 αι’τίας
1228 1524 1309 1582 μὲν
1353 1526 1435 1568 οὐκ
1479 1525 1550 1568 εὐ-
1569 1539 1603 1565 20

194 1606 403 1655 πρεποῦς,
435 1605 640 1654 χωρῆσαν
673 1596 721 1639 δὲ
752 1600 901 1653 πρόσω
935 1597 1042 1639 κατὰ
1075 1594 1346 1652 δυσχέρειαν.
1405 1597 1548 1650 (230)

194 1668 308 1724 ἦσαν
351 1669 559 1725 εὐνοῦχοι
609 1676 668 1726 τῷ
719 1672 893 1724 βασιλεῖ
943 1668 1017 1709 διὰ
1059 1667 1218 1717 κάλλος
1262 1666 1315 1709 οὐ
1365 1669 1550 1723 μετρίως

198 1739 564 1795 ἐσπουδασμένοι·
606 1741 774 1782 τούτων
808 1740 829 1781 ὃ
863 1737 944 1794 μὲν
977 1740 1196 1794 οἰνοχοεῖν
1229 1737 1251 1779 ὃ
1285 1735 1334 1780 δὲ
1367 1739 1549 1781 δεῖπνον

195 1810 462 1868 προσφέρειν
488 1811 510 1852 ὃ
540 1808 586 1852 δὲ
611 1812 933 1865 κατακοιμίζειν
959 1810 1035 1851 τὸν
1067 1807 1250 1864 βασιλέα
1274 1811 1549 1862 πεπίστευτο,

196 1881 268 1924 καὶ
306 1882 358 1923 τὰ
396 1880 576 1936 μέγιστα
614 1889 702 1923 τῶν
742 1881 788 1924 ἐν
827 1889 919 1930 ταῖς
956 1879 1118 1935 ἀρχαῖς.
1183 1878 1340 1933 (231)
1377 1881 1454 1920 καί
1486 1895 1550 1929 τις
1570 1892 1602 1918 25

199 1952 458 2007 ἀναγγέλλει
489 1959 547 2010 τῷ
580 1956 756 2008 βασιλεῖ
784 1953 1089 2007 διαφθαρῆναι
1120 1950 1303 1999 τούτους
1333 1947 1407 1991 ὑπ’
1434 1947 1550 1991 Ἀλε-

199 2023 392 2079 ξάνδρου
434 2030 513 2066 τοῦ
554 2024 710 2073 παιδὸς
752 2021 820 2064 ἐπὶ
862 2025 1042 2071 πολλοῖς
1078 2022 1310 2077 χρήμασιν.
1373 2019 1550 2075 ἀνακρί-

198 2109 323 2137 νοντι
355 2092 404 2135 δὲ
434 2093 533 2149 περὶ
566 2092 646 2148 μὲν
672 2100 746 2148 τῆς
772 2091 1065 2147 γεγενημένης
1096 2093 1206 2147 πρὸς
1231 2090 1367 2132 αὐτὸν
1393 2106 1550 2133 κοινω-

198 2167 296 2215 νίας
333 2163 405 2207 καὶ
444 2166 599 2219 μίξεως
637 2165 917 2219 ὡμολόγουν,
957 2163 1067 2205 ἄλλο
1101 2161 1138 2203 δ’
1178 2159 1310 2204 οὐδὲν
1343 2159 1551 2218 δυσχερὲς

199 2237 260 2285 εἰς
297 2237 375 2278 τὸν
411 2234 575 2291 πατέρα
615 2233 877 2277 συνειδέναι.
945 2234 1091 2288 (232)
1127 2233 1462 2288 βασανιζόμενοι
1501 2230 1550 2274 δὲ
1570 2246 1604 2272 3ο

294 2320 313 2359 ξ
339 2320 406 2350 229
434 2316 479 2351 cf.
505 2315 597 2351 Bell.
624 2315 700 2351 [ud.
728 2315 744 2349 Ι
770 2319 825 2359 24,
856 2318 884 2350 7.
