1732 2526
191 105 224 139 X
610 96 893 138 ADNOTATIO
920 101 1120 138 CRITICA.

194 230 235 238 -—
257 214 275 252 3
296 213 364 244 383
393 205 596 252 ἐννοήσεις·
626 205 798 253 ε’ννοήσοι
816 208 856 253 Ρ,
883 205 1025 250 ἐννοεῖς
1049 209 1114 245 Ns.
1136 230 1179 235 —
1201 213 1220 252 3
1242 212 1309 244 383
1336 208 1543 254 ἁμαρτίαν·
1566 249 1571 252 ,

194 270 355 314 ἀμογίαν
382 269 420 313 Ρ,
447 268 603 313 ἀλογίαν
625 268 765 304 Zedler.
793 289 836 293 —
865 272 884 311 3
912 271 978 302 385
1006 266 1247 311 ὑπεξέπιπτε·
1275 264 1542 312 ὑπερεξέπιπτε

196 328 320 371 ΑΜΕ,
348 325 543 371 ἐξέπιπτεν
569 327 627 362 W.
657 349 698 352 —
728 331 746 370 3
774 330 841 362 386
868 326 1144 372 διακειμένους·
1174 333 1296 367 κακῶς
1321 328 1430 362 inser.
1456 326 1543 362 Ern.
1573 339 1578 343 ·

195 409 238 413 -—
261 392 279 430 3
300 390 368 421 386
394 386 479 427 τούς
504 399 541 421 τε
569 386 751 431 ὀνομαστί
765 386 806 429 Ε,
832 390 881 433 τῷ
906 399 944 421 τε
969 386 1124 432 ὀνόματι
1143 386 1181 430 Ρ,
1207 392 1280 422 τῶν
1305 399 1343 421 τε
1367 386 1550 431 ὀνομαστί

194 446 339 482 AMW.
376 468 419 472 —
455 450 474 488 3
508 449 576 479 386
609 444 849 489 δηλωθέντας
873 445 920 489 Ε,
953 444 1200 489 δηλωθέντων
1226 445 1304 480 rell.
1341 466 1384 471 -—
1420 449 1437 488 3
1475 448 1542 480 387

191 505 428 551 προσελθών·
455 505 653 549 προελθών
672 504 792 539 Herw.
815 525 858 529 —
881 507 900 546 3
921 507 988 538 387
1017 504 1232 550 ἀποτεμεῖν·
1261 503 1485 550 ἀποτέμνειν
1504 503 1544 539 Ρ.

196 586 238 590 ——-
275 569 294 607 3
327 568 395 598 389
428 563 701 609 παραιρήσεται
731 563 814 607 Nn,
850 562 1119 608 παραιτήσεται
1150 563 1225 608 vlg.
1263 584 1304 588 —
1341 567 1359 605 3
1393 567 1461 598 390
1495 566 1544 609 τῷ

194 624 304 659 inser.
330 624 451 671 Herw.
474 644 517 648 —-
539 626 558 665 3
579 626 645 656 391
675 620 742 657 οὖν
768 634 840 657 om.
865 622 1048 657 AMWE.
1070 644 1113 648 --
1136 626 1155 664 3
1177 625 1243 656 392
1271 623 1544 667 δυνησόμενον·

196 682 409 728 δυνάμενον
435 682 529 716 PW.
557 703 600 707 —--
628 687 647 723 3
668 685 735 716 392
762 681 947 717 ὑπόνοιαν
973 682 1013 726 Ρ,
1040 680 1242 727 μετάνοιαν
1268 681 1348 716 rell.
1369 702 1412 706 —
1435 685 1454 723 3
1477 684 1545 715 393

198 738 364 781 ἐκείνους
390 742 430 784 Ε,
456 741 527 786 πρὸ
554 739 700 776 ἐκείνου
726 740 805 775 rell.
834 762 878 766 —-
905 745 923 783 3
945 744 1013 774 393
1039 741 1099 776 ἀεὶ
1124 745 1217 781 τοῖς·
1243 744 1320 781 τοῖς
1344 740 1410 775 ἀεί
1424 739 1545 774 Herw.

196 821 240 825 ——
261 804 279 843 3
308 804 375 835 395
402 801 494 845 πρὸς
519 802 640 835 αἴτιον
667 800 777 845 ὀργῆς
796 800 941 844 AMW,
968 800 1060 845 πρὸς
1086 799 1211 834 αἰτίαν
1237 800 1276 843 Ρ,
1302 799 1395 844 πρὸς
1420 798 1545 834 ὁτιοῦν

197 859 308 904 ὀργῆς
328 859 443 902 Coeo,
464 859 556 904 πρὸς
577 859 693 904 ἄκρον
714 860 825 904 ὀργῆς
844 859 930 894 Em.
953 881 995 884 —
1017 863 1036 901 3
1058 863 1125 893 395
1146 859 1371 904 ἀγαγόντας·
1393 855 1547 902 ένοὲγον-
1587 890 1590 894 .

193 932 259 958 τας
284 918 323 953 Ρ.
353 939 393 943 —
422 922 441 960 3
468 922 535 952 395
562 917 837 963 παραλειπτέον
862 918 945 962 NS„
971 917 1235 963 παραληπτέον
1260 917 1335 962 Vlg.
1361 938 1404 942 ——
1432 921 1451 959 3
1478 919 1546 950 397

195 978 389 1022 ἀνίκητον·
422 977 600 1022 ἀκίνητον
626 977 686 1027 W.
713 999 756 1002 —
784 981 803 1019 3
830 981 898 1012 397
930 976 1126 1023 γενέσθαι·
1159 976 1385 1022 γενήσεσθαι
1410 975 1474 1010 Ns.
1502 996 1547 1000 —

194 1040 214 1078 3
242 1040 310 1070 398
336 1038 470 1082 νομίζω
496 1037 627 1081 Terry,
655 1038 763 1082 μείζω
788 1036 862 1081 vlg.
890 1058 934 1062 ——
962 1040 980 1078 3
1008 1040 1075 1071 398
1102 1038 1245 1081 κρίνειν
1270 1035 1399 1079 Terry,
1429 1039 1548 1070 κινεῖν

194 1095 269 1140 vlg.
302 1117 345 1121 —
380 1100 398 1138 3
429 1099 497 1129 398
531 1095 749 1140 διαφθοράς
776 1097 906 1140 Terry‚
940 1095 1126 1140 διαφοράς
1151 1095 1225 1139 vlg.
1260 1116 1302 1120 —-
1335 1098 1353 1137 3
1380 1097 1448 1128 398
1480 1093 1548 1138 τὴν

197 1153 282 1199 μέν·
308 1155 372 1189 τὸν
399 1153 466 1200 μέν
493 1155 558 1189 Ns.
585 1176 629 1180 -
658 1163 674 1196 3
702 1158 769 1189 399
795 1156 898 1199 περί·
924 1154 1023 1193 κατά,
1046 1154 1104 1190 W.
1137 1175 1180 1179 —
1214 1158 1232 1196 3
1259 1157 1328 1188 400
1353 1159 1418 1188 τοῦ
1445 1154 1546 1198 περί·

196 1211 238 1248 ἐκ
263 1220 328 1249 τοῦ
359 1215 450 1259 περί
471 1214 535 1248 Ns.
563 1235 606 1239 —-
635 1218 654 1256 3
680 1217 747 1248 401
782 1213 860 1255 οὔτ’
891 1211 945 1256 ἐξ·
983 1212 1064 1249 οὐδ’
1095 1210 1132 1256 ἐξ
1158 1213 1224 1249 Ns.
1256 1234 1300 1238 —
1332 1216 1351 1255 3
1383 1215 1452 1246 402
1485 1211 1548 1246 καὶ

194 1277 275 1317 τῆς·
303 1272 338 1307 εἰ
361 1278 424 1317 τῆς
449 1273 513 1309 Ns.
536 1294 579 1298 —
600 1277 619 1315 3
645 1277 715 1308 404
741 1273 956 1318 φιλτάτους·
985 1272 1082 1318 ἔχειν
1102 1272 1211 1307 inser.
1234 1271 1350 1306 Huds.
1374 1293 1415 1296 —
1438 1275 1457 1314 3
1478 1274 1547 1305 404

195 1336 244 1378 τῷ
271 1353 314 1356 —
342 1331 571 1379 φεισαμένῳ·
598 1332 638 1367 τὸ
667 1353 709 1358 —-
737 1332 965 1378 φεισάμενον
990 1332 1056 1368 NS.
1120 1355 1123 1357 -
1382 1379 1385 1381 Ι

291 1392 400 1426 Libri
426 1392 554 1427 XVII
575 1395 594 1434 3
621 1395 641 1426 2
670 1390 897 1436 οἰκωφελοῦς
921 1391 997 1436 Nr.,
1025 1390 1164 1426 οἰκείου
1191 1391 1383 1435 ἀσφαλοῦς
1407 1389 1482 1434 vlg.
1504 1410 1548 1414 —

198 1454 217 1492 3
233 1454 253 1483 3
275 1451 444 1497 βασιλεὺς
463 1450 531 1485 ἰόν·
554 1451 780 1497 βασιλεύσων
800 1450 864 1486 Nr.
881 1471 925 1476 -—-
941 1454 960 1493 3
981 1454 1008 1484 3·
1021 1448 1308 1495 περιεσπένδον·
1329 1448 1550 1494 περιέσπευ-

196 1510 265 1544 δον
293 1509 369 1552 alii,
395 1508 597 1555 περιέσπον
623 1510 687 1546 Ns.
717 1531 759 1535 —
787 1514 806 1552 3
827 1514 849 1544 4
874 1514 1093 1555 καταφυγῆς
1119 1509 1200 1554 (οὔχ
1228 1507 1375 1554 ἕξοντα)
1401 1507 1437 1543 οἳ
1463 1509 1551 1555 βοη-

195 1571 306 1603 θοῖεν
334 1580 416 1602 eum
442 1570 522 1604 Lat.
549 1569 628 1605 Hw.
655 1569 695 1603 in
720 1569 860 1605 Relatt.
881 1568 998 1604 Acad.
1022 1569 1114 1613 Reg.
1144 1572 1233 1603 1871
1255 1568 1288 1602 ΙΙ
1314 1579 1348 1612 p.
1377 1570 1457 1611 108,
1484 1566 1551 1601 ubi

195 1629 474 1672 pertractantur
501 1632 520 1670 3
547 1631 699 1664 32-45,
726 1649 770 1653 —
797 1632 816 1670 3
843 1631 862 1662 5
890 1625 931 1662 ἐκ
956 1633 1089 1673 χειρῶν
1117 1626 1240 1671 Coeo„
1273 1623 1447 1672 ἐγχειρῶν
1473 1625 1547 1670 vlg.

199 1708 238 1713 —
268 1691 294 1729 3-
315 1690 334 1721 5
369 1686 421 1722 ἔτι
447 1690 528 1731 ζῆν·
563 1684 691 1732 ε’πιζῆν
717 1687 776 1724 W.
810 1708 854 1712 —
888 1691 907 1730 3
941 1691 961 1721 6
987 1691 1064 1727 τοῖς
1089 1685 1174 1731 περί
1200 1685 1322 1729 Coeo,
1355 1686 1440 1725 τοὺς
1465 1686 1556 1730 περί

197 1746 304 1780 codd.
334 1768 375 1771 —
405 1750 423 1788 3
453 1750 496 1780 10
518 1746 689 1786 Ἰουλίας·
716 1746 801 1781 add.
828 1747 857 1780 E
883 1751 948 1791 τῆς
972 1744 1161 1791 Καίσαρος
1186 1744 1373 1790 γυναικός.
1395 1766 1438 1770 -
1460 1748 1480 1786 3
1507 1747 1550 1778 10

196 1804 459 1851 ἀποδεξαμένη
492 1805 596 1850 Ern.‚
627 1805 888 1852 ὑποδεξαμένῃ
919 1805 995 1850 vlg.
1029 1827 1072 1831 -—
1105 1809 1124 1847 3
1159 1809 1202 1840 13
1236 1807 1426 1852 συμφορᾷ·
1462 1814 1551 1848 συμ-

196 1867 385 1912 περιφορᾷ
412 1863 477 1899 Ns.
505 1885 549 1890 —
576 1868 594 1906 3
623 1868 665 1898 17
698 1865 929 1913 κακοτροπίᾳ
956 1869 1016 1910 τῇ·
1049 1865 1300 1908 κακοτροπίας
1330 1867 1394 1907 τῆς
1418 1861 1478 1897 W.
1507 1882 1548 1887 --

197 1926 216 1964 3
239 1926 281 1956 19
308 1924 474 1967 γίγνεται
493 1923 534 1967 Ε,
562 1928 720 1958 κινεῖται
740 1923 814 1968 vlg.
836 1945 879 1948 —
901 1928 920 1966 3
942 1927 985 1957 19
1007 1925 1171 1963 εἴκοντος
1190 1923 1270 1965 Nn,
1298 1921 1454 1961 ἄκοντος
1475 1920 1549 1965 vlg.

200 2002 240 2006 -—
269 1985 287 2023 3
314 1985 359 2015 20
387 1980 514 2028 ἰδιώτῃ
542 1982 598 2017 ed.
625 1994 691 2027 pr„
720 1981 801 2030 ἰδίῳ
828 1982 947 2026 codd,
969 1981 1140 2029 Ἰουδαίῳ
1166 1982 1230 2017 Ns.
1252 2002 1295 2006 —
1320 1985 1339 2023 3
1366 1983 1411 2015 23
1438 1976 1551 2026 ἔμβα-

197 2040 269 2074 λών
297 2051 371 2075 aec.
400 2051 443 2075 ex
469 2041 558 2076 AM.
595 2061 639 2067 ——
675 2046 694 2083 3
728 2045 771 2076 25
798 2043 998 2090 τοπαρχίᾳ·
1034 2047 1077 2088 τῇ
1111 2038 1270 2088 ἐπαρχίᾳ
1296 2040 1336 2074 E:
1371 2059 1416 2065 —
1452 2043 1472 2081 3
1504 2041 1548 2072 25

183 2098 379 2134 ’κτᾶσθαί
416 2099 657 2135 καταθέσθαι
682 2101 731 2136 M.
766 2122 809 2126 ——
842 2105 861 2143 3
888 2105 932 2135 25
959 2100 1115 2136 ἁπασῶν
1142 2100 1184 2135 αἱ
1208 2099 1383 2135 εἰωθυῖαι
1408 2109 1480 2133 om.
1508 2097 1550 2133 E.

197 2161 217 2200 3
244 2161 288 2191 27
315 2156 333 2192 ὃ
359 2157 510 2204 παρέμ·
538 2159 570 2193 δὲ>
588 2172 674 2204 παρ.
702 2161 823 2195 Herw.
851 2181 894 2185 ——
922 2165 940 2203 3
968 2163 1012 2194 27
1039 2158 1135 2200 υἱός·
1171 2159 1342 2204 δεύτερος
1366 2156 1549 2199 AMWE,

198 2216 370 2261 δεύτερος
396 2216 497 2263 (ἀπ’)
525 2215 671 2260 ἐκείνου
697 2219 817 2254 Herw.
853 2240 896 2244 —
929 2224 947 2261 3
980 2223 1024 2253 29
1057 2219 1185 2260 τούςδε
1212 2229 1282 2253 om.
1309 2216 1350 2252 E.
1384 2237 1428 2242 --
1460 2220 1478 2258 3
1504 2219 1548 2250 32

198 2272 389 2319 ἐθελήσειε
415 2277 510 2321 ΑΜ,
545 2277 747 2322 ὠφελήσειε
772 2278 812 2313 Ρ.
846 2300 889 2304 -
923 2282 942 2320 3
977 2282 1019 2313 32
1052 2279 1130 2324 (ὡς)
1164 2277 1228 2312 καὶ
1259 2274 1464 2321 περαιτέρω
1493 2273 1552 2309 W.

199 2355 242 2360 ——-
271 2339 290 2377 3
318 2339 362 2369 34
388 2342 503 2381 μισῶν
529 2336 594 2377 τὰς
619 2337 862 2383 ἀνθρώπους·
899 2344 1094 2384 μισοῦντος
1115 2337 1284 2382 εΗρώδου
1309 2334 1375 2375 τὰς
1400 2332 1552 2378 ἀνθρώ-
