1732 2526
130 1810 150 1841 3

172 69 198 110 2
204 69 258 108 70
662 69 1024 102 ΑΡΧΑΙΟΛΟΓΙΑΣ

172 177 441 231 δημαρχικῆς
473 175 672 226 ἐξουσίας
703 177 751 218 τὸ
783 174 994 230 πέμπτον,
1020 175 1184 225 ὕπατος
1211 174 1518 230 ἀποδεδειγμέ-
1548 181 1553 185 ’

172 262 248 295 νος
279 247 327 288 τὸ
360 245 581 300 τέταρτον,
621 247 900 302 αὐτοκράτωρ
939 247 986 288 τὸ
1027 245 1224 300 δέκατον,
1261 247 1402 302 πατὴρ
1439 260 1519 288 πα-

173 318 335 372 τρίδος,
361 315 722 372 Ἱεροσολυμιτῶν
748 319 932 373 ἄρχουσι
959 319 1097 372 βουλῇ
1125 318 1265 374 δήμῳ,
1289 314 1519 359 Ἰουδαίων

173 386 303 429 παντὶ
335 390 457 430 ἔθνει
483 391 664 444 χαίρειν.
727 390 841 442 <12>
862 387 1076 443 Ἀγρίππα
1102 394 1180 430 τοῦ
1207 387 1328 442 ἐμοῦ,
1356 387 1408 429 ὃν
1435 387 1520 441 ἐγὼ

173 460 342 512 ἔθρεψα
373 457 445 500 καὶ
471 461 554 514 ἔχω
583 462 664 502 σὺν
693 459 862 516 ἐμαυτῷ
890 457 1202 513 εὐσεβέστατον
1235 459 1355 511 ὄντα,
1386 469 1520 513 προσ-

173 531 414 583 αγαγόντος
454 546 527 584 μοι
570 532 671 580 τοὺς
706 528 944 584 ὑμετέρους
968 528 1185 585 πρέσβεις,
1211 529 1520 584 εὐχαριστοῦν-

172 614 247 648 τας
281 596 349 651 ἐφ’
385 595 413 654 ᾗ
444 603 677 654 πεποίημαι
713 606 792 642 τοῦ
826 602 987 649 ἔθνους
1017 600 1142 654 ὑμῶν
1168 600 1423 655 κηδεμονία,
1449 597 1521 640 καὶ

174 668 475 724 αἰτησαμένων
502 671 752 720 σπουδαίως
771 669 842 712 καὶ
863 673 1101 725 φιλοτίμως
1121 670 1200 724 τὴν
1217 670 1339 723 ἱερὰν
1358 669 1521 723 ἐσθῆτα

173 739 244 782 καὶ
276 741 354 782 τὸν
386 740 606 794 στέφανον
640 741 724 783 ὑπὸ
756 742 835 795 τὴν
868 741 1072 791 ἐξουσίαν
1098 741 1223 795 ὑμῶν
1256 737 1383 793 εἶναι,
1416 751 1521 794 συγ-

173 818 314 865 χωρῶ,
340 811 489 859 καθὼς
515 811 538 853 ὁ
565 811 793 865 κράτιστος
818 814 894 853 καί
916 827 989 866 μοι
1021 811 1277 865 τιμιώτατος
1299 808 1521 860 ’διτέλλιος

174 880 361 934 ἐποιήσε.
423 882 548 935 <13>
594 881 927 936 συγκατεθέμην
973 878 1020 922 δὲ
1077 887 1127 935 τῇ
1183 881 1335 936 γνώμῃ
1388 881 1521 936 ταύτῃ

175 959 350 1005 πρῶτον
383 952 456 993 διὰ
488 953 536 994 τὸ
565 951 756 1006 ἐμαυτοῦ
783 949 958 1007 εὐσεβὲς
984 950 1055 993 καὶ
1081 953 1129 994 τὸ
1156 952 1399 1006 βούλεσθαι
1427 949 1523 993 ἑκά-

176 1034 306 1071 στους
343 1023 451 1063 κατὰ
489 1023 540 1064 τὰ
579 1023 738 1076 πάτρια
775 1023 1063 1077 θρησκεύειν,
1102 1024 1249 1064 ἔπειτα
1293 1022 1420 1071 εἰδὼς
1457 1021 1521 1063 ὅτι
1578 1042 1582 1043 ’

174 1092 245 1134 καὶ
278 1093 393 1149 αὐτῷ
437 1095 609 1146 βασιλεῖ
640 1091 819 1148 ἹΙρώδῃ
856 1091 928 1134 καὶ
961 1090 1284 1148 Ἀριστοβούλῳ
1327 1098 1385 1149 τῷ
1418 1107 1523 1134 νεω-

174 1162 300 1220 τέρῳ,
339 1159 400 1204 ὧν
438 1163 517 1216 τὴν
555 1164 663 1216 πρὸς
702 1163 892 1217 ἐμαυτὸν
934 1162 1161 1217 εὐσέβειαν
1193 1161 1266 1204 καὶ
1307 1163 1387 1216 τὴν
1423 1161 1522 1215 περὶ

174 1234 286 1288 ὑμᾶς
319 1233 519 1286 γινώσκω
554 1234 768 1287 σπουδήν,
799 1234 914 1275 πάνυ
954 1240 1190 1288 χαριοῦμαι
1229 1239 1362 1274 ταῦτα
1399 1234 1522 1286 ποιή-

176 1316 268 1357 σας,
300 1305 408 1357 πρὸς
441 1303 518 1352 οὓς
560 1305 649 1345 ἔστι
688 1320 762 1357 μοι
800 1307 978 1352 πλεῖστα
1018 1305 1166 1345 δίκαια
1199 1306 1348 1357 φιλίας
1379 1305 1523 1358 κρατί-

176 1386 304 1423 στους
343 1376 471 1423 ὄντας
508 1373 639 1428 κάμοὶ
678 1377 859 1428 τιμιόυς.
929 1377 1097 1428 ἔγραψα
1138 1372 1186 1416 δὲ
1217 1373 1317 1428 περὶ
1355 1375 1522 1416 τούτων

175 1445 246 1487 καὶ
292 1447 503 1500 Κουσπίῳ
552 1446 687 1502 Φάδῳ
730 1446 858 1503 τώμῷ
911 1445 1139 1503 ἐπιτρόπῳ.
1216 1445 1341 1498 <14>
1387 1446 1433 1486 οἶ
1472 1445 1524 1486 τὰ

177 1516 407 1570 γράμματα
457 1518 705 1569 κομίζοντες
753 1518 1002 1570 Κορνήλιος
1052 1515 1282 1571 Κέρωνος,
1332 1517 1523 1571 Τρύφων

179 1588 444 1640 Θευδίωνος,
465 1589 709 1640 Δωρόθεος
727 1589 1049 1641 Ναθαναήλου,
1070 1585 1274 1640 Ἰωάννης
1301 1583 1524 1628 Ἰωάννου.

178 1657 346 1711 ἐγράφη
379 1658 462 1710 πρὸ
496 1657 720 1710 τεσσάρων
753 1658 985 1699 καλανδῶν
1019 1653 1208 1699 Ἰουλίου
1239 1655 1307 1699 ἐπὶ
1345 1657 1524 1699 ὑπάτων

171 1726 360 1782 Ῥούφου
394 1726 465 1768 καὶ
498 1731 733 1782 Πομπηίου
766 1727 1020 1770 Esto-avo&

266 1799 381 1851 <15>
409 1796 597 1853 ᾐτήσατο
620 1795 667 1839 δὲ
693 1796 764 1840 καὶ
785 1796 986 1853 “Ηρώδης
1006 1797 1195 1853 ἁδελφὸς
1218 1796 1298 1853 μὲν
1314 1796 1524 1853 Ἀγρίππα

177 1874 255 1910 τοῦ
286 1871 656 1922 τετελευτηκότος,
688 1870 906 1918 Χαλκίδος
939 1867 987 1910 δὲ
1018 1869 1098 1922 τὴν
1139 1867 1279 1923 ἀρχὴν
1309 1869 1416 1910 κατὰ
1446 1870 1523 1911 τὸν

177 1941 341 1994 χρόνον
375 1938 544 1980 ἐκεῖνον
576 1938 928 1993 πεπιστευμένος,
960 1939 1189 1981 Κλαύδιον
1216 1941 1417 1994 Καίσαρα
1443 1940 1523 1994 τὴν

181 2009 384 2059 ἐξουσίαν
422 2015 501 2051 τοῦ
540 2010 624 2051 νεὼ
663 2009 735 2051 καὶ
774 2017 861 2052 τῶν
900 2011 1029 2065 ἱερῶν
1072 2010 1304 2065 χρημάτων
1340 2008 1413 2051 καὶ
1443 2011 1523 2064 τὴν

179 2088 267 2122 τῶν
300 2079 538 2134 ἀρχιερέων
570 2084 859 2134 χειροτονίαν,
885 2081 1062 2122 πάντων
1088 2079 1124 2122 τ’
1157 2079 1376 2135 ἐπέτυχεν·
1409 2080 1523 2134 <16>

183 2150 224 2200 ἐξ
259 2149 429 2210 ἐκείνου
462 2165 505 2191 τε
543 2156 647 2192 πᾶσι
687 2159 777 2200 τοῖς
819 2150 1055 2204 ἀπογόνοις
1095 2151 1231 2193 αὐτοῦ
1262 2149 1523 2205 παρέμεινεν

1543 823 1574 849 10

1544 1175 1575 1201 15

1544 1528 1576 1554 ‘20

1543 1881 1576 1906 25

180 2221 205 2274 ἡ
250 2220 424 2271 ἐξουσία
462 2220 587 2275 μέχρι
625 2227 700 2275 τῆς
737 2229 816 2264 τοῦ
853 2221 1047 2276 πολέμου
1084 2225 1292 2275 τελευτῆς.
1355 2220 1427 2263 καὶ
1468 2222 1522 2276 δὴ
1542 2233 1576 2259 30

182 2293 204 2335 ὁ
230 2290 433 2347 (Ηρώδης
464 2295 698 2346 μεθίστησι
730 2299 804 2346 τῆς
836 2292 1161 2348 ἀρχιερωσύνης
1191 2294 1268 2335 τὸν
1295 2291 1523 2334 ἐπικαλού-
