1732 2526
232 91 288 132 94
722 93 1086 126 ΑΡΧΑΙΟΑΟΓΙΑΣ

229 201 364 254 πατρί
410 209 491 241 σου
542 200 640 241 οἵαν
690 200 848 254 ἤθελες
892 199 1145 253 ἐπιστολήν,
1189 197 1259 240 καὶ
1305 198 1579 254 ἀντίγραφον

228 271 447 324 ποιήσασα
479 275 554 324 τῆς
585 271 695 325 πρὸς
724 271 805 324 τὴν
839 270 948 325 ἐμὴν
980 273 1140 324 κυρίαν
1181 270 1239 319 ὡς
1270 270 1387 324 παρὰ
1425 270 1583 312 Σαλώέ

229 355 312 393 μης
345 342 530 396 ἔγραψα·
562 340 618 395 ἣν
651 340 873 395 ἀναγνοὺς
905 338 990 383 οἷδ’
1022 342 1088 383 ὅτι
1115 342 1406 395 τιμωρήσεται
1426 341 1579 382 Σαλώ-

229 426 316 464 μην
349 411 405 461 ὡς
439 411 705 467 ἐπίβουλον.’
766 412 912 467 <138>
945 410 1001 467 ἧν
1034 411 1073 454 δ’
1110 412 1136 466 ἡ
1169 412 1285 466 παρὰ
1317 417 1392 465 τῆς
1424 412 1579 453 Σαλώ-

228 497 311 536 μης
355 483 548 525 δοκοῦσα
592 480 706 525 εἶναι
749 485 857 538 πρὸς
897 485 977 538 τὴν
1021 484 1260 525 δέσποιναν
1305 482 1458 536 αὐτῆς,
1501 477 1575 522 ὑπ’

224 547 510 608 Ἀντιπάτρου
553 552 618 596 ἐπ’
666 554 849 609 ὀνόματι
892 560 952 611 τῷ
998 555 1233 609 Σαλώμης,
1279 553 1360 594 ὅσα
1404 559 1514 606 γοῦν
1551 552 1577 606 ἡ

229 623 405 666 διάνοια
426 624 570 677 θέλοι,
596 624 949 681 ὑπηγορευμένη,
977 624 1087 676 λέξει
1115 622 1162 667 δὲ
1183 623 1407 666 συνέκειτο
1434 623 1577 677 αὐτῆς.

228 694 374 749 <139>
406 696 457 736 τὰ
491 693 539 736 δὲ
580 694 861 751 γεγραμμένα
897 692 953 749 ἦν
991 695 1152 737 τοιάδε.
1216 690 1366 749 εἈκμὴ
1407 696 1582 748 βασιλει

221 762 413 820 “Ηρώδῃ.
476 765 559 819 ἐγὼ
605 767 736 821 ἔργον
779 764 1022 821 ποιουμένη
1067 764 1204 820 μηδέν
1243 776 1290 806 σε
1335 765 1578 807 λανθάνειν

226 842 314 876 τῶν
340 852 447 877 κατα
468 842 549 878 σοῦ
570 836 860 891 γιγνομένων,
887 837 1077 891 εὑροῦσα
1104 836 1338 890 ἐπιστολὴν
1359 836 1579 890 Σαλώμης

225 907 334 960 πρὸς
364 907 445 960 τὴν
478 906 585 962 ἐμὴν
617 909 776 963 κυρίαν
807 908 915 949 κατὰ
955 914 1037 950 σοῦ
1069 905 1376 963 γεγραμμένην
1413 906 1577 948 ἐπικιν-

226 977 370 1026 δύνως
402 975 482 1031 μὲν
515 977 678 1033 ἐμαυτῇ
699 977 783 1020 ’σοὶ
816 977 854 1019 δ’
894 979 1123 1033 ὠφελίμως
1161 977 1468 1033 ἐξεγραψάμην
1505 976 1577 1019 καὶ

225 1046 456 1090 ἀπέστειλά
502 1060 584 1091 σοι.
646 1050 809 1104 ταύτην
857 1047 896 1090 δ’
948 1049 1091 1103 ἐκείνη
1138 1050 1300 1104 ἔγραψε
1350 1050 1576 1103 γήμασθαι

1615 494 1632 519 5

1598 849 1631 874 10

225 1121 434 1176 Συλλαίῳ
479 1118 688 1161 θέλουσα.
761 1120 1026 1175 κατάσχισον
1071 1116 1152 1162 οὖν
1200 1120 1279 1173 τὴν
1325 1118 1576 1173 ἐπιστολήν,
1617 1134 1621 1135 ’

225 1190 298 1231 ἵνα
342 1191 399 1244 μὴ
443 1189 563 1244 κάγὼ
607 1191 656 1232 τὸ
703 1192 778 1245 ζῆν
817 1190 1122 1232 κινδυνεύσω.’
1186 1190 1332 1244 <14Ο>
1377 1190 1486 1244 πρὸς
1531 1188 1570 1231 δ’

225 1260 359 1302 αὐτὸν
405 1259 643 1316 ἐγέγραπτο
688 1263 765 1303 τὸν
809 1261 1118 1314 Ἀντίπατρον,
1163 1261 1466 1315 διασαφούσης
1510 1260 1576 1302 ὅτι

225 1330 548 1386 διακονουμένη
586 1332 816 1386 κελεύματι
851 1338 910 1388 τῷ
951 1330 1122 1373 ἐκείνου
1164 1331 1274 1384 αὐτή
1318 1346 1361 1372 τε
1395 1331 1575 1386 γράψειε

223 1402 332 1457 πρὸς
357 1400 565 1457 (Ηρώδην
598 1402 656 1452 ὡς
687 1391 908 1456 Σαλώμης
941 1401 1183 1456 ἐπιβούλως
1218 1402 1335 1457 αὐτῷ
1368 1402 1576 1457 πράττειν

226 1471 508 1527 ἐπειγομένης
546 1473 598 1514 τὰ
635 1473 798 1527 πάντα,
837 1471 909 1514 καὶ
947 1472 1222 1528 ἀντίγραφον
1259 1479 1335 1526 τῆς
1373 1473 1430 1522 ὡς
1467 1473 1576 1528 πρὸς

225 1542 464 1586 δέσποιναν
496 1545 576 1598 τὴν
608 1543 740 1598 αὐτῆς
770 1545 1048 1598 πεμφθείσης
1081 1543 1308 1597 ἐπιστολῆς
1340 1543 1456 1597 παρὰ
1486 1546 1574 1585 Σα-

224 1616 371 1669 λώμης
421 1613 720 1669 ἀποπέμψειεν
770 1614 898 1671 αὐτῷ.
969 1615 1126 1668 <141>
1177 1611 1233 1668 ἧν
1278 1610 1320 1655 ὸ
1374 1613 1399 1667 ἡ
1441 1612 1573 1668 Ἀκμὴ

219 1683 412 1727 Ἰουδαία
451 1700 531 1739 μεν
568 1687 617 1727 τὸ
657 1684 798 1739 γένος,
839 1685 1046 1726 ἐδούλευε
1078 1682 1127 1726 δὲ
1166 1680 1327 1726 ”Ιουλια
1371 1689 1421 1739 τῇ
1467 1686 1574 1726 Καί-

224 1767 356 1810 σαρος
399 1757 598 1810 γυναικί,
647 1754 719 1797 καὶ
765 1770 945 1811 επραττε
994 1762 1130 1797 ταῦτα
1169 1757 1296 1811 φιλία
1345 1760 1395 1809 τῇ
1437 1750 1573 1796 Ἀντι-

221 1826 409 1880 πάτρου,
462 1826 687 1881 ὠνηθεῖσα
730 1825 802 1867 ὑπ’
848 1826 984 1868 αὐτοῦ
1029 1827 1195 1881 μεγάλῃ
1237 1827 1357 1867 δόσει
1408 1825 1573 1881 χρημά-

222 1912 310 1938 των
349 1905 698 1952 συγκακουργεῖν
728 1897 835 1939 κατά
868 1913 911 1938 τε
944 1904 1022 1939 τοῦ
1053 1899 1216 1948 πατρὸς
1257 1895 1328 1938 καὶ
1360 1897 1466 1938 κατὰ
1499 1902 1572 1951 τῆς
1609 1918 1625 1934 ο

222 1968 416 2017 τνθίδος.

261 1984 271 2022 Ζ
311 2038 455 2092 <142>
482 2037 684 2093 “Ηρώδης
717 2037 756 2080 δ’
794 2037 1021 2092 ἐκπλαγεὶς
1053 2038 1229 2093 μεγέθει
1272 2045 1346 2092 τῆς
1373 2036 1571 2079 Ἀντιπά-

221 2124 329 2163 τρου
356 2111 522 2163 κακίας,
549 2109 723 2164 ὥρμησε
750 2107 830 2163 μὲν
849 2108 921 2151 καὶ
947 2116 1209 2165 παραχρῆμα
1236 2109 1370 2150 αὐτὸν
1397 2108 1570 2150 ἀνελεῖν

221 2180 279 2229 ὡς
315 2180 546 2234 κύκηθρον
584 2180 786 2234 μεγάλων
831 2182 1044 2234 γεγονότα
1082 2180 1363 2235 πραγμάτων,
1402 2178 1474 2221 καὶ
1512 2179 1569 2234 μὴ

1597 1202 1630 1227 15

1595 1556 1628 1581 20

220 2253 360 2305 μόνον
393 2250 509 2307 αὐτῷ
542 2249 651 2292 ἀλλὰ
683 2249 754 2292 καὶ
787 2257 837 2305 τῇ
870 2250 1040 2306 ἀδελφῇ
1074 2250 1466 2305 ἐπιβεβουλευκότα
1497 2249 1569 2292 καὶ
1589 2262 1622 2287 30

316 2335 334 2373 ξ
363 2334 429 2364 142
457 2331 503 2365 cf.
531 2331 622 2366 Bell.
649 2331 728 2366 Iud.
755 2332 771 2365 Ι
797 2335 852 2375 3⁶2,
881 2335 909 2366 7.

1699 635 1713 687 ’ῖς

1704 1883 1706 1885 ·
1699 1596 1719 1872 ..ωε-νεώ.-
1697 874 1717 1588 »Μῃ-ιωώιῲ-
1695 726 1713 868 kanna-v.
1704 690 1713 713 -,-
1702 625 1712 646 .-

1708 2175 1716 2192 κ
1704 2156 1708 2162 »
1701 1960 1720 2118 ὀπερ-»μ
