1732 2526
242 80 325 122 100
730 81 1094 115 ΑΡΧΑΙοΛοΓΙΑΣ

237 189 376 239 πόδας
395 186 468 230 καὶ
489 186 678 242 διαυγές.
721 190 1002 244 παραπλησία
1028 186 1076 230 δὲ
1102 187 1173 230 καὶ
1199 188 1225 243 ἡ
1251 187 1351 245 περὶ
1376 191 1424 232 τὸ
1450 187 1587 246 ἦτρον

238 260 427 309 κάκωσις
459 255 530 314 ἦν,
561 257 635 300 καὶ
665 259 753 313 μὴν
783 265 862 301 τοῦ
888 259 1062 302 αἰδοίου
1095 265 1226 314 σῆψις
1257 261 1484 315 σκώληκας
1515 260 1587 316 ἐμὲ

240 336 445 385 ποιοῦσα,
475 330 722 384 πνεύματός
753 328 787 371 τ’
833 329 967 385 ὀρθία
1008 331 1194 384 ἔντασις,
1231 329 1303 372 καὶ
1341 331 1449 386 αὕτη
1489 334 1589 374 λίαν

242 401 379 456 ἀηδὴς
410 400 629 456 ἀχθηδόνι
666 416 712 442 τε
750 407 825 455 τῆς
862 400 1090 456 ἀποφορᾶς
1127 399 1200 443 καὶ
1230 407 1289 458 τῷ
1321 407 1473 460 πυκνῷ
1511 409 1590 445 τοῦ

241 474 486 526 ἄσθματος,
521 473 718 525 σπασμός
748 487 792 513 τε
825 469 924 527 περὶ
956 477 1044 514 πᾶν
1075 469 1131 526 ἢν
1164 471 1315 527 μέλος,
1350 474 1478 528 ἰσχὺν
1510 473 1589 528 οὐχ

240 543 523 598 ὑπομενητὴν
560 540 920 597 προστιθέμενος.
988 542 1134 597 (170)
1173 541 1343 597 ἐλέγετο
1382 539 1464 586 οὗν
1504 543 1590 586 ὑπὸ

240 621 329 656 τῶν
357 614 641 666 θειαζόντων,
674 610 746 654 καὶ
777 606 842 661 οἷς
869 617 1004 654 ταῦτα
1032 612 1487 668 προαποφθέγγεσθαι
1519 625 1591 656 σο-

240 687 322 741 φία
352 684 601 739 προύκειτο,
634 684 795 737 ποινὴν
827 689 906 725 τοῦ
938 686 1106 726 πολλοῦ
1147 685 1392 739 δυσσεβοῦς
1429 685 1592 739 ταύτην

242 756 265 798 ὁ
306 756 413 804 θεὸς
451 753 790 809 εἰσπράττεσθαι
830 755 947 810 παρὰ
988 761 1068 796 τοῦ
1105 753 1330 809 βασιλέως.
1392 755 1536 810 (171)
1568 755 1591 797 ὃ

243 824 307 880 δέ,
344 826 499 880 καίπερ
540 826 594 879 δὴ
635 826 843 879 μειζόνως
880 823 905 878 ἢ
945 824 1143 880 ἀντίσχοι
1181 826 1236 867 ἄν
1274 842 1339 876 τις
1376 829 1592 868 ταλαιπω-

243 896 471 951 ρούμενος,
511 894 559 937 ἐν
598 895 742 937 ἐλπίδι
783 902 862 938 τοῦ
907 895 1270 951 ἀνασφαλοῦντος
1305 893 1375 950 ἧν,
1419 898 1594 952 ἰατρούς

241 982 287 1009 τε
319 965 623 1022 μεταπέμπων,
657 965 729 1008 καὶ
765 967 903 1008 ὁπόσα
937 965 1086 1022 ἀρωγὰ
1111 967 1462 1023 ὑπαγορεύσειαν
1491 974 1594 1024 χρῆ-

245 1042 351 1079 σθαι
384 1038 442 1092 μὴ
476 1035 866 1092 ἀποτετραμμένος.
910 1039 1108 1092 ποταμόν
1139 1053 1184 1079 τε
1210 1038 1403 1094 περάσας
1429 1036 1594 1093 Ἰορδά-

243 1124 328 1162 νην
358 1112 544 1163 θερμοῖς
575 1115 665 1157 τοῖς
697 1109 804 1149 κατὰ
837 1110 1119 1163 Καλλιρρόην
1160 1109 1298 1151 αὑτὸν
1335 1110 1594 1164 παρεδίδου,

245 1180 354 1235 ἅπερ
388 1181 472 1220 σὺν
503 1185 554 1234 τῇ
588 1178 631 1228 ἐς
656 1176 782 1220 πάντ’
820 1178 951 1234 ἀρετῇ
983 1177 1055 1220 καὶ
1086 1181 1247 1234 πότιμα
1286 1179 1423 1222 ἐστίν·
1462 1179 1594 1230 ἔξεισι

245 1247 294 1291 δὲ
326 1250 374 1291 τὸ
406 1249 527 1304 ὕδωρ
561 1256 689 1291 τοῦτο
717 1250 778 1298 εἰς
803 1251 964 1304 λίμνην
989 1250 1071 1304 τὴν
1098 1249 1439 1305 ἀσφαλτοφόρον
1471 1253 1594 1304 λεγο-

245 1320 396 1375 μένην.
458 1321 600 1375 <172>
632 1319 862 1362 κάνταῦθα
887 1327 978 1370 τοῖς
1004 1321 1170 1375 ἰατροῖς
1205 1321 1450 1375 εὐδοκῆσαν
1484 1317 1590 1362 ὥστ’

247 1391 523 1433 ἀναθάλπειν
550 1391 700 1445 αὐτόν,
727 1389 967 1440 καθεσθεὶς
993 1392 1056 1440 εἰς
1081 1391 1246 1434 πύελον
1273 1390 1422 1434 ἐλαίου
1448 1389 1593 1433 πλέων

248 1461 380 1512 δόξαν
406 1462 708 1517 μεταστάσεως
734 1460 988 1516 ἐνεποίησεν
1015 1462 1174 1512 αὐτοῖς.
1219 1470 1306 1504 τῶν
1340 1460 1388 1504 δὲ
1415 1463 1595 1505 οἰκετῶν

248 1535 416 1589 οἰμωγῇ
449 1531 688 1589 χρωμένων
722 1534 1033 1589 περιενεγκών,
1065 1532 1138 1574 καὶ
1164 1531 1263 1588 μηδ’
1296 1534 1452 1588 ἥντινα
1484 1531 1595 1588 ἀμφὶ

246 1611 326 1646 τοῦ
359 1603 681 1658 σωθησομένου
720 1602 860 1645 ἐλπίδ’
905 1605 1031 1659 ἔχων,
1069 1611 1160 1653 τοῖς
1198 1605 1480 1659 στρατιώταις
1511 1603 1595 1646 ἀνὰ

246 1676 518 1728 πεντήκοντα
551 1675 746 1730 δραχμὰς
773 1673 936 1732 ἑκάστῳ
963 1675 1129 1717 κελεύει
1154 1679 1415 1730 νεμηθῆναι.
1453 1675 1595 1729 (173)

247 1746 388 1787 πολλὰ
433 1743 482 1787 δὲ
522 1744 595 1786 καὶ
637 1753 729 1795 τοῖς
772 1745 983 1800 ἡγεμόσιν
1027 1746 1173 1788 αὐτῶν
1216 1744 1288 1787 καὶ
1325 1748 1471 1801 φίλοις
1504 1752 1597 1795 τοῖς

249 1816 385 1858 αὑτοῦ
430 1815 650 1871 ἐδωρεῖτο.
712 1814 784 1857 καὶ
821 1822 967 1871 παρῆν
1011 1812 1144 1866 αὖθις
1182 1815 1251 1858 ἐπὶ
1289 1815 1594 1871 Ἱεριχοῦντος·

249 1885 434 1940 μέλαινά
466 1901 511 1927 τε
542 1886 650 1941 χολὴ
684 1886 820 1928 αὐτὸν
853 1885 948 1941 ᾕρει
981 1884 1050 1927 ἐπὶ
1076 1892 1211 1928 πᾶσιν
1247 1885 1596 1942 ἐξαγριαίνουσα,

250 1954 352 1998 ὥστ’
403 1957 487 2011 ἤδη
532 1960 746 1999 τελευτῶν
789 1956 948 2012 πρᾶξιν
992 1955 1160 1999 τοιάνδ’
1210 1955 1414 1999 ἐπινοεῖν.
1451 1957 1596 2012 <174>

249 2026 531 2082 ἀφικομένων
563 2027 863 2082 προστάγματι
896 2033 955 2084 τῷ
988 2027 1125 2069 αὐτοῦ
1158 2025 1388 2069 Ἰουδαίων
1421 2027 1598 2083 ἀνδρῶν

249 2099 412 2147 παντὸς
448 2104 527 2140 τοῦ
567 2100 730 2148 ἔθνους
771 2098 882 2140 ὅπου
919 2095 1023 2140 ποτε
1061 2097 1303 2152 ἀξιολόγων
1344 2097 1519 2155 (πολλοὶ
1552 2096 1591 2141 δ’

251 2166 455 2222 ἐγένοντο
489 2169 547 2218 ὡς
578 2176 657 2211 τοῦ
695 2171 857 2218 παντὸς
896 2170 1058 2219 ε”θνους
1095 2168 1488 2224 κατακεκλημένου,
1524 2167 1596 2211 καὶ

250 2239 427 2281 πάντων
460 2238 802 2294 ἀκροασαμένων
838 2247 917 2282 τοῦ
958 2240 1262 2295 διατάγματος·
1301 2241 1362 2290 εἰς
1399 2241 1482 2295 γὰρ
1514 2240 1597 2282 θά-

347 2324 365 2361 g
394 2323 459 2354 169
487 2318 530 2354 cf.
558 2318 651 2355 Bell.
678 2318 755 2355 Iud.
783 2319 799 2353 Ι
825 2323 880 2365 33,
909 2324 939 2355 5.

1613 838 1646 862 10

1616 1191 1647 1217 15

1615 1545 1648 1570 20

1615 1898 1649 1923 25

1617 2250 1651 2276 30
