1732 2526
254 92 339 134 182
743 92 1108 126 ΑΡΧΑΙΟΛΟΓῙΑΣ

251 201 442 255 οἰκήσεις
468 199 627 242 αὐτόθι
652 198 908 243 πολυτελέσι
935 197 1279 255 κεχορηγημέναι
1299 206 1623 253 κατασκευαῖς,

252 270 622 326 φιλοτιμηθέντος
652 278 739 313 τῶν
773 271 1108 327 αὐτοκρατόρων
1141 268 1324 312 ἑκάστου
1363 271 1464 320 τοὺς
1495 283 1600 326 προ-

250 344 488 396 γεγονότας
536 342 914 398 ὑπερβάλλεσθαι·
969 341 1134 397 λοῦτρά
1183 357 1226 383 τε
1271 339 1501 396 παρέχεται
1551 342 1599 383 τὸ

250 414 415 468 χωρίον
445 413 590 468 θερμὰ
621 416 762 467 γῆθεν
794 412 1015 466 αὐτόματα
1056 411 1238 454 ἀνιόντα
1279 410 1427 465 ἀγαθὰ
1459 410 1533 452 ἐπί
1559 409 1597 453 τ’

251 483 364 524 ι’άσει
416 491 507 532 τοῖς
555 481 796 538 χρωμένοις
845 481 916 524 καὶ
961 483 1103 532 ἄλλως
1151 489 1209 539 τῷ
1261 480 1476 539 ἀνειμένῳ
1525 488 1601 536 τῆς

251 554 420 608 διαίτης
446 553 739 609 συμφέροντα.
786 553 931 608 <250>
964 554 1097 603 Γάιος
1123 550 1163 595 δ’
1194 553 1281 607 ἅμα
1307 568 1351 594 τε
1383 564 1600 607 προσαγο-

249 625 394 678 ρεύων
432 627 509 668 τὸν
547 624 755 681 εΗρώδην
804 623 992 681 (πρῶτος
1037 623 1075 666 δ’
1125 624 1242 681 αὐτῷ
1292 623 1600 681 ἐνετύγχανεν)

248 694 337 748 ἅμα
368 711 412 737 τε
445 702 523 738 τοῦ
541 694 752 751 Ἀγρίππα
785 696 859 745 τὰς
885 695 1113 745 ἐπιστολὰς
1140 695 1273 737 ε’πιὼν
1300 693 1369 737 ἐπὶ
1395 701 1445 749 τῇ
1472 711 1600 749 κατη-

247 767 378 822 γορία
396 772 447 821 τῇ
476 765 647 808 ἐκείνου
675 765 962 821 συγκειμένας
988 765 1237 822 (κατηγόρει
1259 767 1285 807 δ
1293 764 1302 780 ’
1333 766 1470 808 αὐτοῦ
1497 766 1600 820 ὁμο-

247 838 404 889 λογίαν
436 852 480 878 τε
512 839 622 893 πρὸς
653 838 853 892 Σηιανὸν
885 839 993 879 κατὰ
1024 843 1100 892 τῆς
1129 838 1334 892 Τιβερίου
1368 836 1502 891 ἀρχῆς
1526 835 1599 878 καὶ

246 907 356 961 πρὸς
385 903 654 963 Ἀρτάβανον
692 910 768 951 τὸν
807 908 999 963 Πάρθον
1032 907 1101 950 ἐπὶ
1133 915 1211 951 τοῦ
1242 909 1461 963 παρόντος
1492 908 1600 949 κατὰ

246 982 322 1030 τῆς
354 979 493 1020 Γαΐου
526 978 674 1034 ἀρχῆς,
714 979 858 1032 <251>
896 979 1172 1034 παράδειγμά
1204 975 1241 1020 τ’
1278 975 1334 1033 ἦν
1372 977 1489 1034 αὐτῷ
1520 983 1600 1020 τοῦ

246 1050 382 1102 λόγου
428 1049 638 1104 μυριάσιν
684 1047 790 1090 ἑπτὰ
829 1049 1020 1091 ὁπλιτῶν
1068 1048 1314 1104 ἀρκέσουσα
1355 1050 1598 1104 κατασκευὴ

246 1117 295 1159 ἐν
327 1126 420 1168 ταῖς
447 1118 654 1174 Ἡρώδου
696 1120 967 1174 ὁπλοθήκαις
1005 1118 1288 1175 ἀποκειμένη)
1332 1119 1517 1162 ε’κινεῑτό
1547 1118 1596 1161 θ’

245 1188 331 1231 ὑπὸ
364 1197 453 1231 τῶν
485 1189 745 1244 εἰρημένων,
776 1188 848 1231 καὶ
873 1191 1001 1244 ἤρετο
1027 1191 1105 1232 τὸν
1118 1188 1326 1245 “Ηρώδην
1359 1191 1398 1231 εἰ
1428 1189 1599 1244 ἀληθὴς

245 1259 269 1301 ὁ
302 1258 400 1313 περὶ
433 1267 520 1301 τῶν
554 1260 702 1301 ὅπλων
741 1261 881 1313 λόγος.
931 1260 1073 1313 <252>
1105 1266 1184 1301 τοῦ
1224 1259 1276 1302 δέ
1310 1259 1384 1315 (οὐ
1422 1261 1504 1315 γὰρ
1543 1258 1598 1315 ἦν

245 1329 370 1384 ἕτερα
416 1331 555 1372 εἰπεῖν
601 1331 674 1372 διὰ
718 1331 766 1372 τὸ
811 1329 1193 1384 ἀντιφθέγξασθαι
1236 1330 1317 1384 τὴν
1362 1329 1596 1386 ἀλήθειαν)

245 1401 446 1450 εἰπόντος
479 1398 591 1442 εἶναι
624 1401 676 1442 τὰ
710 1399 836 1454 ὅπλα,
869 1401 999 1441 πιστὰ
1031 1400 1277 1454 ἡγούμενος
1308 1397 1421 1442 εἶναι
1450 1401 1501 1442 τὰ
1528 1399 1595 1442 ἐπὶ

244 1477 295 1525 τῇ
330 1470 565 1513 ἀποστάσει
591 1471 966 1526 κατηγορούμενα,
992 1471 1072 1525 τὴν
1098 1473 1357 1526 τετραρχίαν
1385 1470 1596 1526 ἀφελόμε-

243 1557 322 1590 νος
354 1541 489 1584 αὐτὸν
521 1543 782 1597 προσθήκην
823 1547 873 1596 τῇ
901 1539 1117 1596 Ἀγρίππα
1154 1544 1354 1598 βασιλεία
1394 1550 1596 1597 ποιεῖται,

243 1611 318 1653 καὶ
350 1613 403 1654 τὰ
435 1614 631 1668 χρήματα
658 1612 820 1666 ὁμοίως
844 1618 903 1669 τῷ
920 1610 1134 1669 Ἀγρίππα
1158 1613 1359 1666 δίδωσιν,
1386 1613 1522 1655 αὐτόν
1550 1629 1595 1656 τε

243 1689 363 1737 φυγῇ
410 1682 538 1740 ἀιδίῳ
584 1682 839 1737 ἐζημίωσεν,
884 1682 1118 1733 ἀποδείξας
1162 1684 1414 1738 οἰκητήριον
1459 1684 1595 1727 αὐτοῦ

244 1754 539 1807 Λούγδουνον
570 1756 701 1795 πόλιν
728 1760 802 1807 τῆς
828 1755 1029 1803 Γαλλίας.
1090 1754 1234 1808 <253>
1258 1752 1513 1809 ‘Hpoeffwffd‘oc
1546 1753 1594 1797 δὲ

243 1824 402 1878 μαθὼν
425 1822 637 1879 Ἀγρίππα
664 1824 862 1879 ἀδελφὴν
889 1820 1041 1878 οὖσαν,
1067 1825 1119 1866 τά
1144 1840 1188 1866 τε
1214 1827 1410 1880 χρήματα
1442 1825 1593 1867 ἐδίδου

243 1894 384 1936 ὁπόσα
416 1895 559 1950 ἐκείνῃ
596 1896 687 1937 ἴδια
720 1892 789 1949 ἧν,
822 1893 892 1936 καὶ
932 1902 1010 1937 τοῦ
1048 1897 1105 1950 μὴ
1144 1903 1376 1938 κοινωνεῖν
1413 1899 1591 1950 νομίσαι

242 1963 399 2020 τάνδρὶ
432 1972 507 2019 τῆς
540 1972 771 2021 συμφορᾶς
801 1973 942 2020 τεῖχος
967 1966 1075 2021 αὐτῇ
1103 1968 1180 2008 τὸν
1206 1965 1401 2021 ἀδελφὸν
1433 1968 1592 2020 ἔλεγεν.

242 2035 386 2089 <254>
419 2035 445 2089 ἣ
479 2035 531 2077 δέ
561 2036 692 2077 εἀλλὰ
726 2038 779 2078 σὺ
813 2036 909 2091 μέν,
948 2034 1250 2090 αὐτοκράτωρ,’
1295 2033 1402 2090 εἶπε,
1442 2036 1592 2091 εμεγα-

245 2108 475 2162 λοφρόνως
507 2122 550 2147 τε
577 2106 648 2148 καὶ
675 2107 885 2161 ἀξιώματι
912 2114 970 2164 τῷ
997 2113 1185 2149 σεαυτοῦ
1210 2109 1461 2162 πρεπόντως
1489 2108 1591 2150 τάδε

243 2176 397 2231 λέγεις,
430 2178 610 2231 κώλυμα
644 2178 695 2218 δέ
724 2180 802 2231 μοί
831 2177 920 2219 ἐστι
946 2179 1145 2233 χρῆσθαί
1166 2189 1246 2220 σου
1273 2183 1322 2232 τῇ
1348 2178 1491 2232 χάριτι
1518 2184 1592 2232 τῆς

1620 855 1652 880 1·’)

1621 1206 1653 1232 15

1616 1559 1650 1584 20

1613 1911 1645 1936 25

243 2249 409 2302 δωρεᾶς
441 2248 593 2289 εὔνοια
624 2247 649 2301 ἡ
682 2249 790 2302 πρὸς
830 2249 907 2289 τὸν
949 2250 1239 2302 γεγαμηκότα,
1277 2245 1329 2289 οὗ
1373 2251 1590 2291 κοινωνόν
1609 2263 1644 2289 30

240 2334 292 2372 με
325 2325 399 2373 τῆς
430 2318 711 2373 εὐδαιμονίας
737 2318 980 2373 γενομένην
1008 2318 1060 2360 οὐ
1088 2320 1260 2361 δίκαιον
1287 2318 1590 2373 ἐγκαταλιπεῖν
