1732 2526
588 97 930 130 EKKAIAEKATH
1383 96 1402 135 1
1413 95 1434 135 1

92 201 228 244 αὐτὸν
260 201 590 257 ἀνεπηρεάστως
621 204 684 253 εἰς
714 205 761 245 τὸ
795 205 951 246 λοιπὸν
983 202 1144 256 ἕξουσι,
1186 204 1437 257 διηγήσατο.

92 272 206 326 <64>
247 274 296 315 τό
333 288 377 314 τε
415 273 591 327 σύμπαν
629 272 699 315 ἐπὶ
737 281 832 323 ταῖς
868 273 1088 327 εὐτυχίαις
1124 272 1195 314 καὶ
1233 280 1283 328 τῇ
1329 275 1437 315 διοι-

91 344 215 397 κήσει
258 349 333 397 τῆς
376 342 532 398 ἀρχῆς,
572 344 630 392 ὡς
671 341 806 385 οὐδὲν
843 346 1083 398 παραλίποι
1121 351 1209 385 τῶν
1254 344 1438 393 ἐκείνοις

92 415 430 468 συμφερόντων,
475 413 771 468 ἀγαλλόμενος
814 415 862 456 τὸ
908 413 1113 469 τέταρτον
1150 422 1239 456 τῶν
1283 417 1438 469 φόρων

56 502 73 529 5
92 483 274 538 ἀφίησιν
306 484 455 533 αὐτοῖς
484 491 564 527 τοῦ
595 487 955 540 παρεληλυθότος
987 487 1122 534 ἔτους.
1167 485 1280 538 <65>
1315 487 1360 526 οἳ
1390 482 1438 526 δὲ

91 552 163 595 καὶ
206 560 265 610 τῷ
309 556 425 610 λόγῳ
469 553 541 596 καὶ
584 561 634 610 τῇ
679 556 822 610 χάριτι
871 554 1289 610 δεδημαγωγημένοι
1333 555 1438 609 μετὰ

90 626 293 679 πλείστης
323 624 496 680 ἀπῇσαν
528 632 678 681 χαρᾶς,
710 624 834 668 πόλλ’
864 625 1010 680 ἀγαθὰ
1038 627 1352 681 συνευχόμενοι
1379 630 1437 681 τῷ

91 696 270 748 βασιλεῖ.

179 765 294 819 <66>
330 767 572 821 προύβαινε
618 765 657 808 δ’
707 766 774 809 ἀεὶ
811 768 863 809 τὰ
907 768 1015 809 κατὰ
1053 768 1134 821 τὴν
1173 766 1326 808 στάσιν
1364 771 1484 820 τῆςῧ

37 856 72 881 10
91 837 229 886 οἰκίας
259 835 331 878 καὶ
362 835 667 892 χαλεπωτέραν
700 837 916 892 ἐλάμβανε
949 839 1028 892 τὴν
1068 837 1282 890 ἐπίδοσιν,
1325 836 1439 878 ἀντι-

90 909 419 962 μεταλαβούσης
450 905 530 962 μὲν
558 909 703 962 ὥσπερ
737 908 783 950 ἐκ
809 912 1104 964 κληρονομίας
1135 910 1184 950 τὸ
1216 908 1324 949 κατὰ
1350 915 1438 949 τῶν

90 981 335 1020 νεανίσκων
368 987 495 1033 μῖσος
531 985 606 1033 τῆς
637 981 870 1034 Σαλώμης,
902 979 974 1022 καὶ
1009 986 1096 1021 πᾶν
1129 979 1235 1021 ὅσον
1267 978 1438 1020 εὐδοκι-

90 1051 216 1103 μήκει
241 1050 348 1090 κατά
374 1056 449 1103 τῆς
475 1052 636 1104 μητρὸς
661 1051 806 1093 αὐτῶν
833 1052 894 1100 εἰς
926 1051 1141 1092 ἀπόνοιαν
1167 1048 1239 1091 καὶ
1271 1049 1440 1103 θράσος

36 1111 41 1117 ’
90 1121 414 1174 λαμβανούσης,
458 1120 625 1175 μηδένα
662 1128 751 1163 τῶν
796 1121 838 1172 ἐξ
884 1121 1052 1176 ἐκείνης
1096 1124 1349 1162 καταλιπεῖν
1392 1119 1439 1169 ὃς

37 1208 71 1234 15
91 1192 326 1245 δυνήσεται
351 1198 594 1246 τιμωρῆσαι
619 1193 678 1249 τῷ
705 1192 886 1249 θανάτῳ
912 1198 988 1246 τῆς
1014 1188 1071 1234 δι’
1109 1191 1247 1246 αὐτὴν
1281 1190 1439 1246 ἀνῃρη-

43 1300 48 1304 ,
90 1260 238 1316 μένης,
271 1262 386 1316 <67>
418 1261 611 1317 ἐχόντων
643 1261 696 1304 δέ
723 1278 763 1304 τι
795 1261 867 1304 καὶ
893 1270 981 1304 τῶν
1013 1264 1259 1304 νεανίσκων
1290 1262 1438 1315 θρασὺ

90 1330 162 1374 καὶ
195 1332 392 1374 δύσνουν
419 1334 480 1382 εἰς
505 1334 582 1375 τὸν
608 1335 901 1387 γεγεννηκότα
928 1334 1074 1388 μνήμῃ
1100 1347 1145 1374 τε
1171 1338 1246 1385 τῆς
1278 1332 1440 1386 μητρὸς

92 1397 163 1444 οἷα
194 1403 334 1445 πάθοι
365 1405 482 1457 παρὰ
513 1405 593 1458 τὴν
625 1403 752 1453 ἀξίαν
784 1402 855 1445 καὶ
888 1409 937 1458 τῇ
970 1409 1049 1444 τοῦ
1075 1410 1251 1457 κρατεῖν
1285 1402 1440 1444 ἐπιθυ-

91 1476 180 1530 μίᾳ.
241 1473 356 1527 <68>
394 1473 530 1515 πάλιν
567 1489 611 1515 τε
649 1476 697 1516 τὸ
736 1475 871 1516 κακὸν
911 1474 1066 1528 ὅμοιον
1111 1473 1306 1527 ἐγεγόνει
1350 1480 1441 1522 τοῖς

38 1561 72 1586 20
91 1545 294 1598 πρώτοις,
325 1546 598 1599 βλασφημίαι
631 1542 711 1598 μὲν
744 1544 785 1594 ἐξ
820 1543 1002 1586 ἐκείνων
1029 1548 1090 1593 εἴς
1115 1560 1159 1585 τε
1186 1545 1266 1598 τὴν
1286 1544 1441 1585 Σαλώ-

92 1631 178 1670 μην
210 1613 282 1656 καὶ
320 1616 397 1656 τὸν
437 1616 668 1669 Φερώραν,
705 1617 963 1668 κακοήθειαι
1002 1612 1049 1656 δὲ
1088 1615 1257 1656 τούτων
1297 1615 1358 1663 εἰς
1389 1615 1441 1655 τὰ

92 1685 295 1740 μειράκια
338 1683 409 1726 καὶ
453 1686 558 1739 μετὰ
602 1687 897 1740 πραγματείας
949 1684 1170 1740 ἐπιβουλή.
1233 1685 1348 1739 <69>
1393 1685 1440 1727 τὸ

93 1754 174 1811 μὲν
205 1756 288 1809 γὰρ
320 1763 447 1809 μῖσος
480 1759 577 1797 ἴσον
610 1752 664 1809 ἧν
699 1754 741 1806 ἐξ
774 1754 992 1809 ἀλλήλων,
1026 1756 1048 1798 ὁ
1092 1753 1141 1797 δὲ
1172 1757 1332 1810 τρόπος
1363 1761 1442 1798 τοῦ

93 1835 238 1881 μισεῖν
272 1826 351 1881 οὐχ
384 1825 550 1880 ὅμοιος,
583 1824 677 1867 ἀλλ’
716 1828 761 1867 οἳ
790 1823 870 1880 μὲν
903 1825 951 1867 ἐν
982 1832 1041 1882 τῷ
1084 1832 1262 1883 φανερῷ
1296 1827 1442 1868 λοιδο-

40 1913 75 1938 25
96 1902 290 1953 ρηθῆναι
334 1895 406 1938 καὶ
450 1898 782 1950 προσονειδίσαι
832 1903 1080 1951 προπετεῖς,
1131 1894 1308 1950 εὐγενὲς
1356 1897 1442 1939 ὑπὸ

93 1975 170 2023 τῆς
206 1967 404 2023 ἀπειρίας
443 1969 638 2021 οἰόμενοι
676 1968 724 2009 τὸ
763 1973 838 2020 τῆς
876 1967 1009 2022 ὀργῆς
1046 1966 1369 2021 ἀνυπόστολον,
1402 1969 1447 2009 οἳ

95 2037 132 2080 δ’
186 2038 239 2080 οὐ
276 2039 354 2081 τὸν
393 2037 528 2079 αὐτὸν
565 2039 729 2092 τρόπον
768 2037 877 2079 ἀλλὰ
914 2044 1221 2093 πραγματικῶς
1258 2036 1329 2079 καὶ
1369 2054 1445 2080 κα-

94 2110 271 2163 κοήθως
312 2107 503 2163 ἐχρῶντο
541 2115 634 2157 ταῖς
673 2109 917 2162 διαβολαῖς,
957 2107 1244 2161 προέλκοντες
1281 2107 1349 2150 ἀεὶ
1393 2109 1445 2150 τὰ

97 2179 312 2234 μειράκια,
338 2177 410 2221 καὶ
429 2180 478 2220 τὸ
497 2180 646 2234 θρασὺ
675 2180 1060 2233 καταλογιζόμενοι
1084 2180 1236 2232 βιάιον
1263 2181 1445 2221 ἔσεσθαι

43 2266 78 2291 30
97 2251 205 2305 πρὸς
247 2251 325 2292 τὸν
369 2250 679 2303 γεγεννηκότα·
724 2250 838 2303 <70>
876 2250 924 2291 τὸ
967 2250 1049 2303 γὰρ
1095 2249 1175 2291 οὐκ
1220 2250 1446 2291 αἰδεῖσθαι

192 2335 211 2373 ξ
239 2333 282 2364 66
309 2330 353 2365 cf.
382 2329 472 2365 Bell.
501 2329 578 2364 Iud.
606 2330 622 2363 Ι
648 2333 703 2373 23,
733 2334 762 2365 1.
