1732 2526
179 92 235 133 26
670 87 1036 121 ΑΡΧΑΙΟΛΟΓΙΑΣ

179 204 286 241 σθαι
323 199 399 247 τὰς
437 196 647 251 ἁμαρτίας
684 195 737 238 οὐ
770 194 929 252 ῥᾴδιον
969 194 1166 249 ἐνόμιζεν
1200 190 1322 248 (οὐδὲ
1355 193 1437 246 γὰρ
1469 193 1531 241 εἰς

177 271 253 319 τὰς
295 268 545 323 προσόδους
589 263 810 315 λυσιτελὲς
853 263 950 319 ἦν),
995 264 1318 318 ἀντεφιλονίκει
1363 261 1410 305 δὲ
1449 263 1531 317 τὴν
1567 267 1571 271 ’

179 341 393 382 δύσνοιαν
426 338 563 392 αὐτὴν
589 337 798 391 εὐπορίας
823 335 1029 390 ἀφορμὴν
1054 335 1328 389 ποιούμενος.
1385 334 1531 387 <156>

177 413 281 466 περί
308 426 356 464 γε
389 410 475 464 μὴν
507 410 609 458 τοὺς
641 409 851 460 οἰκείους,
882 410 1016 455 εἴτις
1048 408 1163 462 λόγῳ
1196 406 1254 460 μὴ
1286 404 1529 460 θεραπεύοι

176 483 225 524 τὸ
260 483 424 523 δοῦλον
457 479 875 534 ἐξομολογούμενος,
914 477 940 531 ἢ
981 476 1148 527 δόξειεν
1185 478 1247 525 εἰς
1278 477 1358 530 τὴν
1392 475 1530 530 ἀρχήν
1567 486 1584 512 5

177 568 218 594 τι
261 558 541 606 παρακινεῖν,
586 550 665 605 οὐχ
711 550 860 597 ἱκανὸς
902 546 1060 589 ἑαυτοῦ
1100 554 1276 602 κρατεῖν
1317 545 1531 600 ἐγίγνετο,

177 621 250 665 καὶ
278 621 510 676 διεξῆλθεν
538 621 649 674 ὁμοῦ
677 626 904 673 συγγενεῖς
928 616 1000 659 καὶ
1026 619 1183 672 φίλους
1209 621 1281 659 ἴσα
1307 618 1532 670 πολεμίοις

178 693 520 748 τιμωρούμενος,
547 691 594 732 ἐκ
620 696 699 733 τοῦ
726 692 861 744 μόνος
885 687 1038 730 θέλειν
1057 692 1316 742 τετιμῆσθαι
1343 687 1419 736 τὰς
1443 702 1531 728 τοι-

179 766 312 814 αύτας
337 763 548 818 ἁμαρτίας
568 760 904 814 ἀναλαμβάνων.
937 760 1082 813 <157>
1115 759 1358 813 μαρτύριον
1388 756 1441 799 δέ
1457 773 1531 812 μοι

178 836 336 877 τούτου
363 838 442 875 τοῦ
467 832 661 885 πάθους,
687 831 753 872 ὅτι
780 829 987 885 μέγιστον
1012 828 1113 884 περὶ
1134 829 1269 871 αὐτὸν
1295 826 1367 883 ἦν,
1387 826 1459 870 καὶ
1478 829 1530 870 τὰ
1551 841 1584 866 10

178 908 394 959 γενόμενα
438 904 546 945 κατὰ
588 903 663 951 τὰς
703 904 926 956 Καίσαρος
966 899 1038 943 καὶ
1075 898 1288 955 Ἀγρίππα
1331 898 1402 941 καὶ
1443 906 1532 941 τῶν

179 978 326 1018 ἄλλων
365 977 509 1030 φίλων
547 973 685 1027 τιμάς.
748 967 813 1022 οἷς
851 973 934 1027 γὰρ
957 971 1215 1026 ἐθεράπευε
1252 972 1355 1020 τοὺς
1392 971 1532 1025 κρείτ-

178 1062 324 1100 τονας,
350 1046 522 1094 τούτοις
546 1043 704 1092 καύτὸς
728 1044 853 1097 ἠξίου
879 1043 1225 1096 θεραπεύεσθαι,
1256 1039 1329 1083 καὶ
1354 1041 1403 1082 τὸ
1430 1040 1533 1082 κάλ-

180 1120 331 1158 λιστον
359 1111 420 1156 ὧν
447 1111 553 1171 ᾤετο
580 1112 782 1168 παρέχων
810 1112 857 1154 ἐν
883 1118 942 1169 τῷ
972 1113 1148 1153 διδόναι
1173 1113 1253 1166 τὴν
1279 1118 1358 1154 τοῦ
1384 1118 1532 1166 τυχεῖν

179 1194 267 1228 τῶν
300 1187 465 1241 ὁμοίων
499 1184 740 1238 ἐπιθυμίαν
773 1183 944 1237 ἐδήλου.
995 1182 1140 1236 <158>
1165 1184 1214 1224 τό
1240 1198 1289 1237 γε
1315 1183 1401 1237 μὴν
1422 1180 1533 1224 Ἰου-
1553 1192 1586 1219 15

181 1259 319 1299 δαίων
346 1258 478 1305 ἔθνος
503 1256 791 1310 ἠλλοτρίωται
817 1256 939 1311 νόμῳ
965 1254 1075 1308 πρὸς
1099 1253 1241 1294 πάντα
1267 1253 1318 1294 τὰ
1339 1258 1533 1306 τοιαῦτα,

180 1327 252 1370 καὶ
285 1329 562 1369 συνείθισται
593 1326 641 1367 τὸ
675 1326 848 1366 δίκαιον
880 1323 979 1365 ἀντὶ
1010 1330 1089 1365 τοῦ
1120 1325 1229 1377 πρὸς
1262 1323 1396 1374 δόξαν
1428 1325 1534 1377 ἠγα-

179 1397 380 1454 πηκέναι·
433 1398 586 1452 διόπερ
626 1395 708 1438 οὐκ
745 1392 800 1449 ἦν
839 1395 956 1452 αὐτῷ
995 1393 1332 1449 κεχαρισμένον,
1371 1395 1437 1436 ὅτι
1476 1395 1533 1449 μὴ

182 1471 374 1512 δυνατὸν
424 1470 591 1510 εἰκόσιν
641 1467 666 1521 ἢ
717 1473 841 1515 ναοῖς
890 1466 915 1520 ἢ
961 1466 1177 1515 τοιούτοις
1221 1465 1534 1520 ἐπιτηδεύμασι

180 1541 436 1583 κολακεύειν
473 1546 552 1581 τοῦ
591 1536 806 1592 βασιλέως
842 1539 891 1579 τὸ
930 1540 1177 1592 φιλότιμον.
1239 1537 1383 1591 <159>
1416 1537 1533 1578 αι’τία
1553 1546 1586 1572 20

181 1610 260 1667 μὲν
287 1612 395 1665 αὕτη
422 1627 496 1665 μοι
524 1611 645 1651 δοκεῖ
668 1615 744 1663 τῆς
763 1608 967 1663 “Ηρώδου
994 1607 1094 1664 περὶ
1117 1605 1197 1662 μὲν
1217 1609 1320 1657 τοὺς
1346 1608 1534 1656 οἰκείους

181 1682 253 1724 καὶ
291 1682 572 1736 συμβούλους
610 1679 843 1734 ἁμαρτίας,
882 1678 982 1734 περὶ
1024 1677 1072 1720 δὲ
1112 1681 1215 1728 τοὺς
1253 1678 1332 1730 ἔξω
1370 1676 1444 1720 καὶ
1475 1679 1533 1733 μὴ

181 1755 483 1809 προσήκοντας
515 1752 776 1806 εὐεργεσίας.

142 1828 167 1868 6
271 1825 415 1877 <160>
460 1825 563 1872 τοὺς
608 1819 657 1863 δὲ
700 1822 808 1863 κατὰ
852 1822 932 1875 τὴν
968 1819 1116 1863 Ἀσίαν
1152 1819 1418 1874 Ἰουδαίους,
1461 1817 1534 1861 καὶ

184 1896 314 1943 ὅσους
356 1893 382 1947 ἡ
424 1894 532 1948 πρὸς
574 1893 756 1948 Κυρήνῃ
799 1892 945 1946 Λιβύη
987 1890 1216 1946 κατέσχεν,
1259 1890 1446 1932 ἐκάκουν
1490 1890 1538 1931 αἱ
1554 1899 1587 1924 2⁵

182 1968 351 2019 πόλεις,
393 1971 480 2006 τῶν
513 1961 592 2017 μὲν
624 1965 840 2017 πρότερον
872 1961 1091 2016 βασιλέων
1125 1963 1355 2015 ἰσονομίαν
1387 1961 1536 2010 αὐτοῖς

184 2034 547 2090 παρεσχημένων,
592 2033 639 2075 ἐν
685 2032 733 2074 δὲ
773 2038 832 2089 τῷ
869 2035 964 2075 τότε
1004 2030 1062 2074 δι’
1105 2031 1306 2086 ἐπηρείας
1344 2031 1536 2086 ἐχόντων

184 2115 272 2148 τῶν
298 2105 522 2159 Ἑλλήνων
555 2104 734 2157 αὐτούς,
773 2104 831 2152 ὡς
862 2102 934 2145 καὶ
972 2103 1204 2159 χρημάτων
1244 2103 1373 2157 ἱερῶν
1405 2101 1535 2156 ἀφαί-

186 2189 308 2231 ρεσιν
339 2180 565 2218 ποιεῖσθαι
596 2174 668 2216 καὶ
700 2175 1018 2228 καταβλάπτειν
1061 2173 1108 2216 ἐν
1139 2180 1230 2222 τοῖς
1262 2171 1331 2214 ἐπὶ
1363 2171 1535 2227 μέρους.

184 2249 327 2302 <161>
358 2247 600 2301 πάσχοντες
633 2243 680 2287 δὲ
706 2253 862 2299 κακῶς,
892 2244 964 2286 καὶ
989 2243 1123 2300 πέρας
1149 2242 1282 2286 οὐδὲν
1307 2243 1534 2297 εὑρίσκον·
1555 2256 1589 2281 30

185 2335 253 2369 τες
295 2325 372 2373 τῆς
414 2325 503 2359 τῶν
534 2316 758 2371 Ἑλλήνων
801 2316 1141 2371 ἀπανθρωπίας,
1187 2315 1534 2370 ἐπρεσβεύσαντο
