1732 2526
263 53 349 94 220
756 52 1119 86 ΑΡΧΑΙΟΛΟΓΙΑΣ

203 171 245 202 12
350 160 478 213 <77>
535 159 735 213 ἠπείγετο
791 157 839 201 δὲ
890 158 1095 214 Χαιρέας,
1150 157 1220 200 καὶ
1270 165 1359 201 τῶν
1407 163 1611 216 θεωριῶν

262 229 548 272 ἐπελθουσῶν
580 236 629 285 τῇ
662 231 809 286 πρώτῃ
844 229 1115 284 δεδογμένον
1153 230 1370 272 ἅπτεσθαι
1400 236 1474 283 τῆς
1504 229 1612 285 πρά-

262 300 380 353 ξεως,
414 301 699 355 ἰσχυρότερον
734 297 786 354 ἧν
819 306 897 342 τοῦ
929 298 1020 342 κατ’
1061 299 1254 349 ἐκείνους
1290 302 1613 355 προβεβουλευ-

262 371 387 419 κότος
431 371 478 412 τὸ
523 377 598 425 τῆς
623 371 774 426 4τύχης
815 376 1075 426 συγχωροῦν
1118 370 1384 425 ὑπερβολάς,
1427 368 1498 411 καὶ
1538 370 1614 419 τὰς

263 447 376 494 τρεῖς
406 439 769 495 ὑπερβαλομένου
801 442 876 490 τὰς
908 442 1122 495 νομίμους
1158 439 1319 495 ἡμέρας
1351 442 1475 494 μόλις
1506 439 1613 481 κατὰ
1651 451 1669 477 5

265 511 344 564 τὴν
375 511 810 564 τελευταίαν-αὐτοῖς
842 511 1039 565 ἐπράχθη
1073 512 1121 553 τὸ
1154 512 1297 565 ἔργον.
1361 511 1476 564 <78>
1512 513 1615 551 Χαι-

267 579 367 636 ρέας
400 579 448 623 δὲ
481 581 751 635 συγκαλέσας
782 583 885 631 τοὺς
917 583 1172 635 συνωμότας
1211 580 1363 630 “πολὺς
1395 579 1489 635 μέν’
1523 577 1615 622 εἷπε

265 650 353 692 εκαὶ
392 651 414 693 ὁ
459 653 778 706 παρεληλυθὼς
816 653 974 706 χρόνος
1018 651 1219 702 ὀνειδίζει
1260 653 1308 693 τὸ
1351 652 1413 692 ἔτι
1454 649 1616 705 μέλλον

265 720 388 775 ἡμῶν
421 720 489 763 ἐπὶ
522 729 613 770 τοῖς
645 721 759 764 οὕτω
798 725 1082 776 βουλευθεῑσι
1122 719 1210 776 μετ’
1249 721 1419 776 ἀρετῆς·
1466 721 1616 763 δεινὸν

266 789 304 833 δ’
342 792 383 832 εἰ
419 790 490 833 καὶ
529 793 782 846 μηνύματος
819 791 1061 846 γενομένου
1104 793 1373 833 διαπεσεῖται
1405 791 1430 844 ἡ
1462 790 1616 844 πρᾶξις
1637 804 1669 829 10

266 860 337 903 καὶ
370 862 502 912 Γάιος
541 862 685 917 ὑβριεῖ
721 864 940 917 μειζόνως.
1002 862 1118 916 <79>
1160 862 1185 916 ἣ
1228 862 1308 917 οὐχ
1350 861 1520 916 ὁρῶμεν
1560 861 1617 909 ὡς

267 938 341 986 τῆς
385 931 639 986 ἐλευθερίας
684 932 958 988 ἀφαιροῦμεν
1002 933 1165 982 ὁπόσας
1209 940 1296 973 τῶν
1337 932 1512 986 ἡμερῶν
1556 932 1618 980 εἰς

266 1004 527 1056 προσθήκην
559 1009 609 1058 τῇ
642 1005 780 1045 -Γαΐου
812 1003 1043 1056 τυραννίδι
1081 1004 1367 1058 χαριζόμεθα,
1406 1000 1508 1043 δέον
1541 1001 1617 1043 αὐ-

267 1074 369 1122 τούς
400 1071 436 1115 τ’
474 1072 615 1123 ἀδεεῖς
647 1075 694 1116 τὸ
728 1075 883 1116 λοιπὸν
915 1070 1028 1115 εἶναι
1060 1072 1132 1114 καὶ
1163 1080 1254 1122 τοῖς
1292 1073 1442 1122 ἄλλοις
1473 1073 1617 1113 αἰτίαν

267 1150 345 1185 τοῦ
378 1143 640 1198 εὐδαίμονος
671 1146 974 1199 παρασχόντας
1007 1141 1064 1185 δι’
1103 1145 1263 1193 αἰῶνος
1301 1138 1491 1192 ἅπαντος
1527 1151 1618 1192 τοῖς
1638 1155 1670 1181 15

269 1210 401 1263 αὖθις
433 1213 480 1256 ἐν
506 1215 701 1269 θαύματι
733 1215 906 1271 μεγάλῳ
939 1213 1011 1256 καὶ
1037 1220 1137 1269 τιμῇ
1170 1213 1468 1268 καταστῆναι;’
1502 1213 1618 1267 <80>

268 1291 356 1325 τῶν
389 1282 430 1325 δ’
469 1283 563 1326 οὔτ’
602 1285 822 1327 ἀντειπεῖν
855 1283 997 1334 ὡςόὐ
1028 1285 1144 1326 πάνυ
1177 1288 1325 1334 καλοῖς
1357 1282 1618 1338 δυναμένων

269 1355 368 1396 οὔτε
407 1356 486 1409 τὴν
523 1354 682 1409 πρᾶξιν
721 1356 926 1408 ἄντικρυς
968 1353 1240 1409 δεχομένων,
1278 1361 1377 1410 σιγῇ
1412 1351 1459 1395 δὲ
1490 1369 1619 1396 κατα-

268 1427 574 1478 πεπληγότων,
614 1425 692 1466 “n''
723 1428 880 1480 φησίν,
913 1422 962 1466 (ὦ
996 1433 1207 1479 γενναῖοι,
1240 1425 1550 1479 διαμε’λλομεν;
1591 1424 1617 1478 ἢ

270 1495 350 1549 οὐχ
383 1495 509 1549 ὁρᾶτε
542 1496 623 1549 τὴν
656 1497 847 1550 σήμερον
879 1503 966 1537 τῶν
995 1500 1199 1550 θεωριῶν
1231 1495 1421 1549 ὑστάτην
1452 1493 1618 1549 ἡμέραν
1638 1508 1673 1533 20

271 1562 410 1607 οὖσαν
442 1564 514 1606 καὶ
540 1565 678 1607 Γάιον
705 1565 1118 1620 ἐκπλευσούμενον;’
1151 1566 1263 1619 <81>
1298 1564 1367 1607 ἐπὶ
1398 1566 1481 1620 γὰρ
1504 1564 1619 1606 Ἀλε-

270 1635 501 1689 ξανδρείας
532 1637 855 1690 παρεσκεύαστο
894 1639 1020 1678 πλεῖν
1058 1637 1165 1677 κατὰ
1202 1637 1397 1690 θεωρίαν
1433 1641 1508 1689 τῆς
1539 1636 1619 1676 Λί-

272 1706 452 1759 γύπτου.
503 1706 653 1748 (καλὸν
680 1705 721 1748 δ’
750 1706 855 1760 ἡμῖν
886 1706 1102 1762 προέσθαι
1134 1714 1222 1748 τῶν
1247 1713 1406 1760 χειρῶν
1431 1707 1479 1748 τὸ
1507 1707 1619 1748 ὄνει-

272 1777 347 1825 δος
388 1782 438 1831 τῇ
471 1774 694 1831 Ῥωμαίων
735 1779 1004 1833 μεγαλαυχία
1043 1783 1300 1831 πομπεῦσον
1341 1776 1414 1818 διά
1455 1791 1499 1817 τε
1540 1782 1620 1830 γῆς

271 1845 343 1888 καὶ
375 1847 605 1900 θαλάττης.
656 1847 770 1900 <82>
802 1854 892 1896 πῶς
924 1843 963 1888 δ’
995 1847 1075 1889 οὐκ
1107 1846 1160 1888 ἂν
1188 1847 1368 1895 δικαίως
1392 1847 1619 1900 κρίνοιμεν
1639 1858 1672 1884 25

272 1917 432 1966 αὑτοὺς
463 1918 650 1972 αἰσχύνῃ
682 1924 770 1958 τῶν
802 1915 1126 1971 γενησομένων,
1158 1921 1202 1958 εἴ
1228 1932 1291 1966 τις
1323 1915 1456 1957 αὐτὸν
1483 1917 1620 1969 Αίγύ-

272 2002 395 2036 πτιος
426 1989 627 2041 κτείνειε,
665 1989 746 2041 τὴν
784 1987 915 2041 ὕβριν
953 1987 1031 2042 οὐχ
1073 1987 1342 2042 ἡγησάμενος
1380 1986 1619 2042 ἀνασχετὸν

274 2065 365 2106 τοῖς
397 2056 649 2112 ἐλευθέροις
681 2060 934 2111 γεγονόσιν;
973 2058 1088 2111 <83>
1123 2056 1205 2110 ἐγὼ
1244 2054 1323 2111 μὲν
1361 2053 1442 2099 οὖν
1475 2055 1616 2111 οὐκέτ’,

274 2128 335 2177 εἰς
372 2130 554 2169 πλείονα
592 2127 798 2182 ἀνέξομαι
836 2129 910 2177 τὰς
949 2129 1128 2181 σκήψεις
1159 2127 1302 2181 ὑμῶν,
1345 2128 1529 2181 χωρήσω
1571 2125 1620 2168 δὲ
1718 2182 1721 2185 .

273 2205 364 2247 τοῖς
399 2198 625 2247 κινδύνοις
663 2198 796 2252 ὁμόσε
835 2199 1048 2252 σήμερον,
1091 2197 1229 2252 ἡδονῇ
1273 2195 1421 2251 φέρων
1464 2203 1553 2239 πᾶν
1596 2197 1674 2238 ὅ3ο
1716 2188 1717 2192 ¹

273 2284 313 2309 τι
357 2266 427 2309 καὶ
473 2265 630 2321 γένοιτ’
675 2267 718 2318 ἐξ
765 2267 930 2322 αὐτῶν,
975 2266 1068 2310 οὐδ’
1116 2267 1170 2309 ἂν
1212 2266 1538 2322 ὑπερβαλοίμην
1582 2268 1635 2309 εί
