1732 2526
558 71 968 104 EnTAKAmEKATH
1355 70 1376 111 1
1387 69 1440 111 15

90 182 140 232 τῇ
172 178 303 232 φύσει
337 175 376 219 δ’
414 177 551 226 οὕτως
583 177 692 218 αὐτὰ
724 178 935 230 γεγονότα
967 177 1138 231 πονηρὰ
1170 174 1299 230 εἶναι,
1330 176 1441 219 ἀλλὰ

90 254 147 304 τῷ
180 247 367 302 βλάψειν
399 247 454 289 ἂν
481 248 628 289 δοκεῖν
652 243 903 302 Ἀρχέλαον·
942 245 1122 300 τοσήνδ’
1155 247 1302 297 αὐτοῖς
1327 244 1440 289 εἶναι

89 319 259 372 βουλὴν
290 324 369 359 τοῦ
400 318 663 372 ὑβριοῦντος
688 318 750 366 εἰς
781 318 923 372 ἄνδρα
951 323 1141 371 συγγενῆ
1174 316 1246 358 καὶ
1277 320 1441 372 πατρὸς

89 386 168 442 μὲν
201 387 454 443 εὐεργέτην,
496 388 668 441 συνήθη
710 385 752 428 δ’
790 386 939 436 αὐτοῖς
975 385 1047 428 καὶ
1080 388 1153 429 διὰ
1184 389 1346 437 παντὸς
1379 389 1440 429 οἰ-

53 461 214 508 5κείως
251 457 630 512 πεπολιτευμένον.
694 457 851 511 <244>
890 457 965 506 τάς
1005 473 1054 511 γε
1096 458 1183 512 μὴν
1226 458 1441 511 διαθήκας

33 821 66 847 10

32 1174 65 1199 15

30 1527 63 1552 20

88 529 174 572 ὑπό
214 545 258 571 τε
298 535 637 584 σωφρονοῦντος
674 527 925 583 γεγράφθαι
967 535 1045 570 τοῦ
1090 526 1325 581 βασιλέως,
1368 527 1440 569 καὶ

87 597 352 655 κυριωτέρας
389 596 502 640 εἶναι
540 606 627 640 τῶν
665 597 979 653 γεγραμμένων
1019 600 1234 653 πρότερον
1277 599 1349 639 διὰ
1390 600 1438 640 τὸ

87 672 277 722 Καίσαρι
311 670 368 728 ὡς
401 671 589 724 δεσπότῃ
616 677 703 711 τῶν
730 670 845 711 ὅλων
875 672 1215 724 καταλελεῖφθαι
1241 670 1322 723 τὴν
1346 671 1438 724 κρί-

87 752 159 782 σιν
198 748 286 782 τῶν
324 740 372 782 ἐν
410 740 561 790 αὐταῖς
592 738 918 795 γεγραμμένων.
981 739 1127 794 <245>
1169 741 1444 794 μιμήσεσθαί

87 807 122 852 τ’
161 811 366 865 οὐδαμῶς
397 813 598 866 Καίσαρα
630 811 709 864 τὴν
741 811 872 865 ὕβριν
911 810 1078 864 αὐτῶν,
1119 813 1164 853 οἳ
1198 816 1274 864 τῆς
1298 809 1438 865 Ἠρώ-

86 882 167 923 δου
200 884 416 931 παντοίως
447 881 774 930 ἀπολαύσαντες
799 879 899 936 παρ’
932 881 983 923 ὃν
1015 883 1084 935 ἔζη
1116 883 1271 937 καιρὸν
1305 881 1439 923 δυνά-

85 967 217 1005 μεως,
256 952 307 993 τὰ
338 952 479 993 πάντα
512 948 580 1006 ἐφ’
615 951 748 1006 ὕβριν
786 953 963 1006 γνώμης
1001 951 1245 1005 ἐπείγοιντο
1285 951 1436 1005 αὐτοῦ,

85 1019 181 1063 οὐδ’
227 1021 372 1064 αὐτῶν
415 1021 514 1077 περὶ
557 1023 635 1064 τὸν
681 1029 870 1076 συγγενῆ
915 1023 1129 1064 τοιούτων
1173 1024 1434 1075 γεγονότων.

85 1093 228 1145 <246>
261 1093 426 1134 οὔκουν
458 1093 660 1147 Καίσαρά
692 1091 732 1146 γ’
762 1092 925 1147 ἀνδρὸς
957 1091 1021 1134 ἐπ’
1055 1093 1172 1149 αὐτῷ
1203 1092 1436 1147 πεποιημέ-

85 1179 166 1205 νου
207 1163 259 1204 τὰ
302 1163 444 1205 πάντα
487 1162 559 1205 καὶ
603 1165 737 1218 φίλου
781 1161 853 1204 καὶ
899 1163 1130 1219 συμμάχου
1174 1164 1436 1205 καταλύσειν

24 1238 29 1242 ’
83 1234 159 1283 τὰς
190 1234 419 1287 διαθήκας,
451 1231 520 1274 ἐπὶ
551 1235 694 1275 πίστει
719 1239 770 1288 τῇ
798 1233 935 1275 αὐτοῦ
961 1232 1273 1288 γεγραμμένας.
1331 1230 1437 1275 οὐδὲ

83 1305 353 1358 μιμήσεσθαι
384 1306 540 1345 κακίαν
572 1304 652 1358 τὴν
685 1302 865 1345 ἐκείνων
904 1304 983 1358 τὴν
1016 1305 1238 1358 Καίσαρος
1275 1302 1436 1358 ἀρετὴν

82 1373 155 1416 καὶ
186 1376 349 1429 πίστιν,
379 1376 488 1429 πρὸς
520 1375 692 1416 ἅπασαν
718 1374 798 1428 τὴν
827 1372 1091 1429 οἰκουμένην
1117 1374 1434 1416 ἀνενδοίαστον

84 1444 345 1500 γενομένην,
388 1445 533 1499 <247>
565 1443 638 1486 καὶ
675 1447 837 1499 μανίαν
868 1444 942 1487 καὶ
973 1449 1197 1500 λογισμῶν
1230 1446 1434 1503 ἔκστασιν

82 1523 360 1570 κατακρινεῖν
386 1515 548 1570 ἀνδρὸς
574 1514 798 1570 βασιλέως,
828 1516 920 1557 υἱεῖ
947 1514 1027 1570 μὲν
1053 1515 1208 1572 ἀγαθῷ
1234 1516 1314 1569 τὴν
1341 1516 1434 1556 δια-

84 1586 219 1640 δοχὴν
250 1587 629 1640 καταλελοιπότος,
658 1587 800 1627 πίστει
834 1583 881 1627 δὲ
913 1591 963 1640 τῇ
991 1585 1128 1627 αὐτοῦ
1157 1597 1433 1641 προσπεφευ-

82 1658 225 1709 γότος·
277 1654 378 1698 οὔθ’
416 1655 624 1711 ἁμαρτεῖν
649 1655 857 1711 “Ηρώδην
888 1654 992 1697 ποτὲ
1031 1655 1132 1711 περὶ
1169 1659 1315 1711 κρίσιν
1353 1663 1432 1698 τοῦ

83 1727 316 1781 διαδόχου,
365 1727 631 1782 σωφροσύνῃ
680 1725 949 1782 κεχρημένον
993 1725 1062 1768 ἐπὶ
1114 1733 1163 1782 τῇ
1208 1729 1433 1782 Καίσαρος

82 1797 233 1852 γνώμῃ
266 1797 317 1838 τὰ
349 1797 490 1838 πάντα
521 1801 758 1839 ποιεῖσθαι.

172 1867 315 1922 <248>
340 1867 412 1909 καὶ
439 1870 661 1917 Νικόλαος
685 1865 766 1922 μὲν
792 1868 939 1910 τοιάδε
966 1868 1161 1909 διελθὼν
1192 1870 1430 1910 καταπαύει

80 1939 157 1980 τὸν
197 1940 352 1992 λόγον,
396 1940 568 1992 Καῖσαρ
611 1936 653 1979 δ’
689 1937 924 1993 Ἀρχέλαον
965 1940 1269 1994 προσπεσόντα
1311 1939 1429 1996 αὐτῷ

80 2010 187 2063 πρὸς
217 2010 270 2050 τὰ
301 2011 464 2062 γόνατα
496 2011 778 2064 φιλοφρόνως
809 2008 846 2051 τ’
876 2009 1044 2064 ἀνίστη,
1076 2010 1270 2064 φάμενος
1302 2009 1429 2059 ἀξιώ-

80 2094 210 2121 τατον
241 2076 355 2121 εἶναι
385 2086 461 2133 τῆς
492 2081 728 2134 βασιλείας,
759 2082 927 2134 πολλήν
953 2078 987 2121 τ’
1021 2078 1233 2134 ἀπέφαινε
1260 2081 1428 2134 τροπὴν

81 2150 256 2204 γνώμης
279 2157 356 2204 τῆς
381 2149 533 2203 αὑτοῦ,
565 2149 662 2206 (ὡς)
695 2149 776 2192 οὐκ
801 2151 911 2192 ἄλλα
937 2150 1129 2205 πράξων,
1162 2146 1256 2192 ἀλλ’
1287 2151 1427 2193 ὁπόσα

28 2232 61 2256 210
82 2221 130 2261 αἴ
163 2236 207 2262 τε
245 2222 455 2275 διαθῆκαι
493 2221 771 2274 ὑπηγόρευον
809 2219 881 2262 καὶ
914 2218 1131 2278 Ἀρχελάῳ
1175 2219 1428 2276 συνέφερεν.

178 2304 197 2343 ἓ
223 2304 291 2334 248
318 2300 362 2335 cf.
390 2300 481 2335 Bell.
507 2300 586 2335 Iud.
614 2300 647 2334 II
674 2304 704 2345 2,
734 2304 763 2336 7.

1165 2360 1213 2393 8³3:
