1732 2526
255 76 339 117 170
746 77 1109 110 APXAIOAOPIAE

250 182 446 239 φαμένης
476 184 586 239 πρὸς
611 183 746 226 αὐτὸν
773 181 1007 234 Ἀντωνίας
1032 187 1180 240 πολλῷ
1208 186 1376 238 μᾶλλον
1411 182 1600 227 ἐνέκειτο
1625 226 1630 229 ,

250 254 384 305 ἀξιῶν
423 253 616 304 ἐξέτασιν
654 253 863 308 γενέσθαι
902 260 980 296 τοῦ
1017 255 1287 309 πράγματος·
1337 253 1409 296 καὶ
1446 254 1474 308 ἦ
1507 253 1603 296 Ἀν-

249 328 384 366 τωνία
418 324 490 381 (οὐ
521 325 604 380 γὰρ
637 324 749 367 ἀνίει
781 327 918 374 πολὺς
950 325 1012 367 ὢν
1045 325 1066 367 ὁ
1090 323 1326 381 Ἀγρίππας
1355 324 1423 367 ἐπὶ
1456 326 1602 368 τοῖσδε

251 396 446 452 δεῖσθαι)
474 398 629 451 καιρὸν
655 399 969 452 παραλαβοῦσα
996 401 1198 438 τοιοῦτον
1224 396 1370 450 <185>
1397 394 1601 452 (ᾐωρεῖτο

250 465 330 521 μὲν
369 465 568 522 Τιβέριος
601 465 670 509 ἐπὶ
702 469 886 522 φορείου
924 469 1142 521 κείμενος,
1180 469 1429 522 προϊόντων
1462 468 1601 509 Γαΐου

248 553 293 579 τε
331 545 410 580 τοῦ
450 537 617 592 ἐκείνης
653 538 822 580 υἱωνοῦ
860 536 931 579 καὶ
958 535 1194 592 Ἀγρίππα,
1233 535 1305 578 ἀπ’
1342 537 1524 593 ἀρίστου
1557 535 1596 579 δ’

249 605 380 663 ἦσαν)
422 615 838 664 παραπεριπατοῦσα
878 609 937 666 τῷ
980 611 1145 666 φορείῳ
1186 609 1419 663 παρεκάλει
1460 611 1603 651 καλεῖ-
1653 626 1658 632 ·

253 682 365 721 σθαί
398 695 442 721 τε
481 681 558 721 τὸν
595 680 799 734 Εὔτυχον
836 678 908 721 καὶ
950 678 1237 730 ἐξετάζεσθαι.
1307 680 1451 734 <186>
1491 679 1513 721 ὃ
1554 679 1607 721 δέ

249 748 365 792 (ἀλλ’
414 755 546 792 ἴστων
585 749 685 804 μέν’
732 747 872 803 εἶπεν,
918 745 1166 804 εἈντωνία,
1211 751 1256 792 οἱ
1292 748 1393 792 θεοὶ
1435 750 1501 792 ὅτι
1542 751 1600 805 μὴ

248 823 403 877 γνώμῃ
432 827 482 876 τῇ
517 820 728 876 ἐμαυτοῦ,
769 820 936 876 ἀνάγκῃ
977 818 1024 861 δὲ
1062 826 1137 874 τῆς
1176 826 1254 875 σῆς
1290 823 1602 877 παρακλήσεως

251 891 511 946 ἐξαγόμενος
542 891 689 947 πράξω
722 892 774 933 τὰ
806 890 1137 947 πεπραξόμενα.’
1201 889 1320 933 ταῦτ’
1358 892 1493 933 εἰπὼν
1534 907 1602 934 κε-

247 963 364 1004 λεύει
389 962 636 1019 4Μάκρωνα,
669 962 714 1011 ὃς
740 965 942 1016 Σηιανοῦ
970 961 1174 1017 διάδοχος
1198 958 1270 1016 ἧν,
1296 963 1373 1004 τὸν
1399 963 1602 1018 Εὔτυχον

1623 835 1655 860 10

247 1032 441 1086 ἀγαγεῖν.
498 1032 569 1074 καὶ
603 1032 624 1074 ὃ
657 1030 738 1087 μὲν
770 1030 905 1075 οὐδὲν
937 1034 997 1082 είς
1029 1031 1250 1088 ἀναβολὰς
1280 1040 1441 1088 παρῆν,
1480 1034 1602 1089 Τιβέ-
1652 1090 1656 1091 ⁷

248 1120 341 1159 ριος
383 1102 421 1145 δ’
466 1104 602 1146 αὐτὸν
643 1105 770 1159 ἤρετο
812 1106 857 1145 τί
893 1102 965 1145 καὶ
1003 1105 1089 1159 ε”χει
1128 1102 1272 1158 λέγειν
1310 1103 1401 1146 κατ’
1440 1104 1602 1160 ἀνδρὸς

246 1174 507 1229 ἐλευθερίαν
551 1175 668 1230 αὐτῷ
710 1177 1045 1230 παρεσχηκότος.
1109 1175 1267 1229 <187>
1309 1175 1330 1216 ὃ
1374 1173 1421 1216 δὲ
1463 1179 1600 1231 φησίν

247 1242 297 1286 (ὦ
331 1245 534 1299 δέσποτα,
566 1243 795 1301 ᾐωροῦντο
828 1243 908 1300 μὲν
936 1241 1002 1300 ἐφ’
1035 1244 1197 1300 ἀμάξης
1229 1246 1362 1295 Γάιός
1392 1245 1441 1288 θ’
1471 1243 1601 1298 οὗτος

246 1315 317 1358 καὶ
346 1314 584 1372 Ἀγρίππας
616 1318 699 1358 σὺν
732 1316 870 1373 αὐτῷ,
902 1318 979 1358 καί
1007 1327 1135 1370 σφων
1168 1314 1325 1371 ἑζόμην
1356 1318 1473 1372 παρα
1504 1326 1600 1360 τοῖν

245 1388 426 1442 ποδοῖν,
464 1389 609 1442 λόγων
641 1403 685 1428 τε
723 1390 900 1429 πολλῶν
932 1386 1334 1442 ἀνακυκλουμένων
1361 1385 1601 1443 Ἀγρίππας

246 1456 355 1512 φησὶ
386 1460 496 1513 πρὸς
527 1458 684 1512 Γάιον,
722 1459 763 1499 εἰ
799 1459 881 1513 γὰρ
921 1457 1123 1513 ἀφίκοιτό
1154 1456 1259 1500 ποθ’
1298 1457 1437 1514 ημέρα
1468 1453 1495 1515 ᾖ
1527 1475 1600 1514 με-

244 1528 401 1577 ταστοὶς
446 1528 468 1570 ὁ
513 1527 656 1583 γε’ρων
701 1525 829 1578 οὗτος
872 1530 1144 1583 χειροτονοίη
1191 1539 1238 1570 σε
1287 1529 1481 1584 ἡγεμόνα
1525 1536 1600 1584 τῆς

246 1598 522 1654 οἰκουμένης·
557 1596 689 1640 οὐδὲν
722 1599 805 1652 γὰρ
838 1598 944 1653 ἡμῖν
982 1597 1182 1653 Τιβέριος
1214 1599 1236 1641 ὁ
1268 1600 1432 1649 υἱωνὸς
1463 1600 1599 1643 αὐτοῦ

245 1666 404 1723 γένοιτ’
436 1669 490 1711 ἂν
524 1669 727 1724 ἐμποδὼν
754 1669 838 1711 ὑπὸ
866 1675 946 1711 σοῦ
972 1672 1204 1724 τελευτῶν,
1235 1668 1307 1711 καὶ
1333 1671 1359 1724 ἥ
1385 1669 1421 1712 τ’
1454 1673 1599 1714 οἰκου-

245 1739 352 1794 μένη
392 1738 551 1794 γένοιτ’
590 1739 644 1781 ἂν
682 1742 896 1795 μακαρία,
937 1739 1056 1793 κάγὼ
1094 1741 1179 1795 πρὸ
1218 1740 1377 1794 αὐτῆς.’
1442 1742 1599 1797 <188>

251 1809 449 1866 Τιβέριος
489 1809 537 1853 δὲ
575 1811 706 1853 πιστὰ
743 1811 1018 1866 ἡγησάμενος
1048 1812 1101 1852 τὰ
1133 1810 1359 1866 εἰρημένα,
1405 1811 1477 1854 καὶ
1509 1813 1598 1867 ἅμα

244 1888 377 1936 μῆνιν
416 1881 651 1938 ἀναφέρων
688 1888 747 1939 τῷ
783 1880 997 1938 Ἀγρίππα
1038 1882 1249 1936 παλαιάν,
1295 1883 1408 1924 διότι
1432 1884 1595 1932 ,κελεύ-

244 1964 402 2002 σαντος
434 1953 571 1995 αὐτοῦ
601 1954 868 2009 θεραπεύειν
907 1952 1125 2008 Τιβέριον,
1161 1953 1327 1995 υἱωνὸν
1359 1953 1496 1995 αὐτοῦ
1528 1969 1597 2007 γε-

218 2021 405 2075 ’γονότα
454 2022 526 2064 καὶ
570 2024 781 2077 Δρούσου
830 2024 965 2065 παῖδα
1016 2024 1141 2077 ὄντα,
1192 2024 1215 2065 ὁ
1255 2022 1492 2078 Ἀγρίππας
1542 2023 1596 2066 οὐ

242 2096 395 2147 τιμίως
426 2091 502 2147 ἦγε
535 2095 952 2149 παρακροασάμενος
983 2094 1059 2144 τὰς
1090 2094 1289 2149 ἐντολάς,
1320 2093 1393 2135 καὶ
1424 2101 1507 2144 πᾶς
1538 2095 1596 2144 ὡς

241 2165 320 2205 τὸν
359 2164 497 2206 Γάιον
539 2165 810 2219 μετεκάθιζε,
853 2162 1150 2219 ’τοῦτονμὲν
1192 2163 1266 2218 δή’
1305 2166 1433 2219 φησί,
1479 2164 1596 2206 ςΜά-

1622 1189 1655 1215 15

1620 1544 1654 1568 20

1617 1895 1650 1920 25

241 2250 382 2289 κρων,
421 2235 586 2288 δῆσονῖ
649 2235 794 2289 <189>
833 2236 1034 2290 Μάκρων
1073 2233 1121 2276 δὲ
1159 2237 1207 2277 τὸ
1248 2232 1328 2290 μὲν
1361 2235 1414 2277 οὐ
1447 2242 1596 2290 σαφῶς
1614 2247 1648 2273 30

241 2303 395 2346 ὅντινα
426 2304 708 2360 προστάξειεν
742 2305 1086 2360 ἐξεπιστάμενος,
1117 2307 1165 2348 τὸ
1199 2303 1241 2347 δ’
1274 2305 1354 2347 οὐκ
1380 2305 1435 2347 ἂν
1460 2317 1595 2361 προσ-
