1732 2526
160 1171 207 1202 39

242 65 327 106 346
793 64 1021 98 mmmm*

239 184 304 214 σει
346 177 398 227 τῇ
443 170 600 213 ἑαυτοῦ
639 172 996 227 διορθώσασθαι,
1039 173 1166 226 φίλος
1208 187 1254 213 τε
1298 171 1481 221 παλαιὸς
1518 177 1577 228 τῷ

233 241 415 298 Ἰωάννῃ
442 240 513 284 καὶ
540 243 752 296 συνήθης,
777 244 884 296 πρὸς
911 240 985 296 ἐμὲ
1012 239 1059 283 δὲ
1087 244 1180 284 τότε
1207 243 1431 297 διαφόρως
1451 238 1579 297 εἶχεν.

236 313 380 366 <193>
413 312 646 365 δεξάμενος
677 309 758 354 οὗν
788 313 869 366 τὴν
894 312 1166 365 παράκλησιν
1192 314 1340 354 ἔπειθε
1371 314 1473 362 τοὺς
1504 311 1579 366 ἀρ-

237 390 394 438 χιερεῖς
415 382 607 424 ’Ἀνανον
639 381 710 424 καὶ
738 381 909 436 Ἰησοῦν
940 384 1017 424 τὸν
1049 390 1127 425 τοῦ
1155 384 1349 437 Γαμαλᾶ,
1381 382 1502 432 τινάς
1532 398 1577 424 τε

237 460 324 495 τῶν
356 458 430 506 τῆς
462 453 595 507 αὐτῆς
626 453 816 502 στάσεως
849 453 1045 507 ἐκείνοις,
1077 452 1301 495 ἐκκόπτειν
1332 468 1383 507 με
1415 455 1578 508 φυόμε-

237 539 317 565 νον
348 522 420 564 καὶ
452 524 510 577 μὴ
542 524 757 577 περιιδεῖν
789 522 858 564 ἐπὶ
897 526 1108 577 μήκιστον
1147 521 1394 576 αὐξηθέντα
1435 522 1578 577 δόξης,

238 595 461 635 συνοίσειν
493 594 642 642 αὐτοῖς
674 592 813 647 λέγων
845 595 886 635 εἰ
916 600 991 647 τῆς
1010 595 1244 643 Γαλιλαίας
1276 593 1577 648 ἀφαιρεθείην.

237 665 293 718 μὴ
333 663 507 718 μέλλειν
547 662 595 705 δὲ
632 664 864 717 παρεκάλει
901 666 1003 712 τοὺς
1039 663 1138 719 περὶ
1174 665 1251 705 τὸν
1272 661 1477 718 Ἄνανον,
1519 666 1576 719 μὴ

235 733 307 776 καὶ
351 735 528 788 φθάσας
571 741 737 787 γνῶναι
782 735 887 788 μετὰ
930 737 1093 788 πολλῆς
1137 733 1308 776 ἐπέλθω
1353 740 1404 789 τῇ
1453 737 1577 777 πόλει

236 805 473 859 δυνάμεως.
536 805 678 858 <194>
712 804 734 846 ὁ
767 802 847 859 μὲν
879 807 1034 858 Σίμων
1071 811 1204 846 ταῦτα
1243 805 1577 859 συνεβούλευεν,

236 876 259 916 ὁ
293 873 332 915 δ’
369 875 594 930 ἀρχιερεὺς
614 874 802 923 ’Ἀνανος
834 874 887 916 οὐ
913 873 1070 930 ῥᾴδιον
1096 871 1207 916 εἶναι
1232 875 1280 916 τὸ
1314 876 1445 928 ἔργον
1476 874 1577 916 ἀπέ-

235 957 409 999 φαινεν·
441 947 633 994 πολλοὺς
664 946 746 999 γὰρ
778 952 866 986 τῶν
893 943 1129 999 ἀρχιερέων
1161 942 1233 986 καὶ
1264 952 1343 987 τοῦ
1377 947 1576 999 πλήθους

234 1022 508 1067 προεστῶτας
533 1023 771 1069 μαρτυρεῖν
797 1016 863 1057 ὅτι
888 1019 1030 1064 καλῶς
1056 1015 1139 1068 ἐγὼ
1168 1023 1410 1069 στρατηγῶ·
1441 1024 1577 1058 ποιεῖ-

236 1090 341 1127 σθαι
386 1084 434 1127 δὲ
484 1088 748 1140 κατηγορίαν
793 1085 954 1139 ἀνδρὸς
996 1083 1098 1127 καθ’
1148 1082 1201 1126 οὗ
1245 1085 1383 1140 μηδὲν
1433 1085 1576 1140 λέγειν

236 1157 407 1198 δίκαιον
440 1157 665 1209 δύνανται,
699 1160 871 1209 φαῦλον
903 1158 1032 1210 ἔργον
1059 1153 1183 1197 εἶναι.
1241 1157 1384 1211 <195>
1419 1159 1575 1211 Σίμων

236 1225 273 1268 δ’
319 1228 376 1276 ὡς
413 1228 571 1280 ἤκουσε
609 1233 744 1268 ταῦτα
781 1227 897 1280 παρὰ
934 1232 1013 1268 τοῦ
1046 1225 1250 1279 Ἀνάνου,
1289 1232 1457 1268 σιωπᾶν
1496 1224 1576 1280 μὲν

235 1296 427 1346 ἐκείνους
452 1297 608 1351 ἠξίωσε
635 1295 734 1350 μηδ’
768 1298 829 1346 εἰς
853 1298 1044 1346 πολλοὺς
1069 1295 1269 1351 ἐκφέρειν
1296 1298 1399 1346 τοὺς
1418 1299 1577 1351 λόγους

235 1368 396 1409 αὐτῶν·
428 1369 757 1421 προνοήσεσθαι
789 1367 872 1420 γὰρ
905 1367 1036 1416 αὐτὸς
1077 1368 1267 1420 ἔφασκεν
1307 1367 1380 1407 ἴνα
1411 1371 1576 1410 θᾶττον

235 1440 552 1492 μετασταθείην
584 1437 630 1479 ἐκ
670 1444 744 1491 τῆς
784 1439 825 1478 Γ
821 1439 1028 1486 αλιλαιάς.
1089 1437 1496 1492 προσκαλεσάμενος
1528 1435 1577 1479 δὲ

234 1510 310 1551 τὸν
343 1508 536 1562 ἀδελφὸν
568 1514 646 1549 τοῦ
674 1506 882 1549 Ἰωάννου
913 1506 1148 1562 προσέταξε
1188 1506 1373 1562 πέμπειν
1412 1508 1578 1562 δωρεὰς

234 1586 325 1629 τοῖς
367 1577 466 1633 περὶ
506 1580 583 1620 τὸν
612 1577 824 1620 ’'Avavov·
868 1578 976 1634 τάχα
1007 1579 1089 1633 γὰρ
1123 1578 1260 1627 οὕτως
1291 1580 1372 1633 ἔφη
1411 1580 1576 1620 πείσειν

234 1650 394 1699 αὐτοὺς
437 1647 707 1703 μεταθέσθαι
750 1649 826 1698 τὰς
875 1650 1060 1702 γνώμας.
1094 1699 1096 1701 ¹
1131 1649 1284 1702 (196)
1333 1647 1404 1690 καὶ
1453 1652 1576 1699 τέλος

235 1720 418 1774 ἔπραξεν
456 1720 478 1761 ὁ
517 1722 672 1773 Σίμων
710 1718 732 1760 ὃ
774 1720 1012 1772 προύθετο·
1052 1719 1074 1761 ὁ
1108 1720 1189 1773 γὰρ
1214 1717 1398 1768 ’Ἁνανος
1429 1718 1501 1760 καὶ
1533 1721 1579 1762 οἱ

235 1792 318 1831 σὺν
350 1790 467 1845 αὐτῷ
500 1797 589 1839 τοῖς
620 1790 807 1844 χρήμασι
841 1787 1161 1844 διαφθαρέντες
1192 1791 1476 1831 συντίθενται
1502 1796 1576 1844 τῆς

235 1862 470 1909 Γαλιλαίας
503 1859 702 1915 ἐκβαλεῖν
735 1875 800 1913 με,
839 1860 1027 1914 μηδενὸς
1063 1860 1199 1901 ἄλλου
1237 1867 1325 1901 τῶν
1356 1861 1463 1901 κατὰ
1494 1861 1574 1914 τὴν

233 1933 363 1972 πόλιν
395 1936 523 1972 τοῦτο
551 1931 882 1984 γιγνώσκοντος.
926 1929 997 1971 καὶ
1031 1931 1084 1983 δὴ
1112 1929 1261 1980 ἔδοξεν
1293 1930 1440 1979 αὐτοῖς
1470 1929 1575 1984 πέμ-

233 2015 332 2041 πειν
365 2001 528 2054 ἄνδρας
564 2001 672 2042 κατὰ
709 2000 837 2054 γένος
873 1998 953 2054 μὲν
995 1999 1285 2055 διαφέροντας
1316 2006 1367 2055 τῇ
1398 2001 1575 2055 παιδεία

235 2068 274 2112 δ’
312 2072 502 2125 ὁμοίους.
566 2071 708 2124 <197>
740 2068 852 2124 ἦσαν
890 2068 928 2112 δ’
973 2070 1118 2112 αὐτῶν
1156 2068 1309 2125 οἱμὲν
1347 2069 1575 2125 δημοτικοὶ

235 2142 332 2195 δύο,
361 2138 570 2194 Ἰωνάθης
600 2139 671 2181 καὶ
700 2137 914 2193 Ἀνανίας,
948 2143 1184 2193 Φαρισαῖοι
1221 2142 1300 2195 τὴν
1333 2142 1517 2194 αἵρεσιν,
1549 2140 1572 2182 ὁ

1599 818 1630 842 10

1596 1170 1629 1194 15

1596 1522 1629 1546 20

1595 1872 1628 1897 25

235 2209 283 2253 δὲ
327 2214 468 2265 τρίτος
506 2209 691 2265 Ἰόζαρος
735 2212 953 2266 ἱερατικοῦ
998 2210 1174 2265 γένους,
1220 2214 1460 2266 Φαρισαῖος
1502 2209 1573 2253 καὶ
1592 2223 1627 2247 30

329 2295 347 2333 ξ
375 2294 441 2325 196
468 2290 512 2325 cf.
539 2291 630 2325 Bell.
658 2291 735 2326 Iud.
763 2291 795 2324 H
822 2295 876 2335 21,
906 2295 934 2326 7.
