1732 2526
605 567 824 611 ΒΙΒΛΟΣ
863 568 1137 610 ΕΙΚΟΣΤΗ.

145 680 167 720 1
282 676 367 730 <1>
405 676 755 728 Τελευτήσαντος
788 671 835 715 δὲ
867 680 946 716 τοῦ
972 673 1185 729 βασιλέως
1206 673 1435 731 Ἀγρίππα,
1466 692 1540 718 κα-

189 748 284 796 θὼς
322 745 370 788 ἐν
407 751 458 800 τῇ
497 746 581 800 πρὸ
614 745 772 798 ταύτης
813 744 1145 799 ἀπηγγέλκαμεν
1182 747 1343 803 βίβλῳ,
1383 745 1541 801 πέμπει

191 817 363 874 Μάρσῳ
399 815 608 871 διάδοχον
636 816 859 865 Κλαύδιος
886 817 1058 870 Καῖσαρ
1080 816 1278 858 Κάσσιον
1299 819 1540 871 Λογγῖνον,

189 888 338 943 μνήμῃ
368 893 419 942 τῇ
451 893 530 929 τοῦ
562 885 778 940 βασιλέως
808 893 937 929 τοῦτο
971 888 1264 942 χαριζόμενος,
1296 888 1436 929 πολλὰ
1466 888 1539 929 διὰ

190 958 457 1013 γραμμάτων
484 954 557 999 ὑπ’
594 957 730 998 αὐτοῦ
756 959 986 1012 περιόντος
1012 956 1218 1007 ἀξιωθεὶς
1243 957 1393 1012 μηκέτι
1413 958 1539 1011 Μάρ-
1577 970 1593 996 5

189 1040 271 1071 σον
308 1035 397 1070 τῶν
437 1028 544 1069 κατὰ
587 1029 668 1082 τὴν
708 1029 881 1082 Συρίαν
922 1027 1188 1083 πραγμάτων
1231 1031 1540 1083 προΐστασθαι.
1580 1047 1583 1049 ’

189 1099 276 1154 <2>
311 1099 460 1147 Φᾶδος
493 1094 532 1140 δ’
564 1099 621 1147 ὡς
648 1099 708 1147 εἰς
733 1099 812 1151 τὴν
833 1095 1055 1140 Ἰουδαίαν
1082 1097 1313 1153 ἐπίτροπος
1344 1099 1540 1154 ἀφίκετο,

188 1169 512 1224 καταλαμβάνει
545 1168 864 1218 στασιάσαντας
905 1170 1008 1217 τοὺς
1046 1169 1126 1222 τὴν
1159 1172 1357 1224 Περαίαν
1398 1186 1540 1212 κατοι-

189 1246 376 1290 κοῦντας
415 1238 660 1289 Ἰουδαίους
703 1241 812 1295 πρὸς
860 1240 1225 1294 Φιλαδελφηνοὺς
1274 1239 1373 1295 περὶ
1424 1241 1541 1295 ὅρων

188 1312 335 1365 κώμης
372 1313 494 1360 Μιᾶς
534 1309 785 1364 λεγομένης,
823 1313 1072 1364 πολεμικῶν
1114 1309 1291 1364 ἀνδρῶν
1324 1310 1538 1354 ἀνάπλεω.
1562 1324 1595 1349 10

189 1380 261 1423 καὶ
294 1381 347 1435 δὴ
382 1381 428 1423 οί
455 1387 530 1435 τῆς
555 1383 751 1436 Περαίας
776 1379 908 1436 χωρὶς
934 1381 1109 1434 γνώμης
1133 1386 1209 1433 τῆς
1233 1388 1322 1422 τῶν
1353 1383 1540 1438 πρώτων

189 1451 367 1506 ἀνδρῶν
410 1450 511 1507 παρ’
557 1452 707 1500 αὐτοῖς
747 1451 1041 1505 ἀναλαβόντες
1081 1452 1132 1492 τὰ
1177 1450 1308 1505 ὅπλα,
1350 1455 1541 1503 πολλοὺς

187 1530 277 1565 τῶν
317 1523 669 1576 Φιλαδελφηνῶν
711 1523 1039 1577 διαφθείρουσι.
1107 1521 1194 1575 <3>
1226 1529 1360 1564 ταῦτα
1397 1525 1538 1566 πυθό-

188 1609 323 1648 μενον
367 1594 445 1634 τὸν
493 1593 645 1634 Φᾶδον
691 1593 864 1648 σφόδρα
911 1592 1194 1647 παρώξυνεν,
1240 1592 1306 1634 ὅτι
1357 1595 1414 1648 μὴ
1458 1595 1539 1648 τὴν

187 1666 335 1719 κρίσιν
369 1663 486 1720 αὐτῷ
518 1666 821 1718 παραλίποιεν,
855 1667 974 1718 εἴπερ
1013 1663 1098 1705 ὑπὸ
1140 1671 1228 1705 τῶν
1262 1665 1539 1719 Φιλαδελφη-
1561 1675 1593 1702 15

187 1741 280 1775 νῶν
312 1733 514 1788 ἐνόμιζον
547 1733 814 1788 ἀδικεῖσθαι,
846 1730 941 1775 ἀλλ’
979 1733 1117 1783 ἀδεῶς
1150 1732 1217 1788 ἐφ’
1254 1734 1366 1776 ὅπλα
1397 1737 1538 1791 χωρή-

190 1816 327 1847 σειαν.
389 1805 474 1858 <4>
516 1805 665 1859 λαβὼν
711 1801 792 1846 οὖν
836 1811 951 1859 τρεῖς
994 1806 1096 1854 τοὺς
1139 1805 1338 1860 πρώτους
1379 1806 1539 1859 αὐτῶν,

187 1877 291 1924 τοὺς
322 1874 395 1916 καὶ
426 1880 501 1929 τῆς
533 1875 724 1925 στάσεως
756 1876 938 1929 αἰτίους,
972 1876 1101 1929 δῆσαι
1137 1874 1418 1929 προσέταξεν·
1452 1876 1536 1930 <5>

188 1943 279 1988 εἶτα
317 1946 395 1987 τὸν
434 1943 513 1999 μὲν
559 1945 704 1987 αὐτῶν
750 1945 923 1987 ἀνεῖλεν
964 1942 1184 2001 (Ἀννίβας
1222 1943 1259 1986 δ’
1304 1943 1360 2000 ἣν
1399 1946 1537 2000 ὄνομα

187 2015 366 2073 τούτῳ),
393 2014 626 2073 Ἀμαράμῳ
660 2013 708 2057 δὲ
739 2014 811 2058 καὶ
845 2014 1083 2073 Ἐλεαζάρῳ
1122 2023 1212 2065 τοῖς
1254 2014 1356 2057 δυσὶ
1387 2017 1536 2070 φυγὴν
1557 2029 1590 2054 20

189 2086 411 2141 ἐπέβαλεν.
475 2086 717 2141 ἀναιρεῖται
750 2084 798 2128 δὲ
830 2085 901 2128 καὶ
935 2090 1182 2141 Θολομαῖος
1220 2086 1242 2128 ὁ
1275 2085 1536 2142 ἀρχιλῃστὴς

191 2156 280 2212 μετ’
318 2157 370 2199 οὐ
403 2158 544 2198 πολὺν
576 2158 739 2211 χρόνον
771 2155 923 2211 ἀχθεὶς
956 2155 1132 2211 δέσμιος
1159 2154 1227 2198 ἐπ’
1262 2156 1410 2211 αὐτόν,
1443 2158 1537 2198 δια-

185 2227 398 2276 τεθεικὼς
429 2226 609 2281 μέγιστα
642 2228 750 2268 κακὰ
782 2227 861 2280 τὴν
890 2225 1142 2282 Ἰδουμαίαν
1182 2225 1253 2269 καὶ
1285 2229 1386 2276 τοὺς
1406 2226 1537 2283 ’Ἁρα-

184 2301 275 2353 βας.
339 2297 568 2353 ἐκαθάρθη
601 2313 645 2339 τε
679 2299 930 2352 λῃστηρίων
968 2304 1084 2339 πᾶσα
1125 2297 1393 2339 τούντεῦθεν
1431 2299 1458 2352 ἥ
1490 2314 1536 2340 τε
