1732 2526
518 74 961 126 ENNEAKAIAEKATH
1326 91 1412 132 255

62 197 110 241 δὲ
156 200 331 241 δίκαιον
375 201 539 255 κρίνων
589 201 806 254 μηδεμίαν
856 197 965 254 μηδὲ
1003 198 1237 254 Ἑλληνίδα
1281 201 1411 241 πόλιν

60 277 147 311 τῶν
173 271 357 312 δικαίων
388 271 556 313 τούτων
588 269 925 325 ἀποτυγχάνειν,
958 269 1106 324 ἐπειδὴ
1132 268 1205 310 καὶ
1232 268 1300 311 ἐπὶ
1333 275 1412 311 τοῦ

60 342 188 383 θείου
223 343 451 395 Σεβαστοῦ
489 340 640 390 αὐταῖς
676 337 732 394 ἦν
764 342 1048 394 τετηρημένα·
1097 340 1239 393 <290>
1272 343 1413 389 καλῶς

5 445 8 449 .
60 407 142 452 οὖν
181 412 296 466 ἔχειν
332 409 404 452 καὶ
432 407 673 460 Ἰουδαίους
710 412 812 460 τοὺς
851 410 898 452 ἐν
935 409 1066 452 παντὶ
1097 417 1155 467 τῷ
1188 408 1264 464 ὑφ’
1302 410 1414 464 ἡμᾶς

24 483 208 539 ὁκόσμῳ
249 482 301 523 τὰ
342 481 501 536 πάτρια
539 483 621 535 ε”θη
661 481 994 530 ἀνεπικωλύτως
1036 481 1302 535 φυλάσσειν,
1347 474 1412 529 οἷς

59 550 132 593 καὶ
164 552 312 602 αὐτοῖς
342 553 426 606 ἤδη
458 559 543 594 νῦν
575 550 861 606 παραγγέλλω
895 568 980 606 μου
1008 553 1140 607 ταύτῃ
1174 558 1222 606 τῇ
1255 554 1412 606 φιλαν-

60 625 237 679 θρωπία
269 622 588 678 ἐπιεικέστερον
620 627 826 678 χρῆσθαι,
856 622 928 664 καὶ
961 624 1018 677 μὴ
1050 623 1125 671 τὰς
1151 630 1237 663 τῶν
1264 623 1411 663 ἄλλων

60 691 208 734 ἐθνῶν
241 694 586 748 δεισιδαιμονίας
614 694 917 747 ἐξουδενίζειν,
949 696 1052 743 τοὺς
1085 694 1226 742 ἰδίους
1258 690 1305 734 δὲ
1338 694 1411 733 vd-

59 778 169 817 μους
200 763 458 818 φυλάσσειν.
520 765 663 818 <291>
696 765 825 806 τοῦτό
863 779 948 818 μου
981 765 1028 806 τὸ
1063 764 1278 818 διάταγμα
1310 764 1413 811 τοὺς

10 848 42 874 10
62 833 276 888 ἄρχοντας
312 841 400 876 τῶν
438 836 609 877 πόλεων
647 833 718 876 καὶ
756 842 843 876 τῶν
881 838 1108 876 κολωνιῶν
1146 832 1218 875 καὶ
1259 849 1412 888 μουνι-

59 906 218 946 κιπίων
250 912 337 946 τῶν
371 905 418 946 ἐν
456 911 507 960 τῇ
535 903 696 961 Ἰταλία
734 904 804 947 καὶ
842 913 930 947 τῶν
962 905 1103 959 ἐκτός,
1140 907 1335 958 βασιλεῖς
1366 918 1410 945 τε

59 973 131 1016 καὶ
165 975 383 1024 δυνάστας
415 976 488 1017 διὰ
519 982 606 1017 τῶν
640 976 767 1017 ἰδίων
792 978 1072 1030 πρεσβευτῶν
1105 974 1411 1029 ἐγγράψασθαι

60 1045 297 1100 βούλομαι,
344 1045 595 1100 ἐκκείμενόν
638 1061 682 1087 τε
727 1047 842 1100 ἔχειν
886 1045 967 1087 οὐκ
1012 1047 1191 1088 ἔλαττον
1236 1045 1411 1100 ἡμερῶν

59 1116 309 1170 τριάκοντα,
343 1116 452 1157 ὅθεν
486 1114 527 1165 ἐξ
563 1114 771 1158 ἐπιπέδου
797 1119 938 1166 καλῶς
963 1116 1309 1170 ἀναγνωσθῆναι
1336 1117 1412 1157 δυ’-

8 1201 41 1228 15
60 1186 214 1228 ναται.’

150 1257 294 1312 <292>
326 1258 497 1307 τούτοις
527 1255 607 1312 μὲν
641 1258 694 1312 δὴ
732 1265 823 1307 τοῖς
855 1258 1165 1312 διατάγμασιν,
1203 1258 1264 1307 εἰς
1291 1255 1406 1298 Ἀλε-
1433 1257 1459 1298 6

60 1327 295 1383 ξάνδρειάν
326 1343 370 1369 τε
402 1326 475 1369 καὶ
506 1327 586 1382 τὴν
619 1326 884 1382 οἰκουμένην
909 1334 1054 1369 πᾶσαν
1086 1327 1412 1381 ἀποσταλεῖσιν,

61 1397 280 1452 ἐδήλωσεν
324 1398 380 1451 ἣν
423 1397 520 1453 περὶ
557 1397 786 1441 Ἰουδαίων
831 1400 922 1453 ἔχοι
967 1400 1146 1453 γνώμην
1188 1399 1413 1448 Κλαύδιος

60 1471 252 1523 Καῖσαρ·
297 1468 450 1510 αὐτίκα
482 1466 530 1510 δὲ
559 1466 801 1524 Ἀγρίππαν
839 1469 1136 1530 κομιούμενον
1176 1470 1256 1523 τὴν
1288 1472 1412 1523 βασι-

7 1556 42 1581 20
61 1542 182 1582 λείαν
216 1538 286 1581 ἐπὶ
318 1546 461 1594 τιμαῖς
492 1539 810 1595 λαμπροτέραις
841 1539 1070 1594 ἐξέπεμψε,
1102 1547 1192 1589 τοϊς
1224 1539 1292 1581 ἐπὶ
1324 1547 1412 1581 τῶν

62 1610 281 1666 ἐπαρχιῶν
312 1610 494 1665 ἡγεμόσι
525 1609 596 1652 καὶ
628 1619 718 1660 τοῖς
751 1610 999 1664 ἐπιτρόποις
1040 1611 1114 1652 διὰ
1146 1611 1412 1665 γραμμάτων

64 1681 307 1730 ἐπιστείλας
350 1680 560 1737 ἐράσμιον
605 1681 740 1723 αὐτὸν
785 1682 920 1735 ἄγειν.
984 1681 1139 1735 <293>
1184 1681 1206 1722 ὃ
1253 1680 1310 1734 δ’,
1355 1681 1413 1730 ὡς

62 1753 178 1802 εἰκὸς
208 1749 264 1806 ἦν
296 1753 373 1794 τὸν
406 1750 475 1793 ἐπὶ
507 1754 722 1807 κρείττοσι
760 1753 909 1807 τύχαις
946 1751 1265 1807 ἀνερχόμενον,
1306 1753 1412 1807 μετὰ

62 1823 221 1878 τάχους
245 1821 529 1877 ὑπέστρεψεν.
579 1824 641 1872 εἰς
659 1821 943 1877 Ἱεροσόλυμα
971 1820 1010 1864 δ’
1039 1822 1186 1865 ἐλθὼν
1211 1835 1412 1878 χαριστη-

10 1910 43 1936 25
63 1896 187 1949 ρίους
218 1893 488 1948 ἐξεπλήρωσε
514 1896 675 1942 θυσίας
701 1891 832 1935 οὐδὲν
864 1901 952 1935 τῶν
978 1895 1084 1935 κατὰ
1110 1896 1249 1948 νόμον
1276 1894 1412 1936 ὁσίων

61 1965 332 2020 παραλιπών.
372 1965 517 2018 <294>
545 1965 614 2006 διὸ
640 1963 711 2005 καὶ
731 1966 984 2020 Ναζιραίων
1005 1964 1222 2020 ξυρᾶσθαι
1245 1963 1411 2014 διέταξε

62 2035 178 2090 μάλα
219 2036 428 2091 συχνούς,
474 2037 554 2089 τήν
593 2050 638 2077 τε
679 2042 848 2090 χρυσῆν
886 2036 1044 2077 ἅλυσιν
1081 2037 1160 2089 τὴν
1200 2035 1413 2077 δοθεῖσαν

63 2107 180 2164 αὐτῷ
213 2107 298 2149 ὑπὸ
332 2108 470 2148 Γαΐου
503 2107 774 2160 ἰσόσταθμον
806 2112 856 2161 τῇ
890 2107 1049 2162 σιδηρᾷ
1092 2101 1120 2161 ᾗ
1149 2106 1224 2155 τὰς
1254 2106 1412 2160 ἡγεμο-

2 2216 5 2217 7
62 2178 189 2227 νίδας
220 2184 366 2233 χεῖρας
391 2176 541 2232 ἐδέθη,
566 2183 641 2231 τῆς
667 2182 856 2230 στυγνῆς
881 2174 995 2219 εἶναι
1020 2177 1151 2232 τύχης
1175 2175 1412 2230 ὑπόμνημα

10 2264 45 2289 30
64 2245 136 2289 καὶ
180 2253 254 2301 τῆς
297 2246 367 2290 ἐπὶ
407 2249 455 2290 τὸ
496 2255 692 2303 κρεῖττον
733 2249 977 2303 μαρτυρίαν
1018 2249 1280 2301 μεταβολῆς,
1324 2254 1413 2288 τῶν

65 2317 194 2373 ἱερῶν
227 2318 350 2368 ἐντὸς
381 2316 647 2374 ἀνεκρέμασε
673 2319 920 2373 περιβόλων
951 2315 1061 2371 ὑπὲρ
1094 2319 1141 2359 τὸ
1168 2316 1412 2372 γαζοφυλά-
