1732 2526
717 70 832 102 ΒΙοΣ
1365 67 1447 108 371

102 181 362 230 τονηθῆναι,
395 178 449 217 σὺ
482 174 553 217 καὶ
585 175 743 224 πάντες
781 177 992 229 Τιβεριεῖς
1023 175 1076 216 οὐ
1109 178 1248 229 μόνον
1280 176 1451 229 ἀνειλή-

102 263 221 301 φειτε
249 248 299 288 τὰ
326 247 452 300 ὅπλα,
485 245 594 287 ἀλλὰ
625 244 698 287 καὶ
729 245 804 294 τὰς
835 244 883 286 ἐν
914 251 964 299 τῇ
993 248 1138 302 Συρία
1170 245 1274 287 δέκα
1304 249 1453 296 πόλεις

104 318 359 371 ἐπολεμεῖτε.
423 318 478 358 σὺ
530 322 640 370 γοῦν
690 316 764 365 τὰς
813 316 959 369 κώμας
1009 316 1154 357 αὐτῶν
1198 316 1451 371 ἐνέπρησας,

101 387 169 430 καὶ
205 389 228 430 ὁ
261 389 336 436 σὸς
367 385 536 441 οἰκέτης
569 385 637 428 ἐπὶ
669 392 746 440 τῆς
777 386 1053 440 παρατάξεως
1089 386 1254 441 ἐκείνης
1287 390 1451 429 ἔπεσεν.

65 474 80 499 5
101 459 245 511 <342>
277 464 411 499 ταῦτα
444 455 481 498 δ’
515 456 595 499 οὐκ
622 456 706 510 ἐγὼ
734 455 845 510 λέγω
872 459 1020 510 μόνος,
1052 455 1162 498 ἀλλὰ
1188 456 1260 498 καὶ
1287 457 1334 499 ἐν
1360 465 1452 507 τοῖς

96 528 401 570 ’ὅεσπασιανοῦ
433 535 512 569 τοῦ
544 527 866 582 αὐτοκράτορος
892 527 1203 581 ὑπομνήμασιν
1236 528 1350 569 οὕτω
1383 527 1452 582 γέ-

101 614 301 654 γραπται,
333 598 404 641 καὶ
435 601 535 640 τίνα
566 600 730 653 τρόπον
763 596 810 639 ἐν
843 599 1113 651 Πτολεμαΐδι
1141 594 1450 640 ’ὃεσπασιανοῦ

99 671 370 723 κατεβόησαν
414 669 460 711 οἱ
499 676 587 710 τῶν
632 667 736 709 δέκα
779 669 950 709 πόλεων
998 669 1186 723 ἔνοικοι,
1236 672 1449 724 τιμωρίαν

100 739 309 795 ὑποσχεῖν
341 751 389 781 σε
420 740 498 781 τὸν
531 743 672 781 αἴτιον
705 738 940 788 ἀξιοῦντες.
1005 740 1150 794 <343>
1188 738 1260 781 καὶ
1292 739 1450 781 ἐδεδώ-

48 826 80 850 ιο
99 825 187 859 κεις
218 809 273 851 ἂν
312 810 440 864 δίκην
467 807 775 851 ’ὅεσπασιανοῦ
813 809 1118 863 κελεύσαντος,
1155 811 1196 851 εἰ
1231 812 1288 865 μὴ
1327 813 1450 864 βασι-

100 882 200 929 λεὺς
227 878 481 934 Ἀγρίππας,
514 880 662 934 λαβὼν
695 879 898 930 ἐξουσίαν
930 879 1186 921 ἀποκτεῖναί
1214 892 1276 935 σε,
1308 882 1449 923 πολλοὶ

99 957 174 1004 τῆς
214 949 405 1005 ἀδελφῆς
435 952 672 1005 Βερενίκης
717 950 950 1004 δεηθείσης
991 950 1072 992 οὐκ
1114 950 1284 992 ἀνελὼν
1328 953 1450 993 δεδε-

100 1020 234 1075 μένον
267 1019 336 1062 ἐπὶ
367 1022 509 1062 πολὺν
534 1021 696 1075 χρόνον
722 1019 948 1074 ἐφύλαξεν.
999 1021 1143 1074 <344>
1175 1020 1246 1062 καὶ
1273 1022 1322 1062 αἱ
1343 1022 1451 1075 μετὰ

100 1098 234 1133 ταῦτα
267 1089 315 1132 δὲ
340 1093 559 1133 πολιτεῖαί
581 1102 661 1132 σου
688 1097 837 1144 σαφῶς
863 1089 1149 1145 ἐμφανίζουσι
1175 1093 1251 1133 τόν
1277 1107 1322 1133 τε
1348 1094 1450 1146 βίον

12 1180 16 1184 ·
49 1178 81 1203 15
101 1163 178 1204 τὸν
209 1162 367 1215 ἄλλον,
398 1159 470 1202 καὶ
503 1161 568 1202 ὅτι
602 1162 655 1202 σὺ
688 1161 768 1214 τὴν
799 1161 988 1215 πατρίδα
1013 1159 1236 1215 Ῥωμαίων
1268 1161 1450 1216 ἀπέστη-

102 1243 195 1282 σας·
229 1229 291 1274 ὧν
317 1233 367 1273 τὰ
393 1233 602 1286 τεκμήρια
628 1230 746 1284 κάγὼ
775 1231 959 1285 δηλώσω
986 1230 1076 1286 μετ’
1102 1231 1266 1285 ὀλίγον.
1303 1232 1449 1285 <345>

101 1303 316 1357 βούλομαι
358 1300 400 1344 δ’
447 1303 587 1343 εἰπεῖν
628 1299 699 1343 καὶ
739 1302 848 1356 πρὸς
888 1303 990 1351 τοὺς
1031 1302 1192 1351 ἄλλους
1238 1305 1452 1356 Τιβεριεῖς

102 1373 228 1426 ὀλίγα
266 1373 339 1414 διὰ
377 1371 445 1425 σέ,
482 1370 554 1413 καὶ
592 1377 864 1426 παραστῆσαι
903 1380 994 1421 τοῖς
1031 1371 1314 1427 ἐντυγχάνειν
1352 1373 1451 1427 μέλ-

102 1448 229 1485 λουσι
260 1450 354 1493 ταῖς
387 1443 596 1496 ἱστορίαις
627 1442 693 1483 ὅτι
725 1444 830 1496 μήτε
861 1443 1154 1496 φιλορώμαιοι
1187 1445 1291 1497 μήτε
1325 1447 1451 1497 φιλο-

48 1530 81 1555 20
101 1517 294 1568 βασιλεῖς
325 1515 543 1567 γεγόνατε.
599 1512 743 1566 <346>
774 1520 861 1554 τῶν
888 1512 935 1554 ἐν
961 1519 1010 1568 τῇ
1039 1515 1252 1570 Γαλιλαία
1277 1516 1451 1556 πόλεων

101 1585 150 1626 αἱ
183 1582 382 1639 μέγισται
414 1582 650 1638 Σέπφωρις
686 1581 759 1624 καὶ
803 1584 1003 1637 Τιβεριὰς
1039 1583 1065 1637 ἡ
1105 1585 1159 1638 σὴ
1196 1587 1370 1639 πατρίς,
1416 1582 1450 1626 ὦ

95 1653 276 1697 Ἰοῦστε·
321 1653 430 1696 ἀλλὰ
457 1652 695 1708 Σέπφωρις
721 1650 800 1707 μὲν
827 1652 875 1695 ἐν
907 1659 965 1710 τῷ
996 1654 1237 1712 μεσαιτάτῳ
1264 1661 1340 1709 τῆς
1367 1658 1407 1696 Γ
1403 1672 1450 1696 α-

102 1726 271 1774 λιλαίας
301 1722 476 1778 κειμένη
509 1722 581 1765 καὶ
612 1722 712 1778 περὶ
744 1723 882 1777 αὑτὴν
909 1725 1055 1778 κώμας
1080 1726 1240 1779 ἔχουσα
1271 1726 1451 1779 πολλάς,

101 1797 177 1836 καί
221 1810 263 1836 τι
311 1793 380 1835 καὶ
431 1794 739 1848 θρασύνεσθαι
783 1793 1007 1848 δυναμένη
1052 1796 1161 1848 πρὸς
1197 1793 1451 1850 Ῥωμαίους,

49 1881 81 1906 25
101 1870 220 1920 εἴπερ
264 1863 502 1919 ἠθέλησεν,
545 1863 753 1919 εὐχερῶς,
798 1865 1062 1917 διεγνωκυῖα
1105 1871 1157 1919 τῇ
1201 1865 1309 1919 πρὸς
1349 1868 1452 1915 τοὺς

103 1937 314 1985 δεσπότας
351 1933 551 1989 ἐμμένειν
588 1936 730 1976 πίστει
760 1932 869 1989 κάμὲ
906 1941 982 1989 τῆς
1012 1937 1179 1984 πόλεως
1208 1935 1353 1978 αὐτῶν
1386 1936 1450 1986 ἐξ-

103 2006 288 2060 έκλεισε,
330 2004 403 2047 καὶ
446 2006 802 2060 στρατεύσασθαί
840 2021 938 2047 τινα
983 2013 1070 2047 τῶν
1112 2009 1305 2048 πολιτῶν
1341 2005 1450 2049 Ἰου-

103 2078 243 2126 δαίοις
281 2075 518 2118 ἐκώλυσεν·
562 2075 718 2130 (347)
757 2076 874 2125 ὅπως
911 2074 957 2117 δὲ
995 2075 1068 2117 καὶ
1105 2077 1156 2118 τὰ
1193 2079 1301 2132 πρὸς
1338 2078 1451 2132 ἡμᾶς

103 2148 312 2203 ἀσφαλεῖς
343 2144 445 2200 εἶεν,
475 2146 702 2200 ἠπάτησάν
734 2162 785 2201 με
818 2149 1003 2202 τείχεσιν
1035 2147 1180 2189 αὐτῶν
1206 2148 1287 2202 τὴν
1318 2150 1450 2189 πόλιν

48 2232 83 2257 30
103 2219 324 2273 ὀχυρῶσαι
367 2215 700 2271 προτρέψαντες.
764 2216 837 2258 καὶ
879 2218 994 2273 παρὰ
1039 2220 1228 2260 Κεστίου
1274 2218 1449 2259 Γάλλου

102 2295 180 2332 τοῦ
224 2295 312 2330 τῶν
356 2287 404 2330 ἐν
443 2293 494 2342 τῇ
539 2290 683 2344 Συρία
719 2286 969 2342 Ῥωμαϊκῶν
1018 2289 1249 2344 ταγμάτων
1291 2289 1450 2343 ἡγεμο-

1166 2359 1237 2391 24*
