<?xml version="1.0" encoding="UTF-8"?>
<!DOCTYPE html PUBLIC "-//W3C//DTD XHTML 1.0 Transitional//EN"
    "http://www.w3.org/TR/xhtml1/DTD/xhtml1-transitional.dtd">
<html xmlns="http://www.w3.org/1999/xhtml" xml:lang="en" lang="en">
 <head>
  <title>
</title>
<meta http-equiv="Content-Type" content="text/html;charset=utf-8" />
  <meta name='ocr-system' content='tesseract 3.04.00' />
  <meta name='ocr-capabilities' content='ocr_page ocr_carea ocr_par ocr_line ocrx_word'/>
</head>
<body>
  <div class='ocr_page' id='page_1' title='image "./flaviiiosephiope04joseuoft_0308.png"; bbox 0 0 1732 2526; ppageno 0'>
   <div class='ocr_carea' id='block_1_1' title="bbox 235 51 1090 113">
    <p class='ocr_par' dir='ltr' id='par_1_1' title="bbox 235 51 1090 113">
     <span class='ocr_line' id='line_1_1' title="bbox 235 51 1090 113; baseline 0 -9"><span class='ocrx_word' id='word_1_1' title='bbox 235 72 322 113; x_wconf 77' lang='lat'><em>256</em></span> <span class='ocrx_word' id='word_1_2' title='bbox 671 51 678 59; x_wconf 73' lang='grc'>’</span> <span class='ocrx_word' id='word_1_3' title='bbox 727 71 1090 105; x_wconf 76' lang='grc' dir='ltr'><em>ΑΡΧΑΙοΛοΓῐΑΣ</em></span> 
     </span>
    </p>
   </div>
   <div class='ocr_carea' id='block_1_2' title="bbox 225 175 1581 1858">
    <p class='ocr_par' dir='ltr' id='par_1_2' title="bbox 231 175 1581 798">
     <span class='ocr_line' id='line_1_2' title="bbox 236 175 1579 233; baseline -0.001 -13"><span class='ocrx_word' id='word_1_4' title='bbox 236 195 350 232; x_wconf 89' lang='grc' dir='ltr'><em>κιον,</em></span> <span class='ocrx_word' id='word_1_5' title='bbox 381 175 439 220; x_wconf 80' lang='grc' dir='ltr'><em>ἵν’</em></span> <span class='ocrx_word' id='word_1_6' title='bbox 476 183 542 233; x_wconf 76' lang='grc' dir='ltr'><em>εἴη</em></span> <span class='ocrx_word' id='word_1_7' title='bbox 571 179 725 233; x_wconf 89' lang='grc' dir='ltr'><em>δεῖγμα</em></span> <span class='ocrx_word' id='word_1_8' title='bbox 751 177 822 220; x_wconf 85' lang='grc' dir='ltr'><em>καὶ</em></span> <span class='ocrx_word' id='word_1_9' title='bbox 847 183 926 220; x_wconf 88' lang='grc' dir='ltr'><em>τοῦ</em></span> <span class='ocrx_word' id='word_1_10' title='bbox 951 178 1002 220; x_wconf 84' lang='grc' dir='ltr'><em>τὰ</em></span> <span class='ocrx_word' id='word_1_11' title='bbox 1028 178 1193 232; x_wconf 86' lang='grc' dir='ltr'><em>μεγάλα</em></span> <span class='ocrx_word' id='word_1_12' title='bbox 1224 178 1451 219; x_wconf 88' lang='grc' dir='ltr'><em>δύνασθαί</em></span> <span class='ocrx_word' id='word_1_13' title='bbox 1477 190 1579 221; x_wconf 84' lang='grc' dir='ltr'><em>ποτε</em></span> 
     </span>
     <span class='ocr_line' id='line_1_3' title="bbox 234 246 1581 303; baseline 0 -12"><span class='ocrx_word' id='word_1_14' title='bbox 234 257 384 291; x_wconf 90' lang='grc' dir='ltr'><em>πεσεῖν</em></span> <span class='ocrx_word' id='word_1_15' title='bbox 410 246 482 290; x_wconf 87' lang='grc' dir='ltr'><em>καὶ</em></span> <span class='ocrx_word' id='word_1_16' title='bbox 508 254 586 291; x_wconf 90' lang='grc' dir='ltr'><em>τοῦ</em></span> <span class='ocrx_word' id='word_1_17' title='bbox 612 250 689 291; x_wconf 91' lang='grc' dir='ltr'><em>τὸν</em></span> <span class='ocrx_word' id='word_1_18' title='bbox 714 250 825 290; x_wconf 87' lang='grc' dir='ltr'><em>θεὸν</em></span> <span class='ocrx_word' id='word_1_19' title='bbox 852 247 1036 303; x_wconf 77' lang='grc' dir='ltr'><strong><em>ἐγείρειν</em></strong></span> <span class='ocrx_word' id='word_1_20' title='bbox 1062 249 1114 289; x_wconf 81' lang='grc' dir='ltr'><em>τὰ</em></span> <span class='ocrx_word' id='word_1_21' title='bbox 1138 250 1402 291; x_wconf 81' lang='grc' dir='ltr'><strong><em>πεπτωκότα.</em></strong></span> <span class='ocrx_word' id='word_1_22' title='bbox 1437 249 1581 303; x_wconf 82' lang='grc'>&lt;295&gt;</span> 
     </span>
     <span class='ocr_line' id='line_1_4' title="bbox 232 317 1579 375; baseline 0 -14"><span class='ocrx_word' id='word_1_23' title='bbox 232 326 339 361; x_wconf 84' lang='grc' dir='ltr'><em>πᾶσι</em></span> <span class='ocrx_word' id='word_1_24' title='bbox 376 320 460 375; x_wconf 78' lang='grc' dir='ltr'><em>γὰρ</em></span> <span class='ocrx_word' id='word_1_25' title='bbox 501 317 617 361; x_wconf 86' lang='grc' dir='ltr'><em>τοῦτ’</em></span> <span class='ocrx_word' id='word_1_26' title='bbox 660 319 914 374; x_wconf 79' lang='grc' dir='ltr'><em>ἐνεφάνιζεν</em></span> <span class='ocrx_word' id='word_1_27' title='bbox 952 319 978 372; x_wconf 87' lang='grc' dir='ltr'>ἡ</span> <span class='ocrx_word' id='word_1_28' title='bbox 1016 325 1090 372; x_wconf 84' lang='grc' dir='ltr'><em>τῆς</em></span> <span class='ocrx_word' id='word_1_29' title='bbox 1131 318 1326 369; x_wconf 77' lang='grc' dir='ltr'><em>ἁλύσεως</em></span> <span class='ocrx_word' id='word_1_30' title='bbox 1357 319 1579 373; x_wconf 78' lang='grc' dir='ltr'><em>ἀνάθεσις,</em></span> 
     </span>
     <span class='ocr_line' id='line_1_5' title="bbox 234 387 1578 445; baseline 0.001 -14"><span class='ocrx_word' id='word_1_31' title='bbox 234 391 301 431; x_wconf 79' lang='grc' dir='ltr'><em>ὅτι</em></span> <span class='ocrx_word' id='word_1_32' title='bbox 332 392 540 445; x_wconf 88' lang='grc' dir='ltr'><em>βασιλεὺς</em></span> <span class='ocrx_word' id='word_1_33' title='bbox 567 387 804 444; x_wconf 79' lang='grc' dir='ltr'><em>Ἀγρίππας</em></span> <span class='ocrx_word' id='word_1_34' title='bbox 835 388 919 431; x_wconf 88' lang='grc' dir='ltr'><em>ἀπὸ</em></span> <span class='ocrx_word' id='word_1_35' title='bbox 951 395 1107 444; x_wconf 81' lang='grc' dir='ltr'><em>μικρᾶς</em></span> <span class='ocrx_word' id='word_1_36' title='bbox 1145 390 1282 439; x_wconf 79' lang='grc' dir='ltr'><strong><em>αἰτίας</em></strong></span> <span class='ocrx_word' id='word_1_37' title='bbox 1325 392 1384 440; x_wconf 87' lang='grc' dir='ltr'><em>είς</em></span> <span class='ocrx_word' id='word_1_38' title='bbox 1417 391 1578 445; x_wconf 86' lang='grc' dir='ltr'><em>δεσμώ-</em></span> 
     </span>
     <span class='ocr_line' id='line_1_6' title="bbox 232 458 1580 515; baseline 0.001 -13"><span class='ocrx_word' id='word_1_39' title='bbox 232 477 314 515; x_wconf 92' lang='grc' dir='ltr'><em>την</em></span> <span class='ocrx_word' id='word_1_40' title='bbox 346 459 486 503; x_wconf 80' lang='grc' dir='ltr'><em>ἀπέδυ</em></span> <span class='ocrx_word' id='word_1_41' title='bbox 517 462 566 503; x_wconf 89' lang='grc' dir='ltr'><em>τὸ</em></span> <span class='ocrx_word' id='word_1_42' title='bbox 597 459 703 515; x_wconf 86' lang='grc' dir='ltr'><em>πρὶν</em></span> <span class='ocrx_word' id='word_1_43' title='bbox 736 460 918 514; x_wconf 81' lang='grc' dir='ltr'><em>ἀξίωμα,</em></span> <span class='ocrx_word' id='word_1_44' title='bbox 949 459 1022 501; x_wconf 86' lang='grc' dir='ltr'><em>καὶ</em></span> <span class='ocrx_word' id='word_1_45' title='bbox 1047 458 1138 514; x_wconf 79' lang='grc' dir='ltr'><em>μετ’</em></span> <span class='ocrx_word' id='word_1_46' title='bbox 1169 460 1321 514; x_wconf 92' lang='grc' dir='ltr'><em>ὀλίγον</em></span> <span class='ocrx_word' id='word_1_47' title='bbox 1346 466 1421 515; x_wconf 84' lang='grc' dir='ltr'><em>τῆς</em></span> <span class='ocrx_word' id='word_1_48' title='bbox 1445 459 1580 515; x_wconf 85' lang='grc' dir='ltr'><em>πέδης</em></span> 
     </span>
     <span class='ocr_line' id='line_1_7' title="bbox 233 531 1577 587; baseline 0.001 -14"><span class='ocrx_word' id='word_1_49' title='bbox 233 532 361 586; x_wconf 85' lang='grc' dir='ltr'><em>ἐκβὰς</em></span> <span class='ocrx_word' id='word_1_50' title='bbox 404 533 465 581; x_wconf 78' lang='grc' dir='ltr'><em>εἰς</em></span> <span class='ocrx_word' id='word_1_51' title='bbox 508 531 688 586; x_wconf 80' lang='grc' dir='ltr'><em>βασιλέα</em></span> <span class='ocrx_word' id='word_1_52' title='bbox 731 537 810 573; x_wconf 87' lang='grc' dir='ltr'><em>τοῦ</em></span> <span class='ocrx_word' id='word_1_53' title='bbox 859 531 991 572; x_wconf 88' lang='grc' dir='ltr'><em>πάλαι</em></span> <span class='ocrx_word' id='word_1_54' title='bbox 1037 533 1340 585; x_wconf 89' lang='grc' dir='ltr'><em>λαμπρότερον</em></span> <span class='ocrx_word' id='word_1_55' title='bbox 1390 531 1577 587; x_wconf 88' lang='grc' dir='ltr'><em>ἠγέρθη·</em></span> 
     </span>
     <span class='ocr_line' id='line_1_8' title="bbox 231 601 1579 657; baseline 0 -13"><span class='ocrx_word' id='word_1_56' title='bbox 231 603 389 656; x_wconf 77' lang='grc'>&lt;296&gt;</span> <span class='ocrx_word' id='word_1_57' title='bbox 435 603 508 643; x_wconf 79' lang='grc' dir='ltr'><em>διὰ</em></span> <span class='ocrx_word' id='word_1_58' title='bbox 552 603 722 644; x_wconf 90' lang='grc' dir='ltr'><em>τούτων</em></span> <span class='ocrx_word' id='word_1_59' title='bbox 765 601 1017 643; x_wconf 77' lang='grc' dir='ltr'><em>ἐννοεῖσθαι</em></span> <span class='ocrx_word' id='word_1_60' title='bbox 1063 602 1128 643; x_wconf 86' lang='grc' dir='ltr'><em>ὅτι</em></span> <span class='ocrx_word' id='word_1_61' title='bbox 1173 608 1248 656; x_wconf 79' lang='grc' dir='ltr'><em>τῆς</em></span> <span class='ocrx_word' id='word_1_62' title='bbox 1295 601 1579 657; x_wconf 79' lang='grc' dir='ltr'><em>ἀνθρωπίνης</em></span> 
     </span>
     <span class='ocr_line' id='line_1_9' title="bbox 231 671 1578 728; baseline 0.001 -14"><span class='ocrx_word' id='word_1_63' title='bbox 231 674 403 728; x_wconf 89' lang='grc' dir='ltr'><em>φύσεως</em></span> <span class='ocrx_word' id='word_1_64' title='bbox 434 671 505 714; x_wconf 84' lang='grc' dir='ltr'><em>καὶ</em></span> <span class='ocrx_word' id='word_1_65' title='bbox 536 678 672 714; x_wconf 82' lang='grc' dir='ltr'><em>πᾶσιν</em></span> <span class='ocrx_word' id='word_1_66' title='bbox 710 672 968 714; x_wconf 80' lang='grc' dir='ltr'><em>ὀλισθάνειν</em></span> <span class='ocrx_word' id='word_1_67' title='bbox 1006 673 1057 713; x_wconf 78' lang='grc' dir='ltr'><em>τὰ</em></span> <span class='ocrx_word' id='word_1_68' title='bbox 1090 671 1254 727; x_wconf 82' lang='grc' dir='ltr'><em>μεγέθη</em></span> <span class='ocrx_word' id='word_1_69' title='bbox 1293 672 1365 714; x_wconf 86' lang='grc' dir='ltr'><em>καὶ</em></span> <span class='ocrx_word' id='word_1_70' title='bbox 1404 674 1455 714; x_wconf 83' lang='grc' dir='ltr'><em>τὰ</em></span> <span class='ocrx_word' id='word_1_71' title='bbox 1487 676 1578 715; x_wconf 85' lang='grc' dir='ltr'><em>κλι-</em></span> 
     </span>
     <span class='ocr_line' id='line_1_10' title="bbox 231 740 1356 798; baseline 0.001 -13"><span class='ocrx_word' id='word_1_72' title='bbox 231 742 369 785; x_wconf 83' lang='grc' dir='ltr'><em>θέντα</em></span> <span class='ocrx_word' id='word_1_73' title='bbox 403 744 587 784; x_wconf 86' lang='grc' dir='ltr'><em>δύναται</em></span> <span class='ocrx_word' id='word_1_74' title='bbox 617 740 854 798; x_wconf 70' lang='grc' dir='ltr'><em>περιφανὲς</em></span> <span class='ocrx_word' id='word_1_75' title='bbox 884 742 1017 784; x_wconf 90' lang='grc' dir='ltr'><em>πάλιν</em></span> <span class='ocrx_word' id='word_1_76' title='bbox 1050 745 1201 797; x_wconf 81' lang='grc' dir='ltr'><em>λαβεῖν</em></span> <span class='ocrx_word' id='word_1_77' title='bbox 1232 743 1356 793; x_wconf 81' lang='grc' dir='ltr'><em>ὕψος.</em></span> 
     </span>
    </p>

    <p class='ocr_par' dir='ltr' id='par_1_3' title="bbox 226 809 1578 1574">
     <span class='ocr_line' id='line_1_11' title="bbox 321 809 1576 869; baseline 0.001 -14"><span class='ocrx_word' id='word_1_78' title='bbox 321 814 465 868; x_wconf 74' lang='grc'>&lt;297&gt;</span> <span class='ocrx_word' id='word_1_79' title='bbox 491 812 673 862; x_wconf 82' lang='grc' dir='ltr'><em>ἐντελῶς</em></span> <span class='ocrx_word' id='word_1_80' title='bbox 699 811 738 854; x_wconf 83' lang='grc' dir='ltr'><em>δ’</em></span> <span class='ocrx_word' id='word_1_81' title='bbox 771 809 852 855; x_wconf 77' lang='grc' dir='ltr'><em>οὖν</em></span> <span class='ocrx_word' id='word_1_82' title='bbox 871 814 1149 867; x_wconf 78' lang='grc' dir='ltr'><em>θρησκεύσας</em></span> <span class='ocrx_word' id='word_1_83' title='bbox 1174 815 1252 855; x_wconf 91' lang='grc' dir='ltr'><em>τὸν</em></span> <span class='ocrx_word' id='word_1_84' title='bbox 1276 816 1386 856; x_wconf 87' lang='grc' dir='ltr'><em>θεὸν</em></span> <span class='ocrx_word' id='word_1_85' title='bbox 1402 813 1576 869; x_wconf 89' lang='grc' dir='ltr'><em>Ἀγρίπ-</em></span> 
     </span>
     <span class='ocr_line' id='line_1_12' title="bbox 230 881 1577 939; baseline 0.001 -13"><span class='ocrx_word' id='word_1_86' title='bbox 230 899 312 934; x_wconf 91' lang='grc' dir='ltr'><em>πας</em></span> <span class='ocrx_word' id='word_1_87' title='bbox 343 886 563 939; x_wconf 82' lang='grc' dir='ltr'><em>Θεόφιλον</em></span> <span class='ocrx_word' id='word_1_88' title='bbox 597 881 676 937; x_wconf 75' lang='grc' dir='ltr'><em>μὲν</em></span> <span class='ocrx_word' id='word_1_89' title='bbox 708 885 785 925; x_wconf 89' lang='grc' dir='ltr'><em>τὸν</em></span> <span class='ocrx_word' id='word_1_90' title='bbox 812 881 1002 925; x_wconf 78' lang='grc' dir='ltr'><em>Ἀνάνου</em></span> <span class='ocrx_word' id='word_1_91' title='bbox 1033 890 1109 938; x_wconf 81' lang='grc' dir='ltr'><em>τῆς</em></span> <span class='ocrx_word' id='word_1_92' title='bbox 1147 884 1474 939; x_wconf 85' lang='grc' dir='ltr'><em>ἀρχιερωσύνης</em></span> <span class='ocrx_word' id='word_1_93' title='bbox 1505 901 1577 939; x_wconf 88' lang='grc' dir='ltr'><em>με-</em></span> 
     </span>
     <span class='ocr_line' id='line_1_13' title="bbox 229 951 1578 1012; baseline 0.001 -16"><span class='ocrx_word' id='word_1_94' title='bbox 229 954 426 1009; x_wconf 84' lang='grc' dir='ltr'><em>τέστησε,</em></span> <span class='ocrx_word' id='word_1_95' title='bbox 476 960 534 1010; x_wconf 79' lang='grc' dir='ltr'><em>τῷ</em></span> <span class='ocrx_word' id='word_1_96' title='bbox 581 951 629 995; x_wconf 74' lang='grc' dir='ltr'><em>δὲ</em></span> <span class='ocrx_word' id='word_1_97' title='bbox 673 956 856 1007; x_wconf 89' lang='grc' dir='ltr'><em>Βοηθοῦ</em></span> <span class='ocrx_word' id='word_1_98' title='bbox 904 956 1078 1009; x_wconf 86' lang='grc' dir='ltr'><em>Σίμωνι</em></span> <span class='ocrx_word' id='word_1_99' title='bbox 1129 952 1289 1012; x_wconf 80' lang='grc' dir='ltr'><em>(τούτῳ</em></span> <span class='ocrx_word' id='word_1_100' title='bbox 1334 956 1578 1011; x_wconf 81' lang='grc' dir='ltr'><em>Κανθηρᾶς</em></span> 
     </span>
     <span class='ocr_line' id='line_1_14' title="bbox 231 1022 1570 1081; baseline -0.001 -13"><span class='ocrx_word' id='word_1_101' title='bbox 231 1025 454 1080; x_wconf 83' lang='grc' dir='ltr'><em>ἐπίκλησις</em></span> <span class='ocrx_word' id='word_1_102' title='bbox 485 1022 560 1081; x_wconf 81' lang='grc' dir='ltr'><em>ἠν)</em></span> <span class='ocrx_word' id='word_1_103' title='bbox 592 1025 672 1079; x_wconf 85' lang='grc' dir='ltr'><em>τὴν</em></span> <span class='ocrx_word' id='word_1_104' title='bbox 705 1024 876 1067; x_wconf 88' lang='grc' dir='ltr'><em>ἐκείνου</em></span> <span class='ocrx_word' id='word_1_105' title='bbox 914 1024 1173 1080; x_wconf 89' lang='grc' dir='ltr'><em>προσένειμε</em></span> <span class='ocrx_word' id='word_1_106' title='bbox 1211 1027 1354 1080; x_wconf 87' lang='grc' dir='ltr'><em>τιμήν.</em></span> <span class='ocrx_word' id='word_1_107' title='bbox 1417 1026 1498 1067; x_wconf 90' lang='grc' dir='ltr'><em>δύο</em></span> <span class='ocrx_word' id='word_1_108' title='bbox 1532 1024 1570 1067; x_wconf 89' lang='grc' dir='ltr'><em>δ’</em></span> 
     </span>
     <span class='ocr_line' id='line_1_15' title="bbox 230 1093 1576 1152; baseline 0 -14"><span class='ocrx_word' id='word_1_109' title='bbox 230 1095 341 1150; x_wconf 73' lang='grc' dir='ltr'><em>ἦσαν</em></span> <span class='ocrx_word' id='word_1_110' title='bbox 381 1094 568 1150; x_wconf 84' lang='grc' dir='ltr'><em>ἀδελφοὶ</em></span> <span class='ocrx_word' id='word_1_111' title='bbox 604 1102 663 1151; x_wconf 78' lang='grc' dir='ltr'><em>τῷ</em></span> <span class='ocrx_word' id='word_1_112' title='bbox 702 1097 876 1150; x_wconf 85' lang='grc' dir='ltr'><em>Σίμωνι</em></span> <span class='ocrx_word' id='word_1_113' title='bbox 914 1095 985 1137; x_wconf 87' lang='grc' dir='ltr'><em>καὶ</em></span> <span class='ocrx_word' id='word_1_114' title='bbox 1026 1096 1167 1150; x_wconf 90' lang='grc' dir='ltr'><em>πατὴρ</em></span> <span class='ocrx_word' id='word_1_115' title='bbox 1206 1098 1396 1150; x_wconf 80' lang='grc' dir='ltr'><em>Βοηθός,</em></span> <span class='ocrx_word' id='word_1_116' title='bbox 1434 1093 1488 1138; x_wconf 83' lang='grc' dir='ltr'><em>οὗ</em></span> <span class='ocrx_word' id='word_1_117' title='bbox 1525 1102 1576 1152; x_wconf 79' lang='grc' dir='ltr'><em>τῇ</em></span> 
     </span>
     <span class='ocr_line' id='line_1_16' title="bbox 227 1163 1573 1222; baseline 0 -14"><span class='ocrx_word' id='word_1_118' title='bbox 227 1165 418 1221; x_wconf 86' lang='grc' dir='ltr'><em>θυγατρὶ</em></span> <span class='ocrx_word' id='word_1_119' title='bbox 463 1168 668 1220; x_wconf 90' lang='grc' dir='ltr'><em>βασιλεὺς</em></span> <span class='ocrx_word' id='word_1_120' title='bbox 712 1163 967 1222; x_wconf 76' lang='grc' dir='ltr'><em>συνῴκησεν</em></span> <span class='ocrx_word' id='word_1_121' title='bbox 1005 1164 1227 1220; x_wconf 63' lang='grc' dir='ltr'><em>“Ηρώδης,</em></span> <span class='ocrx_word' id='word_1_122' title='bbox 1267 1166 1326 1216; x_wconf 84' lang='grc' dir='ltr'><em>ὡς</em></span> <span class='ocrx_word' id='word_1_123' title='bbox 1369 1164 1573 1222; x_wconf 81' lang='grc' dir='ltr'><em>ἀνωτέρω</em></span> 
     </span>
     <span class='ocr_line' id='line_1_17' title="bbox 228 1233 1575 1291; baseline 0 -13"><span class='ocrx_word' id='word_1_124' title='bbox 228 1237 484 1290; x_wconf 85' lang='grc' dir='ltr'><em>δεδήλωται.</em></span> <span class='ocrx_word' id='word_1_125' title='bbox 545 1236 689 1289; x_wconf 80' lang='grc'>&lt;298&gt;</span> <span class='ocrx_word' id='word_1_126' title='bbox 718 1237 800 1277; x_wconf 90' lang='grc' dir='ltr'><em>σὺν</em></span> <span class='ocrx_word' id='word_1_127' title='bbox 832 1243 923 1285; x_wconf 89' lang='grc' dir='ltr'><em>τοῖς</em></span> <span class='ocrx_word' id='word_1_128' title='bbox 961 1235 1171 1290; x_wconf 74' lang='grc' dir='ltr'><em>ἀδελφοῖς</em></span> <span class='ocrx_word' id='word_1_129' title='bbox 1212 1233 1292 1278; x_wconf 84' lang='grc' dir='ltr'><em>οὖν</em></span> <span class='ocrx_word' id='word_1_130' title='bbox 1331 1237 1410 1290; x_wconf 88' lang='grc' dir='ltr'><em>τὴν</em></span> <span class='ocrx_word' id='word_1_131' title='bbox 1454 1236 1575 1291; x_wconf 74' lang='grc' dir='ltr'><em>ἱερω-</em></span> 
     </span>
     <span class='ocr_line' id='line_1_18' title="bbox 227 1305 1574 1362; baseline 0 -14"><span class='ocrx_word' id='word_1_132' title='bbox 227 1308 369 1361; x_wconf 85' lang='grc' dir='ltr'><em>σύνην</em></span> <span class='ocrx_word' id='word_1_133' title='bbox 413 1308 537 1362; x_wconf 78' lang='grc' dir='ltr'><em>ἔσχεν</em></span> <span class='ocrx_word' id='word_1_134' title='bbox 578 1306 600 1347; x_wconf 89' lang='grc' dir='ltr'>ὁ</span> <span class='ocrx_word' id='word_1_135' title='bbox 641 1308 797 1360; x_wconf 84' lang='grc' dir='ltr'><em>Σίμων</em></span> <span class='ocrx_word' id='word_1_136' title='bbox 834 1305 905 1348; x_wconf 88' lang='grc' dir='ltr'><em>καὶ</em></span> <span class='ocrx_word' id='word_1_137' title='bbox 946 1308 1028 1347; x_wconf 89' lang='grc' dir='ltr'><em>σὺν</em></span> <span class='ocrx_word' id='word_1_138' title='bbox 1066 1313 1125 1362; x_wconf 78' lang='grc' dir='ltr'><em>τῷ</em></span> <span class='ocrx_word' id='word_1_139' title='bbox 1163 1309 1308 1361; x_wconf 85' lang='grc' dir='ltr'><em>πατρί,</em></span> <span class='ocrx_word' id='word_1_140' title='bbox 1346 1307 1463 1348; x_wconf 84' lang='grc' dir='ltr'><em>καθὰ</em></span> <span class='ocrx_word' id='word_1_141' title='bbox 1502 1305 1574 1348; x_wconf 85' lang='grc' dir='ltr'><em>καὶ</em></span> 
     </span>
     <span class='ocr_line' id='line_1_19' title="bbox 226 1376 1575 1432; baseline 0 -13"><span class='ocrx_word' id='word_1_142' title='bbox 226 1379 441 1432; x_wconf 81' lang='grc' dir='ltr'><em>πρότερον</em></span> <span class='ocrx_word' id='word_1_143' title='bbox 487 1378 614 1432; x_wconf 75' lang='grc' dir='ltr'><em>ε”σχον</em></span> <span class='ocrx_word' id='word_1_144' title='bbox 660 1376 705 1418; x_wconf 75' lang='grc' dir='ltr'><em>οἱ</em></span> <span class='ocrx_word' id='word_1_145' title='bbox 740 1379 945 1431; x_wconf 89' lang='grc' dir='ltr'><em>Σίμωνος</em></span> <span class='ocrx_word' id='word_1_146' title='bbox 984 1383 1063 1419; x_wconf 88' lang='grc' dir='ltr'><em>τοῦ</em></span> <span class='ocrx_word' id='word_1_147' title='bbox 1102 1376 1221 1418; x_wconf 90' lang='grc' dir='ltr'><em>Ὀνία</em></span> <span class='ocrx_word' id='word_1_148' title='bbox 1264 1378 1416 1426; x_wconf 86' lang='grc' dir='ltr'><em>παῖδες</em></span> <span class='ocrx_word' id='word_1_149' title='bbox 1458 1385 1575 1432; x_wconf 82' lang='grc' dir='ltr'><em>τρεῖς</em></span> 
     </span>
     <span class='ocr_line' id='line_1_20' title="bbox 227 1446 1574 1508; baseline -0.001 -18"><span class='ocrx_word' id='word_1_150' title='bbox 227 1450 349 1496; x_wconf 79' lang='grc' dir='ltr'><em>ὄντες</em></span> <span class='ocrx_word' id='word_1_151' title='bbox 387 1446 456 1489; x_wconf 87' lang='grc' dir='ltr'><em>ἐπὶ</em></span> <span class='ocrx_word' id='word_1_152' title='bbox 494 1453 569 1501; x_wconf 86' lang='grc' dir='ltr'><em>τῆς</em></span> <span class='ocrx_word' id='word_1_153' title='bbox 605 1454 694 1489; x_wconf 88' lang='grc' dir='ltr'><em>τῶν</em></span> <span class='ocrx_word' id='word_1_154' title='bbox 731 1448 1010 1508; x_wconf 71' lang='grc' dir='ltr'><em>Μακεδόνων</em></span> <span class='ocrx_word' id='word_1_155' title='bbox 1049 1447 1197 1503; x_wconf 81' lang='grc' dir='ltr'><em>ἀρχῆς,</em></span> <span class='ocrx_word' id='word_1_156' title='bbox 1241 1447 1346 1502; x_wconf 82' lang='grc' dir='ltr'><em>ὅπερ</em></span> <span class='ocrx_word' id='word_1_157' title='bbox 1392 1447 1440 1490; x_wconf 89' lang='grc' dir='ltr'><em>ἐν</em></span> <span class='ocrx_word' id='word_1_158' title='bbox 1481 1455 1574 1497; x_wconf 89' lang='grc' dir='ltr'><em>ταῖς</em></span> 
     </span>
     <span class='ocr_line' id='line_1_21' title="bbox 226 1517 1033 1574; baseline 0 -14"><span class='ocrx_word' id='word_1_159' title='bbox 226 1519 523 1573; x_wconf 86' lang='grc' dir='ltr'><em>προαγούσαις</em></span> <span class='ocrx_word' id='word_1_160' title='bbox 554 1525 744 1573; x_wconf 85' lang='grc' dir='ltr'><em>γραφαῖς</em></span> <span class='ocrx_word' id='word_1_161' title='bbox 773 1517 1033 1574; x_wconf 87' lang='grc' dir='ltr'><em>παρέδομεν.</em></span> 
     </span>
    </p>

    <p class='ocr_par' dir='ltr' id='par_1_4' title="bbox 225 1587 1573 1858">
     <span class='ocr_line' id='line_1_22' title="bbox 318 1587 1573 1645; baseline 0.001 -15"><span class='ocrx_word' id='word_1_162' title='bbox 318 1589 462 1644; x_wconf 75' lang='grc'>&lt;299&gt;</span> <span class='ocrx_word' id='word_1_163' title='bbox 493 1589 870 1643; x_wconf 88' lang='grc' dir='ltr'><em>καταστησάμενος</em></span> <span class='ocrx_word' id='word_1_164' title='bbox 909 1587 957 1631; x_wconf 79' lang='grc' dir='ltr'><em>δὲ</em></span> <span class='ocrx_word' id='word_1_165' title='bbox 989 1590 1040 1630; x_wconf 76' lang='grc' dir='ltr'><em>τὰ</em></span> <span class='ocrx_word' id='word_1_166' title='bbox 1071 1588 1170 1642; x_wconf 84' lang='grc' dir='ltr'><em>περὶ</em></span> <span class='ocrx_word' id='word_1_167' title='bbox 1212 1591 1313 1639; x_wconf 89' lang='grc' dir='ltr'><em>τοὺς</em></span> <span class='ocrx_word' id='word_1_168' title='bbox 1350 1587 1573 1645; x_wconf 84' lang='grc' dir='ltr'><em>ἀρχιερέας</em></span> 
     </span>
     <span class='ocr_line' id='line_1_23' title="bbox 226 1658 1573 1715; baseline 0.001 -14"><span class='ocrx_word' id='word_1_169' title='bbox 226 1660 365 1709; x_wconf 81' lang='grc' dir='ltr'><em>οὕτως</em></span> <span class='ocrx_word' id='word_1_170' title='bbox 397 1659 419 1701; x_wconf 91' lang='grc' dir='ltr'>ὁ</span> <span class='ocrx_word' id='word_1_171' title='bbox 446 1661 651 1713; x_wconf 88' lang='grc' dir='ltr'><em>βασιλεὺς</em></span> <span class='ocrx_word' id='word_1_172' title='bbox 676 1661 778 1709; x_wconf 90' lang='grc' dir='ltr'><em>τοὺς</em></span> <span class='ocrx_word' id='word_1_173' title='bbox 797 1658 1147 1714; x_wconf 86' lang='grc' dir='ltr'><em>Ἱεροσολυμίτας</em></span> <span class='ocrx_word' id='word_1_174' title='bbox 1172 1661 1385 1715; x_wconf 83' lang='grc' dir='ltr'><em>ἠμείψατο</em></span> <span class='ocrx_word' id='word_1_175' title='bbox 1411 1666 1486 1714; x_wconf 81' lang='grc' dir='ltr'><em>τῆς</em></span> <span class='ocrx_word' id='word_1_176' title='bbox 1510 1661 1573 1710; x_wconf 79' lang='grc' dir='ltr'><em>εἰς</em></span> 
     </span>
     <span class='ocr_line' id='line_1_24' title="bbox 225 1729 1572 1786; baseline 0.001 -15"><span class='ocrx_word' id='word_1_177' title='bbox 225 1730 361 1772; x_wconf 90' lang='grc' dir='ltr'><em>αὐτὸν</em></span> <span class='ocrx_word' id='word_1_178' title='bbox 405 1729 595 1780; x_wconf 85' lang='grc' dir='ltr'><em>εὐνοίας·</em></span> <span class='ocrx_word' id='word_1_179' title='bbox 642 1730 773 1784; x_wconf 83' lang='grc' dir='ltr'><em>ἀνῆκε</em></span> <span class='ocrx_word' id='word_1_180' title='bbox 817 1731 900 1786; x_wconf 82' lang='grc' dir='ltr'><em>γὰρ</em></span> <span class='ocrx_word' id='word_1_181' title='bbox 945 1730 1093 1780; x_wconf 84' lang='grc' dir='ltr'><em>αὐτοῖς</em></span> <span class='ocrx_word' id='word_1_182' title='bbox 1136 1731 1187 1772; x_wconf 79' lang='grc' dir='ltr'><em>τὰ</em></span> <span class='ocrx_word' id='word_1_183' title='bbox 1236 1729 1346 1785; x_wconf 73' lang='grc' dir='ltr'><em>ὑπὲρ</em></span> <span class='ocrx_word' id='word_1_184' title='bbox 1391 1729 1572 1785; x_wconf 81' lang='grc' dir='ltr'><em>ἑκάστης</em></span> 
     </span>
     <span class='ocr_line' id='line_1_25' title="bbox 225 1800 1569 1858; baseline 0 -16"><span class='ocrx_word' id='word_1_185' title='bbox 225 1802 377 1854; x_wconf 79' lang='grc' dir='ltr'><em>οἰκίας,</em></span> <span class='ocrx_word' id='word_1_186' title='bbox 410 1801 457 1843; x_wconf 85' lang='grc' dir='ltr'><em>ἐν</em></span> <span class='ocrx_word' id='word_1_187' title='bbox 490 1805 607 1858; x_wconf 75' lang='grc' dir='ltr'><em>καλῷ</em></span> <span class='ocrx_word' id='word_1_188' title='bbox 640 1800 872 1856; x_wconf 86' lang='grc' dir='ltr'><em>τιθέμενος</em></span> <span class='ocrx_word' id='word_1_189' title='bbox 903 1800 1161 1844; x_wconf 74' lang='grc' dir='ltr'><em>ἀντιδοῦναι</em></span> <span class='ocrx_word' id='word_1_190' title='bbox 1199 1809 1290 1851; x_wconf 89' lang='grc' dir='ltr'><em>τοῖς</em></span> <span class='ocrx_word' id='word_1_191' title='bbox 1326 1802 1569 1855; x_wconf 83' lang='grc' dir='ltr'><em>ἠγαπηκόσι</em></span> 
     </span>
    </p>
   </div>
   <div class='ocr_carea' id='block_1_3' title="bbox 1597 827 1630 852">
    <p class='ocr_par' dir='ltr' id='par_1_5' title="bbox 1597 827 1630 852">
     <span class='ocr_line' id='line_1_26' title="bbox 1597 827 1630 852; baseline 0 0"><span class='ocrx_word' id='word_1_192' title='bbox 1597 827 1630 852; x_wconf 93' lang='grc'><em>10</em></span> 
     </span>
    </p>
   </div>
   <div class='ocr_carea' id='block_1_4' title="bbox 1595 1179 1627 1205">
    <p class='ocr_par' dir='ltr' id='par_1_6' title="bbox 1595 1179 1627 1205">
     <span class='ocr_line' id='line_1_27' title="bbox 1595 1179 1627 1205; baseline 0 0"><span class='ocrx_word' id='word_1_193' title='bbox 1595 1179 1627 1205; x_wconf 86' lang='grc'><em>15</em></span> 
     </span>
    </p>
   </div>
   <div class='ocr_carea' id='block_1_5' title="bbox 1592 1532 1626 1557">
    <p class='ocr_par' dir='ltr' id='par_1_7' title="bbox 1592 1532 1626 1557">
     <span class='ocr_line' id='line_1_28' title="bbox 1592 1532 1626 1557; baseline 0 0"><span class='ocrx_word' id='word_1_194' title='bbox 1592 1532 1626 1557; x_wconf 82' lang='lat'><em>20</em></span> 
     </span>
    </p>
   </div>
   <div class='ocr_carea' id='block_1_6' title="bbox 226 1870 1622 1927">
    <p class='ocr_par' dir='ltr' id='par_1_8' title="bbox 226 1870 1622 1927">
     <span class='ocr_line' id='line_1_29' title="bbox 226 1870 1622 1927; baseline 0.001 -15"><span class='ocrx_word' id='word_1_195' title='bbox 226 1874 429 1926; x_wconf 84' lang='grc' dir='ltr'><em>στοργήν.</em></span> <span class='ocrx_word' id='word_1_196' title='bbox 491 1874 680 1927; x_wconf 78' lang='grc' dir='ltr'><em>ἔπαρχον</em></span> <span class='ocrx_word' id='word_1_197' title='bbox 715 1870 752 1913; x_wconf 84' lang='grc' dir='ltr'><em>δ’</em></span> <span class='ocrx_word' id='word_1_198' title='bbox 791 1870 988 1923; x_wconf 80' lang='grc' dir='ltr'><em>ἀπέδειξε</em></span> <span class='ocrx_word' id='word_1_199' title='bbox 1013 1874 1176 1922; x_wconf 91' lang='grc' dir='ltr'><em>παντὸς</em></span> <span class='ocrx_word' id='word_1_200' title='bbox 1200 1879 1279 1914; x_wconf 88' lang='grc' dir='ltr'><em>τοῦ</em></span> <span class='ocrx_word' id='word_1_201' title='bbox 1306 1872 1570 1926; x_wconf 91' lang='grc' dir='ltr'><em>στρατεύμα-</em></span> <span class='ocrx_word' id='word_1_202' title='bbox 1589 1883 1622 1909; x_wconf 83' lang='lat'><em>25</em></span> 
     </span>
    </p>
   </div>
   <div class='ocr_carea' id='block_1_7' title="bbox 221 1943 1568 2211">
    <p class='ocr_par' dir='ltr' id='par_1_9' title="bbox 221 1943 1568 2211">
     <span class='ocr_line' id='line_1_30' title="bbox 223 1943 1567 2000; baseline -0.001 -17"><span class='ocrx_word' id='word_1_203' title='bbox 223 1958 296 1991; x_wconf 94' lang='grc' dir='ltr'><em>τος</em></span> <span class='ocrx_word' id='word_1_204' title='bbox 316 1944 472 1995; x_wconf 88' lang='grc' dir='ltr'><em>Σίλαν,</em></span> <span class='ocrx_word' id='word_1_205' title='bbox 499 1943 640 1997; x_wconf 76' lang='grc' dir='ltr'><em>ἄνδρα</em></span> <span class='ocrx_word' id='word_1_206' title='bbox 666 1946 843 1984; x_wconf 86' lang='grc' dir='ltr'><em>πολλῶν</em></span> <span class='ocrx_word' id='word_1_207' title='bbox 869 1943 985 2000; x_wconf 74' lang='grc' dir='ltr'><em>αὐτῷ</em></span> <span class='ocrx_word' id='word_1_208' title='bbox 1018 1946 1168 1985; x_wconf 89' lang='grc' dir='ltr'><em>πόνων</em></span> <span class='ocrx_word' id='word_1_209' title='bbox 1201 1943 1567 1997; x_wconf 86' lang='grc' dir='ltr'><em>συμμετασχόντα.</em></span> 
     </span>
     <span class='ocr_line' id='line_1_31' title="bbox 223 2011 1568 2069; baseline 0 -15"><span class='ocrx_word' id='word_1_210' title='bbox 223 2013 368 2065; x_wconf 82' lang='lat'>&lt;300&gt;</span> <span class='ocrx_word' id='word_1_211' title='bbox 399 2013 646 2054; x_wconf 87' lang='grc' dir='ltr'><em>παντάπασι</em></span> <span class='ocrx_word' id='word_1_212' title='bbox 680 2011 718 2054; x_wconf 76' lang='grc' dir='ltr'><em>δ’</em></span> <span class='ocrx_word' id='word_1_213' title='bbox 758 2013 912 2067; x_wconf 88' lang='grc' dir='ltr'><em>ὀλίγου</em></span> <span class='ocrx_word' id='word_1_214' title='bbox 944 2016 1108 2069; x_wconf 88' lang='grc' dir='ltr'><em>χρόνου</em></span> <span class='ocrx_word' id='word_1_215' title='bbox 1141 2015 1396 2062; x_wconf 90' lang='grc' dir='ltr'><em>διελθόντος</em></span> <span class='ocrx_word' id='word_1_216' title='bbox 1422 2015 1568 2067; x_wconf 90' lang='grc' dir='ltr'><em>Δωρῖ-</em></span> 
     </span>
     <span class='ocr_line' id='line_1_32' title="bbox 222 2081 1568 2139; baseline 0 -15"><span class='ocrx_word' id='word_1_217' title='bbox 222 2099 291 2124; x_wconf 89' lang='grc' dir='ltr'><em>ται</em></span> <span class='ocrx_word' id='word_1_218' title='bbox 323 2086 562 2138; x_wconf 83' lang='grc' dir='ltr'><em>νεανίσκοι,</em></span> <span class='ocrx_word' id='word_1_219' title='bbox 594 2090 669 2138; x_wconf 82' lang='grc' dir='ltr'><em>τῆς</em></span> <span class='ocrx_word' id='word_1_220' title='bbox 700 2084 924 2139; x_wconf 90' lang='grc' dir='ltr'><em>ὁσιότητος</em></span> <span class='ocrx_word' id='word_1_221' title='bbox 954 2083 1267 2139; x_wconf 88' lang='grc' dir='ltr'><em>προτιθέμενοι</em></span> <span class='ocrx_word' id='word_1_222' title='bbox 1298 2085 1464 2138; x_wconf 90' lang='grc' dir='ltr'><em>τόλμαν</em></span> <span class='ocrx_word' id='word_1_223' title='bbox 1494 2081 1568 2125; x_wconf 90' lang='grc' dir='ltr'><em>καὶ</em></span> 
     </span>
     <span class='ocr_line' id='line_1_33' title="bbox 221 2151 1567 2211; baseline 0.001 -17"><span class='ocrx_word' id='word_1_224' title='bbox 221 2155 463 2208; x_wconf 87' lang='grc' dir='ltr'><em>πεφυκότες</em></span> <span class='ocrx_word' id='word_1_225' title='bbox 512 2151 624 2196; x_wconf 81' lang='grc' dir='ltr'><em>εἶναι</em></span> <span class='ocrx_word' id='word_1_226' title='bbox 673 2157 932 2210; x_wconf 89' lang='grc' dir='ltr'><em>παραβόλως</em></span> <span class='ocrx_word' id='word_1_227' title='bbox 981 2160 1184 2211; x_wconf 89' lang='grc' dir='ltr'><em>θρασεῖς,</em></span> <span class='ocrx_word' id='word_1_228' title='bbox 1227 2155 1448 2210; x_wconf 88' lang='grc' dir='ltr'><em>Καίσαρος</em></span> <span class='ocrx_word' id='word_1_229' title='bbox 1492 2153 1567 2195; x_wconf 89' lang='grc' dir='ltr'><em>ἀν-</em></span> 
     </span>
    </p>
   </div>
   <div class='ocr_carea' id='block_1_8' title="bbox 224 2223 1618 2281">
    <p class='ocr_par' dir='ltr' id='par_1_10' title="bbox 224 2223 1618 2281">
     <span class='ocr_line' id='line_1_34' title="bbox 224 2223 1618 2281; baseline 0.001 -17"><span class='ocrx_word' id='word_1_230' title='bbox 224 2223 406 2278; x_wconf 88' lang='grc' dir='ltr'><em>δριάντα</em></span> <span class='ocrx_word' id='word_1_231' title='bbox 438 2226 695 2278; x_wconf 89' lang='grc' dir='ltr'><em>κομίσαντες</em></span> <span class='ocrx_word' id='word_1_232' title='bbox 726 2225 787 2273; x_wconf 84' lang='grc' dir='ltr'><em>εἰς</em></span> <span class='ocrx_word' id='word_1_233' title='bbox 817 2225 898 2278; x_wconf 84' lang='grc' dir='ltr'><em>τὴν</em></span> <span class='ocrx_word' id='word_1_234' title='bbox 929 2232 1017 2267; x_wconf 86' lang='grc' dir='ltr'><em>τῶν</em></span> <span class='ocrx_word' id='word_1_235' title='bbox 1041 2223 1269 2281; x_wconf 85' lang='grc' dir='ltr'><em>Ἰουδαίων</em></span> <span class='ocrx_word' id='word_1_236' title='bbox 1301 2225 1565 2279; x_wconf 86' lang='grc' dir='ltr'><em>συναγωγὴν</em></span> <span class='ocrx_word' id='word_1_237' title='bbox 1584 2235 1618 2261; x_wconf 81' lang='grc'><em>30</em></span> 
     </span>
    </p>
   </div>
   <div class='ocr_carea' id='block_1_9' title="bbox 223 2292 1565 2350">
    <p class='ocr_par' dir='ltr' id='par_1_11' title="bbox 223 2292 1565 2350">
     <span class='ocr_line' id='line_1_35' title="bbox 223 2292 1565 2350; baseline 0.002 -16"><span class='ocrx_word' id='word_1_238' title='bbox 223 2292 475 2348; x_wconf 84' lang='grc' dir='ltr'><em>ἀνέστησαν.</em></span> <span class='ocrx_word' id='word_1_239' title='bbox 538 2301 668 2337; x_wconf 87' lang='grc' dir='ltr'><em>τοῦτο</em></span> <span class='ocrx_word' id='word_1_240' title='bbox 715 2296 888 2350; x_wconf 91' lang='grc' dir='ltr'><em>σφόδρα</em></span> <span class='ocrx_word' id='word_1_241' title='bbox 929 2297 1006 2337; x_wconf 87' lang='grc' dir='ltr'><em>τὸν</em></span> <span class='ocrx_word' id='word_1_242' title='bbox 1042 2293 1281 2350; x_wconf 83' lang='grc' dir='ltr'><em>Ἀγρίππαν</em></span> <span class='ocrx_word' id='word_1_243' title='bbox 1318 2295 1565 2350; x_wconf 84' lang='grc' dir='ltr'><em>παρώξυνε·</em></span> 
     </span>
    </p>
   </div>
  </div>
 </body>
</html>
