1732 2526
651 79 992 111 EKKAIAEKATII
1443 77 1498 118 27

149 186 258 240 πρὸς
290 187 491 240 Καίσαρα
522 185 594 226 καὶ
625 183 723 239 περὶ
757 186 938 227 τούτων.
996 185 1017 226 ὃ
1053 183 1090 226 δ’
1131 185 1279 235 αὐτοῖς
1310 186 1390 240 τὴν
1423 185 1501 227 αὐ-

151 257 232 310 τὴν
271 255 510 298 ἰσοτέλειαν
551 256 735 309 ἔδωκεν,
778 256 949 310 γράψας
985 262 1076 305 τοῖς
1114 257 1220 297 κατὰ
1259 257 1333 305 τὰς
1371 255 1501 311 ἐπαρ-

151 329 262 382 χίας·
313 323 375 368 ὧν
415 325 685 380 ὑπετάξαμεν
725 325 1000 380 τάντίγραφα
1038 327 1254 381 μαρτύρια
1292 332 1368 380 τῆς
1407 328 1500 368 δια-

145 396 313 446 θέσεως
343 396 398 452 ἣν
430 397 559 450 ε”σχον
590 393 700 451 ὑπὲρ
734 395 858 450 ἡμῶν
891 397 1069 438 ἄνωθεν
1102 397 1148 438 οῖ
1176 404 1449 451 κρατοῦντες.

110 483 126 508 5
235 468 379 521 <162>
423 467 609 522 “Και”σαρ
652 469 896 521 Σεβαστός,
939 466 1186 523 ἀρχιερεύς,
1228 468 1497 523 δημαρχικῆς
1524 480 1544 510 2

147 537 345 588 ἐξουσίας
371 570 379 579 .
401 570 409 579 .
431 570 439 578 .
467 536 595 591 λέγει.
646 536 795 592 ἐπειδὴ
828 539 876 580 τὸ
910 539 1042 587 ἔθνος
1072 540 1121 580 τὸ
1153 545 1241 579 τῶν
1270 536 1496 580 Ἰουδαίων

146 608 403 664 εὐχάριστον
444 607 606 662 εὑρέθη
649 608 702 650 οὐ
743 610 882 662 μόνον
924 607 971 650 ἐν
1012 614 1070 665 τῷ
1116 608 1318 650 ἐνεστῶτι
1359 614 1495 666 καιρῷ

145 679 254 721 ἀλλὰ
286 677 358 720 καὶ
391 678 438 721 ἐν
471 685 528 736 τῷ
562 678 948 736 προγεγενημένῳ,
986 677 1058 721 καὶ
1097 679 1283 733 μάλιστα
1316 678 1385 721 ἐπὶ
1417 685 1496 721 τοῦ

145 749 252 804 ἐμοῦ
282 751 443 805 πατρὸς
475 750 795 805 αὐτοκράτορος
829 751 1071 804 Καίσαρος,
1102 751 1211 805 πρὸς
1241 751 1319 792 τὸν
1353 751 1496 804 δῆμον

92 834 126 860 10
145 822 221 863 τὸν
246 819 484 875 Ῥωμαίων,
517 820 539 862 ὅ
572 836 616 862 τε
649 819 874 875 ἀρχιερεὺς
906 819 1052 861 αὐτῶν
1079 818 1309 875 “Τρκανός,
1351 821 1496 875 <163>

145 890 270 942 ἔδοξέ
310 907 384 945 μοι
427 889 499 932 καὶ
544 897 601 947 τῷ
645 890 731 947 ἐμῷ
770 892 1024 948 συμβουλίῳ
1063 891 1168 944 μετὰ
1206 891 1493 946 ὁρκωμοσίας,

145 962 296 1017 γνώμῃ
330 962 471 1016 δήμου
497 961 740 1016 Ῥωμαίων,
777 963 880 1011 τοὺς
907 959 1151 1011 Ἰουδαίους
1182 966 1373 1016 χρῆσθαι
1406 969 1497 1012 τοῖς

146 1033 276 1082 ἰδίοις
310 1032 510 1086 ἐθισμοῖς
540 1033 648 1074 κατὰ
674 1032 750 1073 τὸν
776 1032 962 1087 πάτριον
988 1031 1133 1073 αὐτῶν
1160 1034 1314 1086 νόμον,
1346 1033 1496 1083 καθὼς

145 1102 335 1159 ἐχρῶντο
369 1101 438 1144 ἐπὶ
463 1101 680 1157 “Τρκανοῦ
713 1101 948 1158 ἀρχιερέως
979 1107 1090 1144 θεοῦ
1123 1103 1331 1156 ὑψίστου,
1367 1103 1418 1144 τά
1449 1119 1494 1145 τε

29 1228 33 1231 -
92 1187 126 1213 15
147 1175 241 1230 ἱερὰ
278 1170 392 1215 εἶναι
431 1172 477 1215 ἐν
520 1172 678 1229 ἀσυλία
723 1172 795 1214 καὶ
839 1171 1173 1228 ἀναπέμπεσθαι
1217 1174 1278 1222 εἰς
1309 1171 1497 1227 Ἱεροσό-

145 1249 275 1300 λυμα,
306 1243 378 1286 καὶ
411 1243 709 1286 ἀποδίδοσθαι
736 1243 845 1286 αὐτὰ
872 1251 962 1293 τοῖς
988 1243 1282 1299 ἀποδοχεῦσιν
1308 1243 1496 1298 Ἱεροσο-

145 1317 317 1370 λύμων,
355 1315 513 1369 ἐγγύας
549 1330 594 1357 τε
632 1316 689 1369 μὴ
731 1315 963 1369 ὁμολογεῖν
1002 1315 1162 1364 αὐτοὺς
1200 1314 1248 1356 ἐν
1280 1315 1497 1370 σάββασιν

144 1385 169 1440 ἢ
202 1392 253 1441 τῇ
285 1387 368 1441 πρὸ
403 1386 560 1440 ταύτης
591 1391 842 1440 παρασκευῇ
877 1385 960 1427 ἀπὸ
988 1385 1103 1440 ὥρας
1129 1384 1293 1439 ἐνάτης.
1352 1387 1496 1441 <164>

146 1456 223 1498 ἐὰν
256 1455 308 1498 δέ
335 1472 399 1506 τις
427 1460 618 1511 φωραθῇ
651 1455 848 1498 κλέπτων
880 1456 955 1505 τὰς
989 1456 1105 1510 ἱερὰς
1136 1458 1318 1510 βίβλους
1350 1456 1497 1498 αὐτῶν

92 1541 126 1566 20
145 1527 171 1582 ’ἢ
203 1527 255 1569 τὰ
288 1527 381 1582 ἱερὰ
412 1528 608 1582 χρήματα
641 1528 687 1568 ἔκ
719 1542 762 1568 τε
797 1529 1060 1581 σαββατείου
1093 1528 1140 1568 ἐκ
1170 1542 1214 1568 τε
1253 1526 1495 1581 ἀνδρῶνος,

144 1595 258 1640 εἶναι
298 1598 432 1639 αὐτὸν
476 1597 725 1651 ἱερόσυλον,
770 1595 842 1637 καὶ
882 1598 960 1638 τὸν
998 1599 1098 1650 βιόν
1136 1597 1272 1639 αὐτοῦ
1312 1596 1495 1652 ἐνεχθῆ-

143 1686 216 1711 ναι
249 1670 309 1718 εἰς
340 1670 387 1710 τὸ
428 1669 642 1722 δημόσιον
682 1669 730 1709 τὸ
763 1675 851 1709 τῶν
877 1666 1115 1721 Ῥωμαίων.
1179 1668 1324 1722 <165>
1366 1669 1413 1709 τὸ
1448 1666 1496 1710 δὲ

143 1742 346 1795 ψήφισμα
390 1740 438 1781 τὸ
483 1736 621 1780 δοθέν
667 1754 741 1792 μοι
785 1736 858 1779 ὑπ’
908 1738 1053 1780 αὐτῶν
1102 1735 1212 1793 ὑπὲρ
1263 1744 1338 1793 τῆς
1389 1738 1494 1794 ἐμῆς

143 1811 380 1866 εὐσεβείας,
412 1806 462 1863 ἧς
494 1811 576 1864 ἔχω
609 1809 718 1864 πρὸς
748 1809 913 1858 πάντας
950 1808 1236 1863 ἀνθρώπους,
1275 1808 1347 1851 καὶ
1384 1808 1494 1865 ὑπὲρ

91 1893 125 1920 25
146 1883 187 1923 Γ
184 1883 283 1923 αΐου
324 1881 532 1935 Μαρκίου
566 1881 880 1933 Κηνσωρίνου,
924 1877 995 1920 καὶ
1028 1885 1156 1921 τοῦτο
1197 1881 1245 1922 τὸ
1279 1880 1496 1935 διάταγμα

145 1952 308 1994 κελεύω
336 1950 606 2004 ἀνατεθῆναι
634 1949 681 1991 ἐν
708 1949 1006 2007 ἐπισημοτάτῳ
1031 1951 1150 2008 τόπῳ
1176 1956 1234 2007 τῷ
1261 1949 1496 2005 γενηθέντι

145 2038 220 2077 μοι
259 2021 346 2064 ὑπὸ
387 2027 465 2063 τοῦ
502 2027 656 2063 κοινοῦ
696 2027 770 2075 τῆς
802 2018 949 2070 Ἀσίας
987 2020 1034 2062 ἐν
1067 2019 1267 2077 Ἀγκύρᾳ.
1331 2021 1408 2063 ἐὰν
1447 2020 1500 2063 δέ

145 2109 209 2143 τις
245 2095 420 2147 παραβῇ
457 2107 498 2133 τι
537 2099 625 2133 τῶν
662 2089 1014 2147 προειρημένων,
1056 2091 1188 2132 δώσει
1228 2091 1355 2144 δίκην
1395 2090 1494 2147 οὐχὶ

146 2162 352 2218 μετρίαν.’
416 2162 785 2218 ἐστηλογραφήθη
818 2161 866 2203 ἐν
898 2167 956 2219 τῷ
991 2163 1213 2215 Καίσαρος
1244 2168 1350 2219 ναῷ.

94 2246 129 2271 30
235 2234 380 2288 <166>
419 2233 608 2288 ’Καῖσαρ
647 2235 880 2289 Νωρβανῷ
922 2232 1110 2290 Φλάκκῳ
1147 2234 1329 2287 χαίρειν.
1385 2231 1494 2275 Ἰου-
1520 2246 1540 2277 3

147 2305 284 2358 δαϊοι,
324 2304 419 2346 ὅσοι
457 2301 551 2345 ποτ’
585 2300 665 2345 οὗν
703 2302 815 2345 εἰσὶν
854 2305 899 2345 οἳ
928 2299 986 2344 δι’
1023 2303 1209 2358 ἀρχαίαν
1249 2305 1494 2357 συνήθειαν
