1732 2526
194 955 237 986 10

197 2008 239 2039 11

262 57 348 98 320
817 57 1044 90 ΙΩΣΗΠΟΤ

262 163 334 206 καὶ
365 165 445 218 τὴν
479 164 675 218 ἱστορίαν
707 171 794 206 τῶν
826 163 1093 217 πραγμάτων
1124 163 1292 204 τούτων
1331 161 1606 217 ἀναγράφειν

262 235 320 284 ὡς
351 240 409 290 τῷ
444 236 559 290 λόγῳ
593 235 732 290 τούτῳ
764 236 1072 289 περιεσόμενος
1101 239 1177 286 τῆς
1214 233 1432 286 ἀληθείας.
1494 233 1609 287 <41>

262 305 372 347 ἀλλὰ
404 303 504 359 περὶ
543 302 622 359 μὲν
660 306 819 347 τούτου
857 304 1057 358 τάνδρός,
1097 305 1154 353 ὡς
1193 306 1362 358 φαῦλος
1397 304 1476 345 τὸν
1507 305 1608 358 βίον

263 374 435 429 ἐγένετο
467 374 539 417 καὶ
572 376 628 425 ὡς
661 377 743 417 σὺν
774 375 974 430 τάδελφῷ
1002 381 1161 429 μικροῦ
1188 375 1282 416 δεῖν
1308 379 1609 428 καταστροφῆς

262 450 399 495 αἴτιος
430 446 607 501 ὑπῆρξε,
638 448 870 501 προϊόντος
901 453 980 488 τοῦ
1012 448 1147 499 λόγου
1182 446 1454 499 δηλώσομεν·
1493 444 1609 498 <42>

262 518 357 558 τότε
403 514 450 558 δὲ
494 519 644 566 πείσας
682 514 870 566 Ἰοῦστος
913 518 1014 565 τοὺς
1057 518 1238 565 πολίτας
1276 515 1516 570 ἀναλαβεῖν
1557 515 1609 556 τὰ

263 587 395 641 ὅπλα,
446 589 635 636 πολλοὺς
685 584 733 628 δὲ
781 586 853 629 καὶ
910 588 966 641 μὴ
1017 588 1290 641 θελήσαντας
1347 585 1609 639 ἀναγκάσας,

264 657 456 708 ἐξελθὼν
495 660 578 699 σὺν
615 664 720 699 πᾶσι
758 658 928 707 τούτοις
966 657 1234 712 ε’μπίμπρησι
1272 656 1347 705 τάς
1387 671 1432 697 τε
1465 657 1507 697 Γ
1504 656 1609 697 αδα-

264 736 411 783 ρηνῶν
442 727 515 770 καὶ
540 727 759 782 Ἱππηνῶν
790 730 949 782 κώμας,
981 730 1029 769 αἳ
1058 729 1111 782 δὴ
1145 729 1350 782 μεθόριοι
1382 732 1456 780 τῆς
1486 728 1609 780 Τιβε-

263 799 414 852 ριάδος
464 797 535 840 καὶ
586 805 661 853 τῆς
709 806 797 840 τῶν
841 802 1191 841 Σκυθοπολιτῶν
1241 803 1319 851 γῆς
1369 796 1609 852 ἐτύγχανον

262 871 468 923 κείμεναι.

351 940 465 994 <43>
503 938 575 981 καὶ
619 940 819 994 Τιβεριὰς
856 937 936 994 μὲν
975 938 1022 980 ἐν
1060 939 1277 988 τοιούτοις
1313 935 1384 992 ἦν,
1421 938 1473 979 τὰ
1511 936 1610 992 περὶ

265 1011 457 1065 Γίσχαλα
491 1009 532 1052 δ’
570 1007 655 1065 εἶχε
688 1012 764 1052 τὸν
796 1012 961 1063 τρόπον
999 1015 1167 1052 τοῦτον.
1224 1007 1432 1063 Ἰωάννης
1469 1008 1492 1051 ὁ
1530 1014 1610 1051 τοῦ

263 1083 388 1135 Λευΐ,
420 1089 507 1123 τῶν
538 1085 730 1123 πολιτῶν
763 1096 884 1130 τινας
910 1080 1026 1134 ὁρῶν
1054 1081 1126 1121 διὰ
1152 1081 1231 1134 τὴν
1264 1079 1504 1121 ἀπόστασιν
1530 1079 1610 1133 τὴν

264 1150 348 1193 ἀπὸ
373 1150 598 1206 Ῥωμαίων
630 1150 738 1205 μέγα
770 1157 1063 1206 φρονοῦντας,
1088 1149 1284 1205 κατέχειν
1311 1150 1471 1199 αὐτοὺς
1497 1149 1608 1192 ἐπει-

266 1228 370 1275 ρᾶτο
403 1221 475 1263 καὶ
507 1223 586 1276 τὴν
613 1224 761 1263 πίστιν
786 1221 911 1276 ἠξίου
939 1222 1264 1275 διαφυλάττειν,
1297 1221 1412 1274 <44>
1440 1221 1493 1262 οὐ
1523 1221 1610 1274 μὴν

264 1292 485 1345 ἠδυνήθη,
516 1294 656 1333 καίτοι
687 1292 803 1333 πάνυ
835 1292 1215 1345 προθυμούμενος.
1276 1292 1328 1333 τὰ
1366 1292 1448 1345 γὰρ
1486 1289 1609 1346 πέριξ

266 1364 390 1416 ἔθνη,
424 1361 677 1416 Γαδαρηνοὶ
714 1361 786 1403 καὶ
819 1364 1086 1417 Γαβαρηνοί,
1126 1365 1380 1415 Σωγαναῖοι
1417 1359 1490 1403 καὶ
1528 1362 1611 1403 Τύ-

265 1449 367 1487 ριοι,
393 1434 561 1486 πολλὴν
595 1432 887 1487 ἀθροίσαντες
920 1434 1110 1487 δύναμιν
1142 1431 1214 1474 καὶ
1245 1440 1336 1481 τοῖς
1378 1432 1611 1487 Γισχάλοις

265 1503 543 1552 ἐπιπεσόντες
574 1503 848 1558 λαμβάνουσι
879 1504 931 1545 τὰ
965 1505 1159 1558 Γίσχαλα
1190 1503 1297 1544 κατὰ
1335 1503 1507 1558 κράτος,
1538 1500 1611 1544 καὶ
1630 1518 1644 1542 2

264 1576 636 1630 πυρπολήσαντες,
680 1571 771 1615 εἶτα
817 1573 864 1615 δὲ
901 1573 974 1615 καὶ
1020 1573 1506 1628 προσκατασκάψαντες,
1550 1574 1612 1622 εἰς

264 1646 344 1699 τὴν
382 1646 548 1687 οἰκείαν
588 1643 830 1695 ἀνέζευξαν.
893 1644 1010 1698 <45>
1043 1640 1248 1698 Ἰωάννης
1286 1641 1325 1686 δ’
1369 1642 1438 1686 ἐπὶ
1470 1644 1610 1701 τούτῳ

264 1714 560 1770 παροξυνθεὶς
586 1715 750 1766 ὁπλίζει
775 1715 939 1764 πάντας
963 1717 1064 1764 τοὺς
1090 1713 1189 1769 μεθ’
1221 1715 1374 1756 αὑτοῦ·
1406 1712 1478 1756 καὶ
1504 1725 1611 1769 συμ-

265 1787 413 1840 βαλὼν
445 1793 536 1835 τοῖς
560 1785 897 1841 προειρημένοις
922 1787 1073 1827 ἔθνεσι
1099 1786 1204 1827 κατὰ
1236 1785 1392 1840 κράτος
1424 1784 1610 1838 ἐνίκησε,

264 1857 317 1898 τὰ
361 1854 409 1898 δὲ
448 1858 642 1911 Γίσχαλα
685 1859 911 1911 κρείττονα
948 1857 1080 1898 πάλιν
1122 1855 1379 1910 ἀνακτίσας,
1422 1856 1609 1910 τείχεσιν

266 1924 375 1981 ὑπὲρ
410 1926 650 1982 ἀσφαλειάς
679 1933 755 1981 τῆς
786 1928 847 1976 είς
878 1927 1064 1980 ὕστερον
1098 1926 1345 1981 ὠχύρωσεν.

356 1998 468 2049 (46)
497 1997 678 2050 Γάμαλα
706 1994 753 2038 δὲ
778 1999 919 2038 πίστει
945 2003 995 2051 τῇ
1022 1998 1130 2051 πρὸς
1147 1995 1386 2051 Ῥωμαίους
1417 1994 1610 2050 ἐνέμεινε

267 2065 324 2109 δι’
362 2068 505 2108 αἰτίαν
537 2069 755 2121 τοιαύτην.
822 2070 1040 2116 Φίλιππος
1072 2067 1095 2110 ὁ
1119 2066 1308 2121 Ἰακίμου
1334 2073 1448 2120 παῖς,
1481 2067 1611 2121 ἔπαρ-

266 2154 342 2194 χος
374 2135 421 2179 δὲ
452 2143 531 2179 τοῦ
564 2137 776 2192 βασιλέως
802 2135 1031 2193 Ἀγρίππα,
1063 2136 1225 2187 σωθεὶς
1255 2138 1371 2190 παρὰ
1403 2136 1536 2187 δόξαν
1563 2136 1611 2178 ἐκ

1631 810 1663 834 10

1631 1163 1663 1188 15

1630 1867 1663 1892 25

266 2215 342 2262 τῆς
374 2207 421 2249 ἐν
446 2206 769 2263 Ἱεροσολύμοις
800 2211 1028 2263 βασιλικῆς
1065 2209 1201 2262 αὐλῆς
1236 2206 1611 2262 πολιορκουμένης
1629 2218 1664 2243 30

267 2277 339 2320 καὶ
371 2279 604 2333 διαφυγὼν
636 2280 699 2328 εἰς
729 2278 879 2334 ἕτερον
911 2278 1085 2321 ἐνέπεσε
1117 2280 1344 2331 κίνδυνον,
1377 2275 1487 2319 ὥσθ’
1524 2277 1610 2319 ὑπὸ
