1732 2526
33 838 66 862 10

35 1190 68 1215 15

33 1543 68 1568 20

33 1898 57 1922 μ’.)

33 2249 70 2275 30

541 83 981 116 ΕΝΝΕΑΚΑῙΔΕΚΑΤΗ
1350 81 1435 122 247

83 191 260 244 βουλῆς,
286 189 550 246 χρισάμενος
575 189 731 244 μύροις
757 189 838 242 τὴν
863 190 1059 243 κεφαλὴν
1087 190 1143 239 ὡς
1170 189 1253 232 ἀπὸ
1281 201 1442 231 συνου-

85 263 185 310 σιάς
229 259 467 315 γενομένης
506 259 760 308 ἀναλύσεως
810 259 927 316 αὐτῷ
978 266 1145 315 παρῆν,
1195 258 1267 301 καὶ
1311 261 1440 315 ἤρετο

86 333 189 381 τοὺς
221 331 461 386 βουλευτὰς
493 332 539 372 τί
565 329 755 386 πέπραχε
789 331 1025 379 Κλαύδιος.
1089 331 1233 383 <24Ο>
1271 338 1359 372 τῶν
1392 328 1441 372 δὲ

84 402 136 443 τά
166 400 202 443 τ’
235 403 342 443 ὄντα
372 400 582 456 φαμένων
613 399 685 443 καὶ
717 399 1117 456 προσανερομένων
1148 401 1304 454 ἥντινα
1330 402 1442 454 γνώ·

86 488 171 527 μην
204 474 296 528 ἔχοι
327 470 428 526 περὶ
459 479 551 521 τοῖς
582 472 715 526 ὅλοις,
747 475 953 514 τελευτᾶν
987 469 1067 525 μὲν
1099 469 1208 526 ὑπὲρ
1239 477 1317 513 τοῦ
1344 469 1436 512 κατ’

86 543 257 597 ἐκείνην
296 543 501 592 εὐκλεοῦς
538 542 711 597 ἕτοιμος
749 539 804 596 ἦν
846 550 936 591 τοῖς
975 544 1142 596 λόγοις,
1185 549 1364 584 σκοπεῖν
1398 539 1436 582 δ’

86 612 256 666 ἐκέλευε
281 611 380 665 περὶ
405 618 484 654 τοῦ
511 612 828 668 συμφέροντος,
860 619 948 654 πᾶν
976 613 998 654 ὅ
1024 629 1064 654 τι
1090 611 1161 653 καὶ
1189 614 1250 662 εἰς
1275 612 1443 666 ἡδονὴν

84 682 211 738 φέροι
255 683 622 738 ὑπεξελομένους·
669 683 827 738 <241>
872 686 1023 738 χρείαν
1068 684 1150 737 γὰρ
1196 680 1309 724 εἶναι
1353 690 1444 732 τοῖς

85 753 220 808 ἀρχῆς
251 753 641 808 μεταποιουμένοις
674 753 745 796 καὶ
779 754 926 796 ὅπλων
959 752 1031 795 καὶ
1064 761 1364 809 στρατιωτῶν,
1402 756 1447 795 οἳ

86 824 327 880 φράξαιντο
373 825 554 880 αὐτούς,
599 826 656 879 μὴ
703 823 774 867 καὶ
816 824 1114 879 ἀπαράσκευοι
1155 824 1443 873 καταστάντες

90 897 151 945 εἰς
182 896 284 937 τάδε
319 899 539 950 σφαλεῖεν.
595 896 740 949 <242>
774 896 1124 951 ἀποκριναμένης
1157 893 1204 936 δὲ
1236 901 1311 949 τῆς
1339 897 1444 949 βου-

90 969 168 1020 λῆς
212 967 361 1008 ὅπλων
405 965 440 1008 τ’
484 966 696 1021 εὐπορίαν
740 965 812 1008 καὶ
852 969 1049 1021 χρήματα
1093 968 1328 1020 εἰσοίσειν,
1370 963 1444 1006 καὶ

89 1043 292 1092 στρατιᾶς
336 1038 383 1078 τὸ
429 1036 508 1091 μέν
552 1053 592 1078 τι
637 1037 785 1086 αὐτοῖς
827 1035 940 1078 εἶναι
980 1038 1263 1090 συνεστηκός,
1308 1037 1355 1077 τὸ
1395 1033 1443 1077 δὲ

90 1109 408 1162 συγκροτήσειν
456 1107 787 1162 ἐλευθερώσεως
832 1108 1008 1150 δούλων
1051 1106 1310 1161 γενομένης,
1361 1106 1442 1160 “εἰ”η

90 1175 190 1232 μέν,
229 1174 262 1218 ὦ
294 1176 472 1232 βουλή,’
510 1177 647 1232 φησὶν
680 1178 702 1220 ὁ
731 1175 968 1233 Ἀγρίππας
1004 1178 1259 1233 ὑποτυχών,
1297 1177 1444 1232 ξπράτ-

88 1265 180 1291 τειν
213 1249 353 1292 ὁπόσα
383 1251 528 1303 θυμὸς
558 1249 682 1304 ὑμῖν·
722 1248 899 1291 λεκτέον
932 1247 972 1290 δ’
1005 1246 1138 1291 οὐδὲν
1164 1248 1447 1290 ἐνδοιάσαντί

89 1335 163 1374 μοι
196 1320 269 1361 διὰ
300 1321 349 1362 τὸ
383 1318 452 1362 ε’πὶ
480 1323 672 1376 σωτηρίᾳ
696 1319 848 1375 φέρειν
874 1321 951 1362 τὸν
978 1321 1125 1373 λόγον.
1174 1319 1318 1373 <243>
1353 1322 1442 1360 ἴστε

89 1391 143 1444 δὴ
177 1391 364 1443 στρατὸν
397 1389 443 1439 ὃς
476 1387 585 1444 ὑπὲρ
619 1391 849 1432 Κλαυδίου
887 1398 1106 1445 μαχεῖται,
1147 1392 1310 1444 πλήθει
1342 1390 1444 1444 χρό-

87 1475 169 1502 νου
202 1461 449 1503 ὁπλιτεύειν
482 1463 815 1516 μεμελετηκότα·
852 1462 903 1502 vec
931 1457 969 1502 δ’
1001 1459 1187 1515 ἡμέτερα
1214 1460 1312 1513 <εί>
1339 1471 1443 1513 συγ-

87 1533 263 1574 κλύδων
296 1531 548 1585 ἀνθρώπων
580 1536 750 1586 πλῆθος
783 1534 902 1573 ἔσται
934 1530 1006 1573 καὶ
1039 1539 1126 1573 τῶν
1158 1532 1275 1586 παρὰ
1308 1529 1442 1580 δόξαν

87 1609 162 1656 τῆς
212 1603 416 1652 δουλείας
465 1602 835 1657 ἀπηλλαγμένων,
887 1603 1183 1656 δυσκράτητα·
1240 1604 1348 1655 πρός
1397 1616 1442 1642 τε

87 1674 282 1728 τεχνίτας
320 1673 580 1728 μαχούμεθα
617 1675 943 1728 προαγαγόντες
981 1673 1145 1727 ἄνδρας
1185 1670 1285 1726 μηδ’
1326 1671 1443 1721 ὅπως

88 1751 228 1785 σπῶσι
267 1743 319 1784 τὰ
357 1742 459 1797 ξίφη
499 1744 680 1793 εἰδότας.
742 1744 886 1796 <244>
927 1744 1034 1784 ὥστε
1074 1758 1147 1797 μοι
1187 1743 1311 1784 δοκεῖ
1338 1740 1444 1797 πέμ-

87 1829 187 1856 πειν
220 1814 277 1863 ὡς
303 1814 532 1855 Κλαύδιον
564 1816 795 1863 πείσοντας
826 1815 1145 1855 κατατίθεσθαι
1177 1814 1257 1867 τὴν
1287 1812 1443 1868 ἀρχήν,

53 1897 67 1921 5
88 1884 350 1940 πρεσβεύειν
381 1879 429 1925 θ’
467 1883 637 1939 ἕτοιμός
670 1883 783 1939 εἰμι.’

177 1956 323 2010 <245>
355 1953 428 1996 καὶ
461 1954 483 1996 ὃ
517 1952 598 2009 μὲν
623 1953 744 1997 ταῦτ’
776 1952 911 2008 εἶπεν,
944 1957 1014 1997 καὶ
1042 1954 1441 2010 συγκαταθεμένων

87 2024 306 2081 πεμφθεὶς
338 2027 422 2067 σὺν
455 2024 618 2080 ἑτέροις
649 2028 728 2080 τήν
759 2042 804 2068 τε
836 2028 1028 2082 ταραχὴν
1058 2034 1132 2081 τῆς
1157 2029 1320 2081 βουλῆς
1346 2027 1439 2081 διη-

89 2105 226 2151 γεῖται
266 2097 374 2138 κατὰ
416 2098 553 2151 μόνας
593 2097 701 2151 πρὸς
742 2098 818 2138 τὸν
852 2098 1101 2151 Κλαύδιον,
1144 2095 1352 2140 ἐδίδασκέ
1388 2095 1435 2138 θ’

88 2167 466 2222 ἡγεμονικώτερον
499 2166 837 2221 ἀποκρίνεσθαι,
879 2174 937 2224 τῷ
972 2167 1180 2222 ἀξιώματι
1211 2175 1287 2222 τῆς
1319 2167 1440 2218 ἐξου-

90 2240 185 2287 σίας
215 2239 453 2294 χρώμενον.
516 2238 660 2292 <246>
694 2240 840 2293 ἔλεγεν
874 2236 955 2281 οὖν
988 2240 1211 2289 Κλαύδιος
1243 2239 1295 2281 οὐ
1327 2243 1439 2281 θαυ-

89 2309 239 2363 μάζειν
269 2310 351 2363 τὴν
383 2310 548 2363 βουλὴν
582 2308 717 2364 ἡδονῇ
759 2310 815 2364 μὴ
854 2308 1078 2365 φέρουσαν
1117 2311 1327 2366 ἄρχεσθαι
1364 2311 1438 2352 διὰ

1468 1968 1487 1997 Ν)
