1732 2526
254 78 274 117 1
283 77 337 118 72
742 78 920 110 APXAIO
930 78 1106 111 ΛΟΓΙΑΣ

248 187 325 226 καί
347 200 466 233 τινος
493 183 651 239 ὀρνέου
677 186 944 234 καθίσαντος
965 183 1033 226 ε’πὶ
1059 190 1138 227 τοῦ
1160 182 1350 239 δένδρου
1376 179 1409 240 ᾧ
1433 181 1600 247 ᾌγρίπ·
1623 223 1627 227 .

248 269 333 305 πας
369 253 677 310 προσεκέκλιτο
711 254 937 311 (βουβῶνα
976 254 1018 296 δ’
1056 256 1101 297 οὗ
1123 253 1327 309 Ῥωμαῖοι
1364 256 1441 297 τὸν
1473 255 1599 310 ὄρνιν

249 332 408 368 τοῦτον
450 326 675 381 καλοῦσι),
717 333 804 368 τῶν
848 327 1082 380 δεσμωτῶν
1124 341 1188 375 τις
1230 326 1456 381 Γερμανὸς
1497 329 1602 380 θεά-

249 396 437 450 σάμενος
467 398 596 452 ἤρετο
628 398 707 439 τὸν
740 398 1008 452 στρατιώτην
1036 397 1153 446 ὅστις
1179 401 1244 451 εἴη
1279 396 1300 438 ὁ
1335 395 1382 437 ἐν
1413 402 1463 451 τῇ
1495 410 1601 451 πορ-

247 468 418 521 φυρίδι,
456 467 601 522 <196>
633 466 706 509 καὶ
738 468 898 521 μαθὼν
931 465 1010 522 μὲν
1032 466 1274 522 Ἀγρίππαν
1302 463 1429 521 ὄνομ’
1467 466 1601 524 αὐτῷ,
1637 480 1654 506 5

241 535 462 580 Ἰουδαῖον
501 536 550 579 δὲ
581 539 630 580 τὸ
663 536 791 591 γένος
821 537 893 579 καὶ
931 545 1018 579 τῶν
1052 538 1195 593 ἐκείνῃ
1237 537 1600 592 ἀξιολογώτατον,

246 607 404 661 ἠξίωσε
448 610 525 651 τὸν
570 607 894 662 συνδεδεμένον
939 609 1056 665 αὐτῷ
1103 609 1372 664 στρατιώτην
1413 610 1601 663 πλησίον

248 678 398 720 ἐλθεῖν
433 679 505 720 διὰ
538 681 701 733 λόγων·
741 680 986 734 βούλεσθαι
1019 680 1102 735 γάρ
1134 695 1233 721 τινα
1267 677 1377 734 ἀμφὶ
1409 686 1496 720 τῶν
1522 693 1601 720 πα-

247 751 382 804 τρίων
415 748 596 804 ἐρέσθαι
628 749 773 791 αὐτόν.
830 750 974 804 <197>
1006 748 1078 791 καὶ
1103 751 1264 805 τυχών,
1296 748 1389 791 ἐπεὶ
1413 752 1601 803 πλησιόν

245 820 437 874 ἵσταται,
469 818 526 861 δι’
565 818 785 875 ἑρμηνέως
818 816 866 878 “ᾦ
899 820 1067 862 νεανία’
1100 823 1230 875 φησί,
1263 820 1491 875 ἵκαταχθεῖ
1520 819 1600 875 μέν
1623 834 1654 859 10

247 902 294 932 σε
327 893 375 933 τὸ
408 891 636 945 αἰφνίδιον
674 897 749 945 τῆς
787 894 1048 946 μεταβολῆς,
1090 893 1260 945 πολλήν
1297 888 1342 932 θ’
1381 891 1494 933 οὕτω
1528 890 1600 933 καὶ

245 960 688 1019 ἀθρόαν-ἐπαγαγὸν
739 962 819 1016 τὴν
870 963 1025 1017 τύχην·
1084 962 1260 1004 ἀπιστία
1306 960 1358 1003 δέ
1400 974 1469 1004 σοι
1513 969 1600 1004 τῶν

246 1034 391 1085 λόγων
437 1034 482 1075 οἳ
522 1031 584 1074 ἐπ’
625 1032 832 1088 ἀποφυγῇ
877 1040 1014 1075 κακοῦ
1058 1040 1137 1075 τοῦ
1182 1032 1468 1088 ἐφεστηκότος
1507 1034 1600 1088 διῃ-
1651 1088 1654 1089 ⁷

245 1109 407 1157 ροῦντο
440 1109 519 1145 τοῦ
551 1105 681 1145 θείου
713 1104 793 1158 τὴν
825 1105 1053 1159 πρόνοιαν.
1111 1104 1257 1158 <198>
1291 1107 1386 1145 ἴσθι
1419 1119 1466 1157 γε
1499 1105 1601 1158 μήν,

244 1176 381 1223 θεοὺς
418 1176 520 1224 τοὺς
559 1173 690 1228 ἐμοὺς
727 1176 937 1230 πατρίους
967 1172 1040 1216 καὶ
1078 1176 1181 1224 τοὺς
1212 1170 1311 1229 τῇδ’
1348 1173 1600 1229 ἐγχωρίους,
1622 1186 1655 1212 15

246 1246 291 1286 οἳ
320 1242 440 1286 τόνδ’
474 1244 805 1300 ἐπρυτάνευσαν
832 1245 937 1299 ἡμῖν
962 1246 1039 1287 τὸν
1066 1246 1267 1300 σίδηρον,
1299 1243 1601 1299 ἐπομνύμενος

244 1313 352 1365 λέξω
395 1317 446 1357 τὰ
488 1316 650 1370 πάντα,
695 1312 798 1358 οὔθ’
840 1316 979 1371 ἡδονῇ
1023 1316 1291 1373 γλωσσάλγςο
1334 1316 1488 1365 διδοὺς
1524 1318 1601 1358 τὸν

245 1384 310 1426 ἐπ’
348 1386 496 1436 αὐτοῖς
529 1388 662 1440 λόγον
702 1386 802 1428 οὔτε
845 1387 918 1428 διὰ
958 1392 1087 1440 κενῆς
1118 1386 1333 1440 εὐθυμεῖν
1366 1397 1413 1427 σε
1446 1385 1601 1428 ἐσπου-

245 1457 404 1506 δακώς·
445 1457 588 1511 <199>
614 1457 663 1498 αἱ
685 1458 766 1511 γάρ
796 1455 864 1499 ἐπὶ
891 1458 1084 1499 τοιοῖσδε
1110 1457 1451 1510 προαγορεύσεις
1476 1457 1601 1499 ὑστε-

244 1529 427 1582 ρηκότος
457 1533 536 1569 τοῦ
569 1527 878 1578 ἀποδείξοντος
914 1529 1047 1583 ἔργου
1082 1525 1387 1583 χαλεπωτέραν
1422 1529 1599 1584 προστί-
1619 1541 1653 1566 20

243 1602 401 1639 θενται
422 1599 502 1652 τὴν
523 1597 753 1653 ἀχθηδόνα
779 1605 858 1641 τοῦ
886 1600 927 1640 εί
943 1596 1053 1653 μηδὲ
1073 1599 1154 1653 τὴν
1174 1598 1312 1653 ἀρχὴν
1334 1597 1596 1654 ἀκροάσαιτο

244 1668 402 1710 αὐτῶν.
465 1668 576 1710 ἀλλὰ
607 1667 680 1710 καὶ
711 1670 759 1711 τὸ
793 1668 899 1723 ἐμὸν
931 1670 1158 1718 κινδύνοις
1193 1670 1595 1725 παραβαλλόμενος,

243 1740 417 1781 δίκαιον
457 1739 688 1794 ἡγησάμην
731 1751 800 1782 σοι
843 1740 1113 1795 διασαφῆσαι
1149 1740 1230 1793 τὴν
1270 1741 1595 1795 προαγόρευσιν

241 1816 330 1851 τῶν
362 1814 493 1851 θεῶν.
557 1809 703 1865 <200>
743 1811 823 1852 οὐκ
855 1808 950 1852 ἔσθ’
990 1810 1106 1860 ὅπως
1143 1810 1223 1852 οὐκ
1261 1809 1428 1860 εὐθέως
1459 1810 1594 1852 ἀπαλ-

242 1882 354 1934 λαγή
387 1879 437 1921 τέ
465 1892 534 1922 σοι
567 1882 705 1923 τῶνδε
738 1889 826 1924 τῶν
859 1883 1032 1935 δεσμῶν
1058 1880 1268 1936 παρέσται
1300 1879 1372 1923 καὶ
1403 1881 1593 1936 πρόοδος
1612 1893 1645 1918 25

241 1949 312 1992 ἐπὶ
344 1953 554 2005 μήκιστον
587 1950 829 2006 ἀξιώματός
860 1968 905 1993 τε
937 1950 1009 1993 καὶ
1043 1952 1292 2006 δυνάμεως,
1334 1953 1519 2006 ζηλωτός
1550 1950 1585 1993 τ’

242 2020 297 2063 ἂν
328 2020 475 2075 γένοιο
502 2028 636 2063 πᾶσιν
663 2024 709 2064 οἳ
737 2029 821 2064 νῦν
855 2021 914 2064 δι’
943 2027 1091 2065 οἴκτου
1118 2023 1192 2072 τὰς
1216 2023 1348 2077 τύχας
1379 2033 1460 2064 σου
1486 2025 1592 2077 λαμ-

241 2091 473 2146 βάνουσιν,
505 2092 728 2147 εὐδαίμων
760 2091 794 2135 τ’
828 2092 883 2135 ἂν
909 2100 1054 2135 ποιοῖο
1081 2094 1161 2147 τὴν
1189 2094 1408 2147 τελευτήν,
1440 2091 1592 2135 παισὶν

241 2164 288 2204 οἳ
329 2159 417 2204 εἷεν
458 2164 534 2205 τὸν
576 2164 711 2218 ὄλβον
751 2166 1129 2218 καταλειπόμενος.
1192 2163 1485 2218 μνημονεύειν
1528 2163 1592 2218 δέ,

241 2229 362 2275 ὁπότ’
387 2234 588 2282 εἰσαῦθις
607 2235 683 2275 τὸν
705 2234 831 2287 ὄρνιν
850 2234 1035 2276 θεάσαιο
1060 2241 1232 2287 τοῦτον,
1259 2231 1385 2275 πέντε
1413 2232 1592 2288 ἡμέραις
1611 2246 1646 2271 3ο

241 2314 311 2346 σοι
343 2304 422 2358 τὴν
454 2305 659 2358 τελευτὴν
699 2303 924 2359 ἐσομένην.
986 2304 1131 2359 <201>
1164 2309 1298 2346 ταῦτα
1329 2304 1590 2360 πεπράξεται
