1732 2526
160 547 203 577 25

232 76 318 117 334
794 77 1023 111 ΙΩΣΗΠΟΤ

231 182 415 238 βεριέων
441 184 589 239 χώραν
614 183 804 234 ἀκούσας
829 182 901 226 ὑπ’
928 184 1064 226 αὐτοῦ
1085 187 1404 238 λεηλατεῖσθαι.
1434 182 1580 237 <121>

230 251 286 308 ἦν
325 250 364 296 δ’
402 254 424 296 ὁ
456 256 786 305 Νεοπολιτανὸς
825 259 919 309 ἴλης
956 252 1035 309 μὲν
1075 257 1280 309 ἔπαρχος,
1319 256 1579 308 παρειλήφει

231 322 279 366 δὲ
317 326 396 379 τὴν
428 327 720 368 Σκυθόπολιν
758 327 820 375 εἰς
858 326 1061 380 φυλακὴν
1099 326 1179 378 τὴν
1217 324 1302 367 ἀπὸ
1333 331 1420 366 τῶν
1451 328 1579 367 πολε-

230 398 354 450 μίων.
416 403 574 438 τοῦτον
606 393 688 438 οὖν
720 397 919 446 κωλύσας
952 395 1021 437 ἐπὶ
1051 394 1185 438 πλέον
1223 396 1304 450 τὴν
1343 395 1580 449 Τιβεριάδα

230 472 410 520 κακοῦν,
441 465 540 520 περὶ
572 467 652 520 τὴν
683 472 757 520 τῆς
789 468 1025 515 Γαλιλαίας
1055 468 1269 520 πρόνοιαν
1303 465 1527 520 ἐγενόμην.

318 537 462 591 <122>
503 537 524 578 ὁ
565 534 613 578 δὲ
650 543 729 579 τοῦ
767 539 882 579 Λευὶ·
918 545 1019 586 παῖς
1051 535 1278 590 Ἰωάννης,
1324 535 1375 577 ὃν
1413 537 1579 590 ἔφαμεν

232 606 279 648 ἐν
316 615 407 656 τοῖς
441 608 672 662 Γισχάλοις
711 608 972 662 διατρίβειν,
1015 609 1269 661 πυθόμενος
1299 606 1441 648 πάντα
1472 606 1579 648 κατὰ

233 683 341 720 νοῦν
374 694 447 732 μοι
479 685 741 733 προχωρεῖν,
772 677 843 719 καὶ
871 676 930 719 δι>
962 678 1137 727 εὐνοίας
1168 676 1248 731 μὲν
1275 674 1391 718 εἶναί
1413 692 1463 731 με
1489 683 1580 726 τοῖς

229 749 453 802 ὑπηκόοις,
485 756 576 797 τοῖς
606 751 830 802 πολεμιόις
856 746 904 790 δὲ
931 746 989 790 δι’
1024 748 1281 801 ἐκπλήξεως,
1314 748 1395 789 οὐκ
1423 744 1472 789 εὐ
1498 748 1578 801 τὴν

230 820 411 873 γνώμην
444 818 636 872 διετέθη,
667 819 906 860 κατάλυσιν
940 816 977 860 δ’
1016 819 1133 875 αὐτῷ
1166 820 1246 872 τὴν
1279 818 1387 872 ἐμὴν
1418 818 1577 872 εὐπρα-

228 891 330 943 γίαν
362 888 516 943 φέρειν
547 891 738 944 νομίζων
770 891 831 939 είς
862 891 1041 944 φθόνον
1075 888 1300 939 ἐξώκειλεν
1339 889 1392 930 οὔ
1432 903 1474 929 τι
1505 889 1578 943 με’-

227 975 372 1014 τριον,
416 960 561 1014 <193>
601 959 673 1001 καὶ
713 961 898 1002 παύσειν
940 975 990 1014 με
1031 966 1106 1014 τῆς
1146 960 1347 1014 εὐτυχίας
1385 957 1577 1013 ἐλπίσας,

1617 481 1633 507 5

1600 834 1632 858 10

227 1032 268 1072 εἰ
298 1032 415 1085 παρὰ
446 1039 533 1073 τῶν
565 1031 773 1085 ὑπηκόων
800 1039 925 1085 μῖσος
952 1029 1164 1084 ἐξάψειεν,
1197 1032 1345 1071 ἔπειθε
1370 1031 1473 1079 τοὺς
1496 1030 1577 1084 τὴν
1599 1048 1602 1049 ’

233 1101 469 1156 Τιβεριάδα
500 1108 812 1151 κατοικοῦντας
837 1100 909 1143 καὶ
939 1103 1042 1151 τοὺς
1073 1101 1152 1154 τὴν
1180 1100 1436 1155 Σέπφωριν,
1467 1101 1577 1155 πρὸς

228 1172 399 1227 τούτοις
440 1169 488 1213 δὲ
528 1170 600 1213 καὶ
641 1174 742 1221 τοὺς
781 1172 960 1227 Γάβαρα
1003 1171 1170 1228 (πόλεις
1211 1170 1249 1213 δ’
1294 1170 1407 1212 εἰσὶν
1447 1168 1574 1213 αὗται

227 1249 314 1284 τῶν
354 1243 462 1284 κατὰ
502 1244 581 1297 τὴν
623 1244 865 1284 Γαλιλαίαν
907 1243 955 1284 αἱ
993 1241 1210 1297 μέγισται)
1255 1248 1330 1295 τῆς
1372 1243 1481 1297 πρός
1524 1257 1575 1296 με

226 1315 411 1363 πίστεως
443 1313 716 1363 ἀποστάντας
747 1313 863 1370 αὑτῷ
890 1315 1231 1367 προστίθεσθαι·
1270 1319 1466 1367 κρεῖττον
1492 1312 1576 1367 γὰρ

227 1383 335 1438 ἐμοῦ
362 1385 677 1439 στρατηγήσειν
704 1384 848 1425 αὐτῶν
874 1385 1075 1439 ἔφασκεν.
1123 1384 1266 1437 <124>
1291 1381 1363 1424 καὶ
1389 1385 1577 1437 Σεπφω-

228 1462 318 1509 ρεῖς
349 1453 428 1509 μέν
468 1453 703 1511 (οὐδετέρῳ
741 1455 824 1509 γὰρ
862 1455 986 1509 ἡμῶν
1023 1461 1259 1509 προσεῖχον
1298 1454 1371 1495 διὰ
1402 1455 1450 1495 τὸ
1477 1451 1576 1494 Ῥω-

228 1528 384 1580 μαίους
415 1524 610 1582 ᾑρῆσθαι
643 1524 873 1581 δεσπότας)
908 1525 989 1567 οὐκ
1026 1523 1236 1567 ἐπένευον
1267 1524 1405 1581 αὐτῷ,
1451 1526 1575 1578 Τιβε-

228 1604 335 1652 ριεῖς
367 1594 415 1638 δὲ
446 1597 525 1650 τὴν
558 1594 637 1651 μὲν
669 1595 911 1638 ἀπόστασιν
938 1596 1018 1638 οὐκ
1044 1594 1264 1651 ἐδέχοντο,
1296 1593 1404 1648 [καὶ]
1438 1594 1575 1636 αὐτοῦ

228 1664 275 1708 δὲ
321 1666 642 1720 συγκατένευον
693 1669 960 1722 γενησεσθαι
1004 1668 1138 1721 φίλοι.
1214 1666 1260 1708 oc
1304 1663 1351 1707 δὲ
1397 1665 1576 1720 Γάβαρα

227 1745 532 1787 κατοικοῦντες
569 1740 882 1793 προστίθενται
920 1742 978 1794 τῷ
1007 1736 1210 1792 Ἰωάννῃ·
1255 1738 1411 1790 Σίμων
1443 1733 1483 1777 δ’
1521 1733 1576 1790 ἦν

228 1808 250 1850 ὁ
282 1812 547 1863 παρακαλῶν
585 1809 765 1862 αὐτούς,
802 1809 1041 1863 πρωτεύων
1079 1805 1158 1862 μὲν
1189 1813 1264 1862 τῆς
1294 1809 1481 1861 πόλεως,
1518 1806 1576 1856 ὡς

227 1881 341 1936 φίλῳ
376 1877 422 1920 δὲ
454 1878 525 1921 καὶ
559 1877 714 1936 ἑταίρῳ
746 1885 804 1935 τῷ
833 1878 1016 1935 Ἰωάννῃ
1048 1879 1283 1934 χρώμενος.
1346 1878 1490 1931 <125>
1528 1876 1575 1918 ἐκ

228 1948 308 2004 μὲν
336 1946 421 1991 οὖν
454 1956 532 1991 τοῦ
564 1956 761 2004 φανεροῦ
798 1950 878 2003 τὴν
915 1948 1156 1990 ἀπόστασιν
1196 1949 1274 2004 οὐχ
1317 1948 1585 2002 ὡμολόγουν.

228 2019 422 2076 (σφόδρα
455 2020 537 2075 γὰρ
570 2019 849 2062 ἐδεδοίκεσαν
881 2022 983 2069 τοὺς
1009 2021 1271 2068 Γαλιλαίους
1297 2019 1370 2060 ἅτε
1402 2019 1457 2071 δὴ
1483 2025 1575 2060 πεῖ-

229 2107 311 2144 ραν
344 2090 490 2132 αὐτῶν
521 2097 596 2144 τῆς
626 2092 735 2145 πρὸς
765 2088 839 2145 ἐμὲ
870 2091 1079 2139 πολλάκις
1115 2089 1292 2139 εὐνοίας
1331 2086 1576 2144 λαβόντες),

229 2161 275 2204 ἐκ
315 2168 393 2204 τοῦ
426 2163 664 2215 λεληθότος
705 2159 753 2202 δὲ
790 2162 946 2216 καιρὸν
982 2160 1394 2216 παραφυλάττοντες
1431 2157 1575 2212 ἐπιτή-

230 2233 351 2275 δειον
384 2232 689 2287 ἐπεβούλευον.
739 2233 810 2273 καὶ
843 2233 896 2286 δὴ
924 2231 1147 2286 ἀφικόμην
1174 2231 1236 2280 εἰς
1260 2230 1472 2271 κίνδυνον
1497 2230 1574 2271 τὸν

229 2301 434 2357 μέγιστον
467 2303 539 2344 διὰ
571 2303 779 2356 τοιαύτην
811 2304 966 2344 αἰτίαν.

1597 1185 1629 1210 15

1595 1537 1629 1563 20

1595 1888 1628 1915 25

1593 2240 1628 2265 30
