1732 2526
235 62 321 103 288
486 36 489 37 ⁷
725 63 1087 96 ΑΡΧΑΙΟΛΟΓΙΑΣ

234 181 387 219 σαντες
419 168 598 225 (λῃστὴς
617 167 668 211 δ’
707 167 834 219 οὗτος
865 167 921 224 ἦν
953 171 1024 224 ἔτη
1057 170 1198 212 πολλὰ
1236 170 1316 223 τὴν
1349 169 1580 224 διατριβὴν

234 240 283 282 ἐν
328 241 419 293 ὄρει
459 238 789 296 πεποιημένος),
833 241 980 295 κώμας
1023 240 1145 289 τινὰς
1194 246 1282 281 τῶν
1333 238 1581 295 Σαμαρέων

233 311 531 365 ἐμπρήσαντες
569 311 867 364 διαρπάζουσι.
936 312 1092 364 <122>
1131 312 1367 365 Κουμανὸς
1405 309 1469 365 δέ,
1506 317 1581 365 τῆς

231 381 428 437 πράξεως
471 383 533 432 εἰς
576 382 709 424 αὐτὸν
755 380 1042 436 ἀφικομένης,
1084 380 1319 435 ἀναλαβὼν
1368 381 1448 434 τὴν
1491 387 1579 423 τῶν

231 453 529 506 Σεβαστηνῶν
562 456 659 506 ι”λην
691 451 763 493 καὶ
794 454 934 503 πεζῶν
966 451 1146 505 τέτταρα
1171 452 1382 506 τάγματα,
1407 452 1510 501 τούς
1534 466 1579 493 τε

232 525 508 577 Σαμαρείτας
538 525 825 576 καθοπλίσας,
859 521 1045 576 ἐξῆλθεν
1085 521 1152 564 ἐπὶ
1194 524 1295 571 τοὺς
1321 519 1580 576 Ἰουδαίους,

233 592 304 634 καὶ
337 594 575 647 συμβαλὼν
607 595 798 642 πολλοὺς
830 590 909 646 μὲν
949 593 1093 634 αὐτῶν
1133 591 1580 647 ἀπέκτεινε,’πλείους

233 661 281 705 δὲ
315 665 476 714 ζῶντας
514 664 680 717 ἔλαβεν.
743 664 888 717 <123>
928 664 973 704 οἱ
1011 660 1059 704 δὲ
1100 670 1263 718 πρῶτοι
1302 662 1410 704 κατὰ
1447 663 1579 717 τιμὴν

233 733 306 775 καὶ
332 732 459 787 γένος
476 728 572 774 τῶν
591 729 956 787 Ἱεροσολυμιτῶν
984 733 1042 782 ὡς
1067 730 1188 775 εἶδον
1215 734 1276 782 εἰς
1308 727 1404 775 οἷον
1431 740 1577 774 κακῶν

231 803 418 858 μέγεθος
455 803 625 857 ἥκουσι,
664 803 1036 858 μετενδυσάμενοι
1075 803 1261 852 σάκκους
1298 802 1370 845 καὶ
1409 787 1578 846 σποδοῦ

230 875 306 923 τὰς
343 874 536 928 κεφαλὰς
573 873 901 927 ἀναπλήσαντες
937 881 1138 916 παντοῖοι
1181 876 1284 923 τοὺς
1328 873 1579 928 ἀφεστῶτας

228 948 583 999 παρακαλοῦντες
626 942 754 999 ἦσαν,
797 943 874 986 καῖ
913 947 1164 998 πείθοντες,
1207 945 1291 1000 πρὸ
1331 945 1577 999 ὀφθαλμῶν

228 1014 449 1070 θεμένους
480 1014 934 1070 κατασκαφησομένην
966 1013 1046 1070 μὲν
1078 1015 1224 1057 αὐτῶν
1262 1016 1342 1070 τὴν
1373 1016 1583 1071 πατρίδα,

229 1087 277 1127 τὸ
311 1084 350 1127 δ’
388 1087 508 1141 ἱερὸν
540 1088 1014 1140 πυρποληθησόμενον,
1047 1086 1193 1128 αὐτῶν
1232 1084 1280 1127 δὲ
1321 1084 1393 1127 καὶ
1425 1102 1576 1139 γυναι-

227 1164 318 1198 κῶν
350 1159 433 1198 σὺν
470 1156 638 1206 τέκνοις
676 1156 1062 1211 ἀνδραποδισμοὺς
1099 1155 1349 1211 ἐσομένους,
1391 1155 1575 1210 μεταθέ-

230 1231 335 1268 σθαι
362 1229 439 1269 τὸν
459 1229 688 1281 λογισμόν,
707 1225 780 1268 καὶ
799 1227 850 1268 τὰ
877 1227 989 1268 ὅπλα
1010 1227 1221 1281 ῥίψαντας
1241 1227 1418 1281 ἠρεμεῖν
1440 1228 1501 1276 εἰς
1526 1229 1573 1269 τὸ

229 1300 398 1355 λοιπόν,
431 1297 799 1353 ἀποχωρήσαντας
830 1299 891 1346 εἰς
917 1298 968 1339 τὰ
995 1296 1154 1339 αὑτῶν.
1198 1303 1332 1339 ταῦτα
1359 1296 1398 1339 δ’
1429 1298 1574 1340 εἰπόν-

227 1384 296 1418 τες
327 1370 519 1423 ἕπεισαν,
552 1369 697 1423 <124>
729 1367 800 1409 καὶ
833 1370 878 1410 οἳ
907 1366 986 1422 μὲν
1019 1369 1309 1423 διελύθησαν,
1347 1367 1573 1424 οῐλῃσταὶ

228 1437 267 1480 δ’
305 1438 373 1480 ἐπὶ
406 1441 508 1488 τοὺς
540 1439 729 1494 ὀχυροὺς
759 1441 919 1488 τόπους
950 1439 1083 1480 πάλιν
1115 1438 1331 1492 ἀπῆλθον.
1395 1437 1436 1489 ἐξ
1467 1437 1574 1480 ἐκεί-

226 1525 308 1552 νου
342 1508 381 1550 δ’
418 1509 443 1563 ἡ
477 1507 681 1566 σύμπασα
708 1507 901 1552 Ἰουδαία
933 1512 1180 1565 λῃστηρίων
1212 1509 1425 1564 ἐπλήσθη.

316 1580 460 1634 <125>
498 1578 746 1635 Σαμαρέων
792 1578 829 1621 δ’
880 1581 926 1621 οἱ
965 1587 1130 1635 πρῶτοι
1168 1581 1278 1635 πρὸς
1323 1579 1572 1634 Οὐμμίδιον

226 1651 518 1705 Κουαδρᾶτον
549 1657 624 1705 τῆς
644 1653 813 1705 Συρίας
843 1652 1154 1705 προεστηκότα,
1178 1651 1286 1692 κατὰ
1311 1652 1388 1693 τὸν
1417 1652 1572 1705 καιρὸν

227 1720 395 1762 ἐκεῖνον
428 1720 476 1763 ἐν
514 1721 641 1778 Τύρῳ
679 1721 967 1776 τυγχάνοντα,
1003 1722 1352 1776 παραγενόμενοι
1388 1722 1572 1775 κατηγό-

226 1806 336 1843 ρουν
368 1799 455 1833 τῶν
482 1789 710 1833 Ἰουδαίων
742 1792 799 1841 ὡς
830 1792 904 1840 τὰς
935 1792 1081 1845 κώμας
1118 1791 1263 1833 αὐτῶν
1304 1790 1571 1846 ἐμπρήσειαν

225 1860 297 1902 καὶ
329 1862 627 1915 διαρπάσειαν.
689 1862 834 1916 <126>
867 1860 938 1903 καὶ
978 1861 1077 1917 περὶ
1118 1859 1198 1916 μὲν
1240 1858 1302 1903 ὧν
1339 1860 1465 1903 αὐτοὶ
1496 1875 1570 1903 πε-

224 1933 448 1973 πόνθασιν
481 1933 560 1988 οὐχ
592 1932 731 1982 οὕτως
763 1932 1026 1986 ἀγανακτεῖν
1058 1934 1252 1987 ἔφασκον
1284 1932 1343 1982 ὡς
1378 1932 1444 1973 ὅτι
1469 1930 1569 1973 Ῥω-

224 2004 366 2056 μαίων
398 2005 791 2057 καταφρονήσειαν,
824 2001 890 2058 ἐφ’
929 2003 1006 2053 οὓς
1041 2004 1190 2058 κριτὰς
1231 2002 1362 2058 ἐχρῆν
1394 2002 1568 2057 αὐτούς,

224 2077 343 2128 εἴπερ
376 2073 625 2126 ἠδικοῦντο,
656 2072 999 2129 παραγενέσθαι,
1035 2081 1120 2116 νῦν
1153 2072 1216 2128 δέ,
1248 2074 1305 2123 ὡς
1336 2072 1416 2115 οὐκ
1447 2072 1568 2128 ἐχόν-

223 2159 310 2185 των
341 2143 558 2197 ἡγεμόνας
582 2142 833 2198 Ῥωμαίους,
864 2145 1172 2200 καταδραμεῖν.
1227 2144 1350 2198 ήκειν
1382 2139 1465 2185 οὖν
1496 2141 1562 2184 ἐπ’

1599 819 1631 843 10

1596 1170 1628 1196 15

1593 1523 1626 1549 20

1590 1873 1622 1899 25

224 2214 359 2256 αὐτὸν
391 2213 581 2264 ἐκδικίας
611 2215 874 2270 τευξόμενοι.
937 2221 1071 2256 ταῦτα
1103 2213 1183 2269 μὲν
1224 2211 1305 2256 οὖν
1343 2213 1390 2256 οἱ
1417 2216 1566 2268 Σαμα-
1586 2225 1620 2250 30

317 2298 336 2337 g
364 2298 429 2328 122
457 2295 502 2329 cf.
528 2294 619 2330 Bon.
646 2294 722 2329 Iud.
750 2295 784 2328 H
811 2299 865 2339 1-2,
887 2300 918 2330 5.
970 2299 989 2338 g
1011 2299 1077 2329 125
1104 2295 1149 2330 ef.
1169 2294 1261 2329 Bell.
1288 2293 1365 2329 Iud.
1393 2293 1427 2327 11
1455 2297 1507 2338 12,
1533 2297 1564 2329 6.
