1732 2526
203 567 224 597 2

251 95 272 134 1
282 94 337 135 84
744 95 1109 128 ΑΡΧΑΙΟΛΟΓΙΑΣ

250 202 442 256 φανερὸς
469 198 524 255 ἧν
553 200 845 257 ἐργασόμενός
871 218 910 243 τι
938 203 1087 244 δεινὸν
1113 202 1284 251 αὐτούς.
1329 201 1351 244 ὁ
1381 199 1430 243 δὲ
1451 202 1621 243 Φίλων-

252 273 383 323 ἕξεισι
415 271 797 328 περιυβρισμένος,
830 271 901 314 καὶ
934 271 1042 326 φησὶ
1074 274 1182 327 πρὸς
1213 274 1316 322 τοὺς
1347 271 1599 324 Ἰουδαίους,

253 346 298 385 οἳ
326 342 425 398 περὶ
459 343 595 385 αὐτὸν
626 340 755 397 ἦσαν,
788 343 845 392 ὡς
876 344 958 397 χρὴ
985 347 1189 398 θαρρεῖν,
1216 344 1257 384 Γ
1254 345 1354 385 α’ίόυ
1380 344 1495 400 λόγῳ
1522 339 1602 396 μὲν

252 413 402 463 αὐτοῖς
435 412 725 468 ὠργισμένου,
760 415 871 470 ἔργω
905 411 943 454 δ’
982 415 1065 468 ἤδη
1098 415 1175 455 τὸν
1201 413 1311 455 θεὸν
1350 412 1602 467 ἀντιπαρεξ-

253 482 469 540 άγοιντος.ξ

343 555 487 608 <261>
523 555 654 603 Γάιος
688 551 728 595 δ’
765 554 813 596 ἐν
846 555 976 611 δεινῷ
1010 553 1160 609 φέρων
1199 556 1261 604 εἰς
1297 552 1472 596 τοσόνδ’
1518 553 1603 596 ὑπὸ

246 621 475 667 Ἰουδαίων
514 629 767 679 περιῶφθαι
809 627 978 679 μόνων,
1015 626 1289 679 πρεσβευτὴν
1328 623 1396 666 ἐπὶ
1437 626 1606 678 Συρίας

253 695 460 750 ἐκπέμπει
507 696 786 750 Πετρώνιον,
832 695 1042 750 διάδοχον
1081 693 1295 753 ’ὅιτελλίῳ
1339 701 1414 749 τῆς
1458 694 1606 749 ἀρχῆς,

252 767 447 808 κελεύων
479 764 591 820 χειρὶ
626 768 766 820 πολλῇ
799 766 1046 819 εἰσβαλόντι
1078 767 1140 815 εἰς
1176 766 1257 819 τὴν
1294 761 1531 818 Ἰουδαίαν,
1569 766 1610 806 εἰ

1639 496 1657 523 5

256 835 336 891 μὲν
377 834 549 885 ἑκόντες
589 834 803 891 δέχοιντο,
843 836 968 877 ἱστᾶν
1006 836 1142 878 αὐτοῦ
1181 835 1422 890 ἀνδριάντα
1461 834 1508 877 ἐν
1546 841 1604 892 τῷ
1628 851 1660 876 10

257 913 350 964 ναῷ
395 914 474 948 τοῦ
518 911 646 961 θεοῦ,
690 908 731 948 εἰ
771 903 810 947 δ’
859 905 1154 962 ἀγνωμοσύνῃ
1198 914 1387 963 χρῷντο,
1431 905 1606 963 πολέμῳ

257 980 534 1033 κρατήσαντα
554 984 683 1020 τοῦτο
704 984 860 1019 ποιεῖν.
905 976 1049 1031 <262>
1069 976 1140 1018 καὶ
1161 978 1415 1031 Πετρώνιος
1435 979 1607 1031 Συρίαν

258 1048 528 1103 παραλαβὼν
566 1049 766 1102 ἠπείγετο
808 1049 1112 1090 διακονεῖσθαι
1156 1055 1250 1097 ταῖς
1294 1047 1490 1097 ἐντολαῖς
1530 1053 1608 1090 τοῦ
1642 1094 1645 1095 ⁷

261 1122 502 1175 Καίσαρος·
537 1121 787 1174 συμμαχίαν
808 1116 856 1160 δὲ
875 1121 1084 1172 πλείστην
1106 1119 1214 1173 ὅσην
1239 1118 1434 1172 ἠδύνατο
1455 1117 1607 1172 ἀθροί-

260 1202 353 1244 σας,
385 1189 457 1232 καὶ
489 1190 682 1244 τάγματα
716 1191 797 1232 δύο
835 1195 910 1243 τῆς
940 1187 1163 1244 Ῥωμαίων
1203 1189 1431 1244 δυνάμεως
1471 1190 1607 1242 ἄγων,
1628 1202 1661 1227 15

259 1259 328 1302 ἐπὶ
361 1261 667 1314 Πτολεμαΐδος
697 1266 842 1315 παρῆν
875 1259 1034 1301 αὐτόθι
1066 1260 1287 1314 χειμάσων
1315 1260 1372 1309 ὡς
1397 1260 1505 1314 πρὸς
1533 1262 1608 1314 εἀρ

262 1338 341 1373 τοῦ
385 1334 593 1385 πολεμεῖν
638 1330 718 1373 οὐκ
763 1329 1046 1385 ἀφεξόμενος,
1088 1328 1159 1372 καὶ
1204 1331 1312 1385 πρὸς
1355 1331 1432 1372 τὸν
1471 1330 1608 1372 Γάιον

260 1403 422 1456 ἔγραψε
463 1399 561 1456 περὶ
606 1408 693 1442 τῶν
740 1399 1096 1455 ἐπεγνωσμένων.
1172 1399 1194 1441 ὃ
1246 1397 1285 1441 δ’
1342 1399 1491 1456 ἐπῄνει
1536 1407 1610 1455 τῆς

258 1473 512 1526 προθυμίας
545 1470 694 1524 αὐτόν,
728 1470 799 1512 καὶ
827 1470 996 1513 ἐκέλευε
1030 1472 1087 1526 μὴ
1115 1469 1300 1525 ἀνιέναι,
1326 1474 1534 1526 πολεμεῖν
1561 1469 1609 1513 δὲ

259 1545 316 1597 μὴ
348 1540 631 1596 πειθομένοις
663 1541 963 1596 ἐντεταμένως.
1009 1541 1154 1596 <263>
1176 1541 1403 1584 Ἰουδαίων
1430 1539 1479 1584 δὲ
1504 1546 1608 1584 πολ-
1629 1556 1663 1581 20

258 1611 331 1654 λαὶ
365 1613 575 1668 μυριάδες
605 1618 807 1667 παρῆσαν
841 1613 899 1662 ὡς
942 1613 1020 1654 τὸν
1053 1613 1312 1667 Πετρώνιον
1351 1614 1413 1663 εἰς
1444 1616 1610 1656 Πτολε-

260 1684 396 1738 μαΐδα
427 1684 534 1724 κατὰ
568 1683 739 1736 δεήσεις
764 1684 822 1737 μὴ
851 1681 919 1724 ἐπὶ
945 1685 1195 1739 παρανομίᾳ
1222 1689 1334 1738 σφᾶς
1367 1682 1609 1737 ἐπαναγκά-

262 1756 350 1804 ζειν
381 1752 452 1795 καὶ
485 1753 729 1808 παραβάσει
756 1760 835 1795 τοῦ
860 1756 1045 1808 πατρίου
1078 1755 1231 1808 νόμου.
1294 1755 1436 1808 <264>
1469 1754 1532 1796 εεί
1562 1753 1615 1796 δέ

260 1835 331 1865 σοι
363 1824 536 1873 πάντως
560 1826 784 1877 πρόκειται
809 1825 887 1866 τὸν
913 1823 1155 1879 ἀνδριάντα
1187 1823 1340 1878 φέρειν
1371 1823 1444 1866 καὶ
1471 1825 1610 1878 ἱστᾶν,

259 1894 373 1948 ἡμᾶς
404 1894 567 1943 αὐτοὺς
597 1896 813 1949 πρότερον
840 1894 1249 1949 μεταχειρισάμενος
1273 1900 1430 1949 πρᾶττε
1462 1895 1514 1936 τὰ
1542 1895 1610 1936 δε-
1631 1908 1664 1933 25

263 1963 472 2018 δογμένα·
514 1964 566 2006 οὐ
605 1965 687 2019 γὰρ
727 1963 781 2005 ἂν
821 1965 1070 2019 δυναίμεθα
1110 1967 1334 2019 περιόντες
1365 1974 1611 2021 συγχωρεῖν

261 2035 492 2090 πράγματα
533 2035 640 2089 ἡμῖν
672 2034 1008 2090 ἀπηγορευμένα
1040 2034 1255 2090 ἀξιώματί
1288 2051 1331 2077 τε
1369 2042 1448 2077 τοῦ
1479 2052 1612 2090 νομο-

262 2105 398 2147 θέτου
431 2104 503 2146 καὶ
535 2107 827 2161 προπατόρων
859 2113 947 2147 τῶν
980 2105 1203 2161 ἡμετέρων
1240 2113 1327 2147 τῶν
1361 2107 1421 2155 εἰς
1452 2105 1611 2161 ἀρετὴν

264 2176 444 2230 ἀνήκειν
476 2175 586 2217 αὐτὰ
618 2175 1067 2231 κεχειροτονηκότωνῖ
1118 2176 1261 2230 <265>
1288 2177 1540 2230 Πετρώνιος
1567 2174 1605 2218 δ’

265 2247 402 2302 ὀργὴν
434 2247 699 2300 προσλαβὼν
731 2244 852 2288 εἶπεν
884 2245 1001 2288 (ἀλλ’
1039 2248 1079 2288 εἰ
1108 2244 1188 2300 μὲν
1227 2246 1509 2301 αὐτοκράτωρ
1549 2247 1610 2288 ὢν
1631 2259 1666 2285 30

360 2331 378 2369 ξ
405 2330 470 2361 261
499 2326 544 2362 ef.
571 2327 662 2361 Bell.
689 2327 767 2361 Iud.
794 2327 826 2360 H
855 2330 907 2371 10,
936 2332 966 2361 1.
