1732 2526
605 73 1011 108 OKTQKAIAEKATH
1405 73 1488 115 185

142 183 413 237 βουλεύμασι
445 185 636 238 χρῆσθαι
668 187 758 230 τοῖς
791 179 980 235 ἐμαυτοῦ
1013 182 1114 222 τάδε
1155 181 1362 236 πράττειν
1395 181 1483 223 έπε-

143 256 295 307 νόουν,
327 252 408 295 κᾶν
452 254 618 301 δίκαιος
660 249 714 305 ἦν
751 251 858 306 ὑμῖν
896 253 1004 307 πρός
1035 267 1084 305 με
1125 252 1146 293 ὁ
1181 254 1310 305 λόγος
1343 249 1486 302 οὗτος·

141 322 243 366 νυνὶ
277 323 328 365 δέ
356 338 429 378 μοι
463 325 684 376 Καίσαρος
716 321 1028 371 ἐπεσταλκότος
1052 328 1168 363 πᾶσα
1195 322 1361 376 ἀνάγκη
1396 324 1489 364 δια-

144 399 373 437 κονεῖσθαι
417 400 507 442 τοῖς
551 392 702 450 ἐκείνῳ
746 391 1199 448 προανεψηφισμέοις,
1233 394 1304 434 διὰ
1342 394 1390 434 τὸ
1429 395 1490 443 εἰς

109 465 384 519 5ἀνήκεστον
434 462 585 518 φέρειν
638 465 790 517 ζημίαν
834 463 915 516 τὴν
964 465 1266 518 παρακρόασιν
1316 462 1490 505 cainam?

146 536 290 589 (266)
323 533 436 576 εἐπεὶ
468 536 622 576 τοίνυν
649 534 762 576 οὕτω
789 540 983 588 φρονεῖς,
1014 530 1046 574 ὦ
1072 533 1323 588 Πετρώνιε,’
1355 531 1491 587 φασὶν

146 606 191 647 οἱ
215 604 437 658 Ἰουδαῖοι,
471 603 549 653 ςὡς
580 605 637 658 μὴ
671 603 725 645 ἂν
758 603 937 653 ἐντολὰς
969 604 1044 653 τὰς
1071 606 1208 645 Γαΐου
1234 607 1490 659 παρελθεῖν,

144 673 242 718 οὐδ’
287 674 342 716 ἂν
380 672 504 716 αὐτοὶ
542 676 847 728 παραβαίημεν
885 681 963 716 τοῦ
1002 676 1142 728 νόμου
1183 675 1262 728 τὴν
1302 677 1491 729 προαγό-

145 757 312 801 ρευσιν,
343 749 435 800 θεῷ
467 745 722 794 πεισθέντες
755 744 883 799 ἀρετῇ·
926 742 997 786 καὶ
1036 746 1189 794 πόνοις
1224 752 1312 787 τῶν
1344 745 1492 800 ἡμετέ-

94 833 128 858 10
147 833 238 870 ρων
269 817 503 870 προγόνων
536 817 598 864 εἰς
628 822 713 857 νῦν
747 815 1017 869 ἀπαράβατοι
1057 818 1360 870 μεμενηκότες,
1391 814 1486 858 οὐδ’

146 886 200 929 ἂν
244 887 538 941 τολμήσαιμεν
584 884 653 927 ἐπὶ
698 892 910 928 τοσοῦτον
954 884 1079 928 κακοὶ
1123 885 1330 939 γενέσθαι
1369 887 1493 940 ὥστε,

147 958 286 1000 ὁπόσα
329 957 479 1014 ἐκείνῳ
526 956 663 1006 δόξειε
709 957 766 1010 μὴ
810 958 1085 1011 πραττόμενα
1132 956 1307 1010 ἀγαθοῦ
1352 957 1493 1012 ῥοπὴν

146 1027 251 1082 ἡμῖν
284 1026 451 1082 φέρειν,
483 1025 608 1068 αὐτοὶ
640 1029 930 1081 παραβαίνειν
962 1025 1059 1068 ποτ’
1097 1026 1150 1068 ἂν
1183 1027 1381 1070 θάνατον
1414 1044 1493 1082 φο-

146 1096 368 1153 βηθέντες.
431 1098 574 1151 (267)
612 1098 920 1152 ὑπομενοῦμεν
966 1096 1007 1138 δ’
1060 1098 1121 1147 εἰς
1165 1098 1295 1153 τύχας
1340 1100 1494 1152 ι’όντες,

94 1185 126 1210 15
148 1167 217 1210 ἐπὶ
249 1172 421 1223 φυλακῇ
455 1183 499 1210 τε
531 1175 619 1210 τῶν
656 1170 866 1222 πατρίων,
904 1167 976 1209 καὶ
1014 1169 1294 1210 κινδυνεύειν
1333 1174 1494 1224 προθε-

147 1238 296 1294 μένοις
328 1238 481 1281 ἐλπίδα
520 1235 659 1281 οὗσαν
699 1238 1023 1293 ἐξεπιστάμενοι
1064 1239 1146 1281 κᾶν
1184 1238 1496 1294 περιγενέσθαι

148 1311 221 1352 διά
252 1326 297 1352 τε
329 1315 409 1352 τοῦ
445 1313 557 1352 θεοῦ
587 1311 636 1352 τὸ
677 1311 949 1364 στησόμενον
987 1308 1087 1364 μεθ’
1130 1310 1255 1364 ἡμῶν
1294 1309 1360 1352 ἐπὶ
1394 1318 1494 1366 τιμῇ

148 1397 196 1435 γε
228 1387 278 1436 τῇ
312 1379 482 1422 ἐκείνου
515 1381 566 1422 τὰ
599 1380 722 1422 δεινὰ
754 1379 1107 1436 ὑποδεχομένων,
1145 1379 1216 1422 καὶ
1257 1387 1333 1435 τῆς
1365 1383 1496 1437 τύχης

148 1453 196 1494 τὸ
225 1449 288 1494 ἐπ’
321 1451 544 1506 ἀμφότερα
570 1455 732 1506 φιλοῦν
758 1458 849 1500 τοῖς
873 1451 1097 1507 πράγμασι
1125 1453 1493 1507 παρατυγχάνειν·

96 1537 130 1562 20
149 1523 293 1576 (268)
325 1521 371 1564 ἐκ
404 1519 452 1563 δὲ
483 1529 562 1564 τοῦ
595 1520 665 1564 σοὶ
696 1524 933 1563 πείθεσθαι
959 1523 1127 1577 πολλὴν
1154 1521 1234 1577 μὲν
1267 1525 1496 1578 λοιδορίαν

149 1600 229 1635 τοῦ
261 1592 485 1647 ἀνάνδρου
518 1591 893 1647 προσκεισομένην
926 1593 984 1642 ὡς
1017 1592 1072 1634 δι’
1109 1593 1215 1635 αὐτὸ
1248 1594 1497 1649 παράβασιν

149 1670 228 1706 τοῦ
273 1665 412 1718 νόμου
450 1662 861 1717 προσποιουμένοις,
904 1662 976 1705 καὶ
1018 1664 1105 1718 ἅμα
1145 1665 1314 1718 πολλὴν
1359 1663 1496 1718 ὀργὴν

149 1740 227 1777 τοῦ
259 1738 385 1786 θεοῦ,
413 1733 459 1782 ὃς
491 1734 562 1774 καὶ
587 1733 704 1785 παρὰ
730 1731 799 1774 σοὶ
827 1734 1007 1787 δικαστῇ
1035 1731 1194 1786 γένοιτ’
1226 1733 1280 1776 ἂν
1313 1737 1497 1789 βελτίων

151 1807 193 1847 Γ
190 1804 318 1846 α’ίόυ.’

98 1889 132 1915 25
242 1875 386 1929 (269)
419 1873 490 1915 καὶ
524 1873 546 1916 ὁ
580 1874 832 1928 Πετρώνιος
864 1873 910 1915 ἐκ
940 1881 1029 1916 τῶν
1056 1876 1200 1928 λόγων
1225 1875 1501 1930 θεασάμενος
1527 1889 1548 1920 3

154 1947 419 1999 δυσνίκητον
452 1944 597 1986 αὐτῶν
628 1945 676 1986 τὸ
708 1950 924 1999 φρονοῦν,
955 1943 1027 1986 καὶ
1059 1946 1117 2000 μὴ
1151 1945 1205 1987 ἂν
1237 1945 1390 2001 ἀμαχεὶ
1424 1948 1499 1988 δύ-

154 2032 287 2071 ναμιν
331 2015 447 2072 αὑτῷ
492 2013 819 2069 παραγενέσθαι
870 2016 1219 2070 διακονήσασθαι
1268 2023 1327 2073 τῷ
1380 2019 1421 2058 Γ
1417 2020 1498 2075 αΐῳ

153 2087 232 2140 τὴν
253 2086 467 2128 ἀνάθεσιν
494 2092 572 2127 τοῦ
599 2084 875 2141 ἀνδριάντος,
894 2088 1037 2128 πολὺν
1064 2084 1103 2128 δ’
1135 2088 1315 2128 ἔσεσθαι
1342 2089 1498 2142 φόνον,

156 2158 257 2207 τούς
288 2173 333 2199 τε
365 2160 525 2211 φίλους
556 2155 790 2210 ἀναλαβὼν
822 2154 893 2198 καὶ
920 2159 1161 2211 θεραπείαν
1186 2157 1213 2211 ἢ
1240 2157 1338 2211 περὶ
1365 2157 1500 2199 αὐτὸν

100 2240 136 2266 30
156 2226 226 2283 ἦν,
259 2227 327 2270 ἐπὶ
366 2227 622 2282 Τιβεριάδος
653 2227 876 2281 ἠπείγετο,
914 2225 1084 2283 χρῄζων
1116 2234 1381 2281 κατανοῆσαι
1413 2235 1500 2269 τῶν

250 2313 269 2351 ξ
296 2311 363 2343 266
391 2308 436 2343 cf.
463 2307 555 2342 Bell.
584 2306 661 2342 [ud.
688 2307 721 2341 II
748 2310 802 2353 10,
829 2311 860 2343 4.

1723 1003 1725 1021 „v
1722 606 1729 976 —-,.—„——.,.—‚,½..—
1724 524 1727 591 „--
1725 509 1727 516 λ
