1732 2526
214 104 299 145 120
705 102 1070 136 ΑΡΧΑΙΟΑΟΙῚΑΣ

211 214 314 269 χόσε
341 209 432 254 κατ’
468 212 642 254 οἰκείων
671 209 849 260 ἐλπίδας
868 211 1039 267 κερδῶν
1059 207 1131 252 καὶ
1147 208 1376 252 Ἰουδαίων
1405 210 1580 268 ἔχθρας-

215 282 284 325 ἐπὶ
310 284 359 325 τὸ
384 285 593 338 πολεμεῖν
619 280 903 337 ὡρμημένων.
936 280 1082 335 <270>
1104 281 1310 335 δισχίλιοι
1336 278 1416 335 μὲν
1444 278 1564 336 (γὰρ)

214 362 303 397 τῶν
335 351 410 409 ὑφ’
442 351 621 410 “Ηρώδῃ
653 350 757 395 ποτε
790 349 1181 408 στρατευσαμένων
1219 349 1291 393 καὶ
1322 351 1406 405 ἤδη
1439 365 1568 393 κατα-

215 427 444 474 λελυκότες
476 423 523 466 ἐν
556 423 663 479 αὐτῇ
702 421 896 479 Ἰουδαίᾳ
934 422 1170 472 συστάντες
1206 419 1568 476 προσεπολέμουν

214 504 307 546 τοῖς
345 498 611 550 βασιλικοῖς,
649 493 1014 543 ἀντιστατοῦντος
1052 492 1201 542 αὐτοῖς
1238 490 1444 547 Ἀχιάβου
1489 497 1567 534 τοῦ

209 565 416 623 “Ηρώδου
443 565 646 619 ἀνεψιοῦ,
677 564 758 606 κάκ
789 570 878 606 τῶν
911 561 992 619 μὲν
1017 564 1184 606 πεδίων
1210 564 1271 613 εἰς
1296 564 1348 605 τὰ
1374 561 1570 618 μετέωρα

217 636 500 693 ἀνεωσμένου
547 634 604 678 δι’
654 634 882 691 ἐμπειρίαν
925 635 1006 690 τὴν
1044 636 1107 685 εἰς
1142 635 1194 676 τὰ
1232 634 1445 689 πολεμικὰ
1482 640 1570 676 τῶν

217 708 412 762 ἀνδρῶν,
445 714 539 756 ταῖς
572 704 620 748 δὲ
653 706 919 760 δυσχωρίαις
957 706 1171 756 σώζοντος
1208 705 1349 747 ὁπόσα
1391 703 1570 747 δυνατά.

220 779 363 832 <271>
379 775 549 827 Ἰούδας
581 774 621 818 δ’
658 773 714 831 ἦν
729 774 920 827 Ἐζεκίου
951 782 1030 818 τοῦ
1063 774 1328 831 ἀρχιλῃστοῦ
1359 775 1470 830 υἱός,
1503 772 1572 816 ἐπὶ

218 848 327 904 μέγα
361 846 649 903 δυνηθέντος,
681 844 759 902 ὑφ’
779 845 986 902 Ἡρώδου
1015 844 1064 888 δὲ
1090 847 1295 901 μεγάλοις
1321 845 1572 902 ληφθέντος

218 922 383 969 πόνοις.
447 916 575 969 οὗτος
607 914 688 961 οὖν
722 918 744 961 ὁ
773 915 943 967 Ἰούδας
973 915 1073 973 περὶ
1106 915 1349 972 Σέπφωριν
1381 922 1456 971 τῆς
1487 918 1530 958 Γ
1525 932 1573 958 α-

219 994 390 1040 λιλαίας
423 989 752 1044 συστησάμενος
781 992 954 1042 πλῆθος
985 987 1165 1044 ἀνδρῶν
1203 985 1573 1043 ἀπονενοημένων

221 1062 467 1116 ἐπιδρομὴν
499 1066 558 1118 τῷ
591 1061 800 1117 βασιλείῳ
832 1066 1036 1113 ποιεῖται,
1069 1057 1141 1101 καὶ
1173 1058 1322 1101 ὅπλων
1357 1060 1575 1115 κρατήσας

221 1133 360 1175 ὁπόσα
393 1132 554 1174 αὐτόθι
588 1129 804 1185 ἀπέκειτο,
836 1131 991 1181 ὥπλιζε
1024 1132 1128 1180 τοὺς
1165 1128 1266 1184 περὶ
1298 1129 1435 1173 αὑτὸν
1465 1127 1568 1172 καθ’

221 1203 315 1258 ἕνα,
352 1201 425 1245 καὶ
463 1200 728 1257 ἀποφέρεται
772 1203 969 1256 χρήματα
1014 1201 1155 1243 ὁπόσα
1192 1204 1459 1257 κατελείφθη
1498 1201 1575 1243 αὐ-

221 1277 340 1328 τόθι,
373 1274 517 1328 <272>
549 1274 739 1328 φοβερός
778 1269 825 1314 θ’
868 1273 1030 1314 ἅπασιν
1068 1269 1124 1326 ἦν
1162 1273 1283 1327 ἄγων
1321 1271 1394 1314 καὶ
1425 1271 1576 1328 φέρων

222 1347 324 1395 τοὺς
355 1344 784 1400 προστυγχάνοντας,
817 1342 1029 1400 ἐπιθυμίᾳ
1062 1345 1276 1398 μειζόνων
1307 1343 1576 1399 πραγμάτων

223 1415 294 1459 καὶ
329 1416 508 1471 ζηλώσει
541 1416 767 1469 βασιλείου
799 1420 939 1469 τιμῆς,
972 1414 1054 1456 οὐκ
1086 1414 1240 1470 ἀρετῆς
1272 1414 1472 1471 ἐμπειρία
1496 1420 1576 1457 τοῦ

226 1485 267 1529 δ’
306 1486 499 1542 ὑβρίζειν
532 1486 764 1542 περιουσίᾳ
795 1486 1034 1538 κτήσεσθαι
1065 1486 1328 1541 προσδοκῶν
1366 1483 1496 1542 γέρας
1527 1488 1575 1528 τὸ

224 1557 447 1600 ἐντεῦθεν.

315 1628 458 1682 <273>
492 1624 547 1682 ἦν
580 1625 629 1668 δὲ
660 1625 733 1668 καὶ
763 1629 919 1681 Σίμων
952 1627 1113 1676 δοῦλος
1152 1624 1233 1681 μὲν
1258 1625 1465 1683 ἾΙρώδου
1497 1634 1576 1670 τοῦ

225 1697 456 1753 βασιλέως,
495 1698 637 1748 ἄλλως
681 1693 720 1739 δ’
767 1697 878 1753 ἀνὴρ
917 1696 1134 1753 εὐπρεπὴς
1169 1696 1242 1740 καὶ
1286 1696 1464 1753 μεγέθει
1503 1696 1578 1739 καὶ

226 1770 349 1826 ῥώμῃ
383 1770 582 1824 σώματος
613 1766 682 1810 ε’πὶ
714 1767 825 1823 μέγα
855 1769 1063 1824 προύχων
1094 1784 1139 1810 τε
1180 1767 1252 1810 καὶ
1293 1767 1578 1823 πεπιστευμέ-

225 1857 312 1890 νος.
364 1837 492 1890 οὗτος
518 1837 673 1895 ἀρθεὶς
698 1845 748 1894 τῇ
771 1838 947 1896 ἀκρισία
972 1846 1060 1882 τῶν
1085 1839 1352 1894 πραγμάτων
1385 1839 1578 1894 διάδημά

226 1909 261 1953 τ’
315 1910 523 1965 ἐτόλμησε
568 1908 853 1965 περιθέσθαι,
899 1910 1056 1965 (274)
1100 1912 1176 1952 καί
1215 1926 1335 1960 τινος
1374 1911 1611 1964 πλήθουςε

229 1982 471 2031 συστάντος
508 1979 580 2023 καὶ
619 1981 749 2030 αὐτὸς
786 1983 992 2036 βασιλεὺς
1030 1979 1318 2036 ἀναγγελθεὶς
1355 1982 1491 2038 μανία
1528 1987 1578 2036 τῇ

229 2052 423 2106 ἐκείνων,
457 2050 528 2093 καὶ
562 2048 675 2093 εἶναι
707 2051 827 2102 ἄξιος
859 2051 1037 2102 ἐλπίσας
1060 2050 1163 2108 παρ’
1194 2051 1415 2105 ὁντινοῦν,
1448 2052 1497 2094 τὸ
1530 2051 1579 2094 ἐν

221 2122 479 2178 Ἱεριχοῦντι
511 2124 738 2176 βασίλειον
775 2124 1006 2178 πίμπρησι,
1046 2120 1104 2164 δι’
1147 2121 1343 2177 ἁρπαγῆς
1375 2122 1496 2175 ἄγων
1527 2122 1580 2164 τὰ

230 2191 611 2248 ἐγκατειλημμένα.
673 2194 837 2242 πολλὰς
864 2191 912 2235 δὲ
943 2191 1016 2235 καὶ
1048 2194 1181 2242 ἄλλας
1213 2199 1300 2235 τῶν
1337 2194 1579 2247 βασιλικῶν

1592 861 1626 885 10

1690 1198 1695 1207 v

1595 1214 1628 1240 15

1596 1562 1697 1595 20'

229 2266 444 2319 οἰκήσεων
475 2266 698 2319 πολλαχοῦ
731 2270 805 2318 τῆς
830 2265 973 2320 χώρας
997 2271 1085 2319 πῦρ
1113 2262 1243 2314 ε’νιεὶς
1268 2263 1465 2318 ἠφάνιζε,
1490 2271 1580 2313 τοῖς
1598 2277 1633 2303 30

231 2337 520 2390 συνεστηκόσι
553 2337 675 2376 λείαν
701 2335 825 2388 ἄγειν
853 2335 921 2387 [τὰ
949 2333 1385 2389 ἐγκαταλελειμμένα]
1413 2333 1579 2390 ἐπιτρέ-
