1732 2526
213 47 299 87 290
703 34 1063 75 APXA10A0r1A2

212 153 447 201 πιστεύσας
479 148 561 193 οὖν
593 149 758 205 μηδένα
789 152 1083 205 νεωτερισμὸν
1115 148 1217 203 παρ’
1257 149 1403 190 αὐτῶν
1434 150 1560 202 γενή-

215 227 388 277 σεσθαι,
432 222 682 264 καταλιπὼν
727 220 1009 274 ἑορτάζοντας
1052 219 1323 274 ὑπέστρεψεν
1366 220 1428 268 εἰς
1467 217 1561 260 Ἀν-

215 296 421 348 τιόχειαν.

302 364 447 417 <134>
491 364 537 404 οἱ
575 361 674 417 περὶ
721 364 960 417 Κουμανὸν
1006 360 1054 403 δὲ
1103 360 1175 403 καὶ
1218 364 1321 411 τοὺς
1363 362 1563 416 πρώτους

212 441 299 475 τῶν
333 432 579 489 Σαμαρέων
611 432 969 488 ἀναπεμφθέντες
1001 434 1062 482 εἰς
1084 431 1252 486 Ῥώμην
1286 432 1559 486 λαμβάνουσι
1597 446 1613 471 5

213 505 329 559 παρὰ
369 510 448 546 τοῦ
489 504 810 557 αὐτοκράτορος
851 503 1040 558 ἡμέραν,
1084 501 1186 545 καθ’
1235 503 1291 556 ἣν
1329 501 1428 556 περὶ
1471 508 1560 543 τῶν

213 576 321 629 πρὸς
354 573 572 628 ἀλλήλους
604 573 973 628 ἀμφισβητήσεων
1005 572 1148 627 λέγειν
1181 575 1376 627 ἔμελλον.
1419 572 1564 626 <135>

215 643 385 698 σπουδὴ
421 643 468 686 δὲ
501 647 680 698 μεγίστη
713 650 772 700 τῷ
806 646 1029 700 Κουμανῷ
1062 643 1135 685 καὶ
1167 651 1258 692 τοϊς
1277 646 1563 698 Σαμαρεῦσιν

216 713 271 769 ἦν
303 716 420 769 παρὰ
452 722 539 756 τῶν
571 717 795 768 Καίσαρος
833 713 1144 769 ἀπελευθέρων
1184 713 1256 755 καὶ
1289 716 1447 766 φίλων,
1479 713 1563 755 κᾶν

217 784 524 838 περιεγένοντο
569 792 656 826 τῶν
697 783 939 839 Ἰουδαίων,
983 786 1023 825 εἰ
1061 787 1119 839 μή
1157 799 1238 839 περ
1272 782 1508 838 Ἀγρίππας
1541 784 1619 826 ὁιο

218 856 428 909 νεώτερος
473 853 519 895 ἐν
563 861 613 909 τῇ
651 853 791 910 Ῥώμῃ
834 855 1084 909 τυγχάνων,
1128 853 1566 908 κατασπευδομένους

217 926 326 967 ι’δὼν
357 927 460 974 τοὺς
490 932 577 966 τῶν
605 923 835 967 Ἰουδαίων
872 925 1087 978 πρώτους,
1122 925 1284 979 ἐδεήθη
1319 925 1460 966 πολλὰ
1491 930 1567 978 τῆς

217 1002 295 1037 τοῦ
345 995 667 1050 αὐτοκράτορος
714 997 923 1049 γυναικὸς
965 994 1247 1049 Ἀγριππίνης
1295 1002 1442 1037 πεῖσαι
1489 996 1578 1037 τὸν

217 1066 374 1119 ἄνδρα,
407 1067 704 1108 διακούσαντα
735 1069 989 1121 πρεπόντως
1025 1072 1076 1120 τῇ
1115 1066 1252 1108 αὑτοῦ
1290 1066 1566 1121 δικαιοσύνῃ,

217 1138 552 1189 τιμωρήσασθαι
578 1138 681 1185 τοὺς
706 1138 871 1186 αἰτίους
896 1142 971 1190 τῆς
996 1136 1285 1184 ἀποστάσεως.
1327 1136 1473 1190 <136>
1493 1134 1565 1177 καὶ
1587 1151 1620 1176 15

217 1208 442 1255 Κλαύδιος
475 1213 528 1261 τῇ
569 1207 715 1260 δεήσει
752 1208 886 1262 ταύτῃ
927 1204 1316 1261 προευτρεπισθεὶς
1356 1205 1428 1247 καὶ
1472 1207 1566 1247 δια-

218 1277 394 1335 κούσας,
427 1277 484 1325 ὡς
515 1274 616 1331 εὗρε
647 1285 735 1318 τῶν
773 1285 917 1318 κακῶν
959 1276 1177 1332 ἀρχηγοὺς
1208 1278 1311 1325 τοὺς
1343 1279 1566 1330 Σαμαρεῖς

219 1346 496 1401 γενομένους,
529 1349 631 1396 τοὺς
662 1345 741 1404 μὲν
768 1347 1016 1400 ἀναβάντας
1040 1348 1149 1400 πρὸς
1180 1346 1315 1388 αὐτὸν
1340 1345 1566 1388 ἐκέλευσεν

219 1416 525 1471 ἀναιρεθῆναι,
557 1423 615 1474 τῷ
648 1420 873 1474 Κουμανῷ
906 1415 954 1459 δὲ
986 1418 1134 1471 φυγὴν
1167 1417 1365 1470 ἐπέβαλε,
1397 1416 1567 1472 Κέλερα

222 1485 269 1528 δὲ
301 1489 378 1529 τὸν
409 1490 637 1543 χιλίαρχον
671 1487 897 1530 ἐκέλευσεν
930 1487 1174 1540 ἀγαγόντας
1205 1488 1266 1536 εἰς
1303 1488 1354 1528 τὰ
1379 1486 1566 1542 Ἱεροσό-
1586 1504 1620 1528 20

221 1561 349 1612 λυμα,
382 1558 560 1600 πάντων
593 1559 799 1614 ὁρώντων
831 1557 930 1611 περὶ
962 1560 1042 1612 τὴν
1073 1560 1203 1600 πόλιν
1235 1559 1569 1613 πᾶσαν·σύραν-

223 1644 312 1681 τας,
340 1629 477 1678 οὕτως
508 1629 771 1671 ἀποκτεῖναι.

176 1699 198 1740 7
310 1699 454 1752 <13ῖ>
487 1698 644 1753 πέμπει
677 1697 724 1741 δὲ
756 1698 829 1741 καὶ
860 1700 1086 1749 Κλαύδιος
1112 1700 1283 1753 Φήλικα
1314 1699 1570 1748 Πάλλαντος

222 1768 416 1822 ἀδελφὸν
442 1777 529 1811 τῶν
554 1770 662 1811 κατὰ
688 1771 768 1824 τὴν
796 1768 1016 1812 Ἰουδαίαν
1042 1772 1402 1824 προστησόμενον
1432 1783 1569 1823 πραγ-

222 1839 383 1893 μάτων.
453 1840 610 1894 <138>
654 1847 729 1895 τῆς
773 1838 811 1882 δ’
863 1840 996 1896 ἀρχῆς
1042 1840 1292 1882 δωδέκατον
1342 1841 1435 1889 ἔτος
1482 1840 1566 1893 ἤδη
1588 1854 1620 1879 25

222 1910 515 1963 πεπληρωκὼς
548 1911 751 1963 δωρεῖται
783 1912 860 1952 τὸν
888 1909 1129 1966 Ἀγρίππαν
1160 1916 1210 1965 τῇ
1246 1913 1468 1952 Φιλίππου
1503 1901 1569 1951 τε-

222 1982 406 2035 τραρχία
437 1978 509 2021 καὶ
541 1982 779 2037 Βαταναία,
810 1979 1023 2035 προσθεὶς
1048 1981 1164 2036 αὐτῷ
1191 1982 1271 2035 τὴν
1298 1983 1568 2036 Τραχωνῖτιν

225 2052 308 2091 σὺν
334 2047 485 2105 Ἀβίλᾳ
518 2049 740 2104 (Λυσανία
773 2049 810 2091 δ’
844 2051 951 2105 αὕτη
979 2050 1173 2104 ἐγεγόνει
1199 2049 1462 2106 τετραρχία),
1488 2052 1568 2104 τὴν

225 2120 421 2161 Χαλκίδα
461 2118 503 2161 δ’
545 2120 679 2162 αὐτὸν
717 2120 985 2176 ἀφαιρεῖται,
1019 2122 1371 2163 δυναστεύσαντα
1412 2121 1570 2175 ταύτης

226 2191 297 2242 ἔτη
330 2188 519 2244 τέτταρα.
581 2192 724 2243 <139>
755 2192 904 2245 λαβὼν
939 2189 986 2232 δὲ
1017 2192 1098 2245 τὴν
1130 2192 1300 2245 δωρεὰν
1336 2192 1452 2244 παρὰ
1489 2197 1568 2233 τοῦ
1588 2203 1622 2229 30

321 2274 338 2311 ξ
366 2273 432 2304 134
459 2270 502 2305 cf.
529 2270 621 2305 Bell.
647 2271 725 2306 Iud.
752 2271 785 2305 ΙΙ
813 2275 866 2315 12,
896 2276 924 2306 7.
