1732 2526
272 95 358 135 374
829 97 1058 130 ΙΩΣΗΠΟΥ

270 201 506 258 παρέτυχες
555 203 654 244 οὔτε
705 204 755 244 τὰ
802 205 1023 259 Καίσαρος
1073 201 1265 256 ἀνέγνως
1313 201 1618 257 ὑπομνήματα.

272 272 476 327 μέγιστον
510 270 557 314 δὲ
588 275 839 328 τεκμήριον·
872 282 963 323 τοῖς
994 274 1076 327 γὰρ
1105 275 1329 329 Καίσαρος
1360 273 1618 327 ὑπομνήμα-

274 355 345 385 σιν
391 343 594 385 ἐναντίαν
637 346 869 398 πεποίησαι
912 346 993 399 τὴν
1036 347 1222 399 γραφήν.
1284 343 1440 397 <359>
1487 345 1528 385 εἰ
1570 340 1617 385 δὲ

271 418 455 469 θαρρεῖς
486 415 667 468 ἄμεινον
700 414 904 457 ἁπάντων
936 413 1303 470 συγγεγραφέναι,
1335 415 1409 455 διὰ
1440 416 1486 456 τί
1515 414 1618 465 ζών-

272 501 359 526 των
393 483 699 527 ’δεσπασιανοῦ
740 484 811 527 καὶ
856 487 986 527 Τίτου
1028 493 1114 527 τῶν
1157 485 1492 539 αὐτοκρατόρων
1529 491 1617 526 τῶν

271 557 349 596 τὸν
380 556 571 609 πόλεμον
609 549 1040 619 κατεργασαμένων]
1051 553 1122 596 καὶ
1159 555 1372 609 βασιλέως
1406 553 1617 610 Ἀγρίππα

271 627 499 680 περιόντος
536 628 598 667 ἔτι
636 625 707 667 καὶ
744 634 832 667 τῶν
870 626 916 668 ἐκ
953 633 1032 668 τοῦ
1073 624 1229 679 γένους
1260 626 1395 667 αὐτοῦ
1426 625 1618 677 πάντων,

273 695 450 751 ἀνδρῶν
490 702 565 749 τῆς
595 694 853 750 Ἑλληνικῆς
892 697 1091 745 παιδείας
1135 694 1203 737 ε’πὶ
1244 699 1450 738 πλεῖστον
1489 695 1622 759 ἡκόν-ι

272 782 382 820 των,
419 767 498 820 τὴν
539 767 735 819 ἱστορίαν
769 767 849 809 οὐκ
886 768 1037 821 ἔφερες
1067 767 1128 815 εἰς
1160 765 1314 820 μέσον;
1359 767 1502 820 <360>
1533 767 1617 820 πρὸ

273 837 355 891 γὰρ
393 840 558 878 εἴκοσιν
596 836 705 879 ἐτῶν
743 834 853 892 εἶχες
890 836 1216 891 γεγραμμένην,
1258 835 1330 878 καὶ
1367 835 1466 890 παρ’
1505 837 1618 878 εἰδό-

273 923 361 948 των
388 908 561 961 ἔμελλες
586 914 659 961 τῆς
686 907 908 961 ἀκριβείας
931 908 1012 961 τὴν
1038 909 1281 961 μαρτυρίαν
1307 905 1620 961 ἀποφέρεσθαι.

274 983 357 1018 νῦν
385 975 423 1018 δ’
457 976 521 1019 ὅτ’
552 977 713 1019 ἐκεῖνοι
740 975 820 1032 μὲν
848 975 987 1019 οὐκέτ’
1014 979 1098 1019 εἰσὶ
1124 976 1225 1032 μεθ’
1248 976 1386 1031 ἡμῶν,
1414 976 1621 1031 ἐλεγχθῆ-

272 1064 345 1089 ναι
385 1046 423 1089 δ’
462 1048 514 1090 οὐ
552 1051 759 1102 νομίζεις,
802 1048 1085 1103 τεθάρρηκας.
1146 1048 1289 1102 <361>
1327 1047 1380 1090 οὐ
1418 1048 1504 1102 μὴν
1537 1046 1620 1101 ἐγώ

1641 849 1672 873 10

275 1130 345 1160 σοι
371 1120 448 1161 τὸν
474 1118 607 1161 αὐτὸν
633 1121 796 1173 τρόπον
822 1117 922 1173 περὶ
950 1125 1026 1172 τῆς
1052 1117 1240 1172 ἐμαυτοῦ
1265 1123 1436 1173 γραφῆς
1462 1119 1621 1169 ἔδεισα,
1662 1153 1666 1156 ⁴

274 1188 371 1230 ἀλλ
422 1189 570 1239 αὐτοῖς
614 1188 809 1231 ἐπέδωκα
859 1206 950 1238 τοις
1001 1189 1318 1243 αὐτοκρατορσι
1361 1204 1413 1229 τα
1457 1189 1622 1242 βιβλία,

274 1261 413 1314 μόνον
447 1258 544 1314 οὐχὶ
576 1267 663 1301 τῶν
696 1262 838 1315 εργων
865 1262 926 1301 ἑτι
959 1257 1257 1313 βλεπομένων·
1296 1256 1506 1313 συνῄδειν
1539 1259 1621 1342 γὰρ

275 1329 445 1386 ἐμαυτῷ
478 1332 730 1384 τετηρηκότι
762 1346 842 1383 τήν
868 1336 943 1384 τῆς
969 1330 1177 1383 ἀληθείας
1202 1329 1464 1383 παράδοσιν,
1495 1327 1563 1383 ἐφ’
1595 1325 1621 1384 ἦ

275 1402 515 1453 μαρτυρίας
540 1400 771 1450 τεύξεσθαι
791 1401 1096 1454 προσδοκήσας
1123 1398 1176 1440 οὐ
1196 1399 1449 1453 διήμαρτον.
1480 1399 1623 1452 <362>

274 1469 346 1511 καὶ
388 1471 537 1519 ἄλλοις
578 1467 626 1511 δὲ
664 1473 843 1519 πολλοῖς
883 1470 1020 1519 εὐθὺς
1059 1469 1254 1510 ἐπέδωκα
1291 1469 1372 1523 τὴν
1411 1469 1623 1523 ἱστορίαν,

276 1537 337 1582 ὧν
379 1543 491 1582 ἔνιοι
531 1539 602 1582 καὶ
643 1542 1051 1595 παρατετυχήκεσαν
1090 1546 1148 1596 τῷ
1188 1537 1385 1596 πολέμῳ,
1424 1539 1622 1593 καθάπερ

276 1613 481 1665 βασιλεὺς
517 1609 756 1665 Ἀγρίππας
799 1613 876 1652 καί
916 1626 1030 1659 τινες
1074 1609 1210 1652 αὐτοῦ
1253 1616 1341 1650 τῶν
1385 1617 1623 1663 συγγενῶν.

276 1682 421 1734 <363>
456 1681 478 1723 ὁ
511 1678 590 1735 μὲν
623 1682 705 1736 γὰρ
746 1681 1026 1737 αὐτοκράτωρ
1066 1683 1189 1729 Τίτος
1227 1680 1365 1729 οὕτως
1396 1678 1443 1721 ἐκ
1475 1681 1623 1734 μόνων

276 1751 422 1793 αὐτῶν
464 1750 688 1805 ἐβουλήθη
731 1753 810 1806 τὴν
853 1759 1019 1805 γνῶσιν
1059 1758 1150 1800 τοῖς
1195 1749 1449 1804 ἀνθρώποις
1489 1764 1624 1805 παρα-

279 1822 435 1863 δοῦναι
467 1829 554 1863 τῶν
586 1821 806 1874 πράξεων,
849 1823 956 1863 ὥστε
998 1820 1185 1876 χαράξας
1224 1826 1274 1875 τῇ
1314 1818 1472 1862 ἑαυτοῦ
1513 1818 1622 1875 χειρὶ

278 1893 329 1933 τὰ
361 1894 510 1946 βιβλία
543 1893 814 1946 δημοσιῶσαι
852 1891 1132 1946 προσέταξεν·
1182 1891 1326 1944 <364>
1366 1890 1388 1933 ὁ
1422 1887 1471 1931 δὲ
1501 1892 1624 1945 βασι-

278 1964 378 2010 λεὺς
406 1960 642 2015 Ἀγρίππας
680 1961 887 2016 ἑξήκοντα
926 1963 1006 2004 δύο
1045 1960 1266 2015 γέγραφεν
1304 1959 1532 2009 ἐπιστολὰς
1571 1966 1623 2015 τῇ

279 2037 353 2084 τῆς
395 2031 605 2085 ἀληθείας
645 2033 885 2087 παραδόσει
926 2039 1171 2087 μαρτυρῶν.
1234 2027 1296 2072 ὧν
1337 2030 1390 2084 δὴ
1431 2029 1500 2072 καὶ
1543 2031 1623 2072 δύο

279 2101 487 2155 ὑπέταξα,
531 2101 602 2144 καὶ
643 2102 907 2158 βουληθέντι
951 2115 1019 2144 σοι
1057 2103 1108 2143 τὰ
1147 2099 1422 2157 γεγραμμένα
1458 2107 1624 2154 γνῶναι

279 2172 487 2227 πάρεστιν
522 2172 563 2222 ἐξ
597 2173 754 2214 αὐτῶν.

1643 1199 1675 1224 15

1644 1552 1719 1576 20⁷

1644 1902 1677 1927 25

369 2243 514 2296 <365>
553 2243 789 2292 (Βασιλεὺς
828 2242 1065 2298 Ἀγρίππας
1103 2240 1296 2298 Ἰωσήπῳ
1334 2246 1392 2297 τῷ
1431 2240 1622 2296 φιλτάτω
1643 2252 1678 2278 30

280 2316 460 2368 χαίρειν.
522 2314 677 2367 [ἥδιστα
717 2314 905 2367 διῆλθον
943 2314 1023 2367 τὴν
1067 2315 1245 2367 βίβλον,
1286 2313 1362 2352 καί
1395 2326 1467 2365 μοι
1511 2313 1624 2353 πολὺ
