<?xml version="1.0" encoding="UTF-8"?>
<!DOCTYPE html PUBLIC "-//W3C//DTD XHTML 1.0 Transitional//EN"
    "http://www.w3.org/TR/xhtml1/DTD/xhtml1-transitional.dtd">
<html xmlns="http://www.w3.org/1999/xhtml" xml:lang="en" lang="en">
 <head>
  <title>
</title>
<meta http-equiv="Content-Type" content="text/html;charset=utf-8" />
  <meta name='ocr-system' content='tesseract 3.04.00' />
  <meta name='ocr-capabilities' content='ocr_page ocr_carea ocr_par ocr_line ocrx_word'/>
</head>
<body>
  <div class='ocr_page' id='page_1' title='image "./flaviiiosephiope04joseuoft_0257.png"; bbox 0 0 1732 2526; ppageno 0'>
   <div class='ocr_carea' id='block_1_1' title="bbox 625 66 1501 109">
    <p class='ocr_par' dir='ltr' id='par_1_1' title="bbox 625 66 1501 109">
     <span class='ocr_line' id='line_1_1' title="bbox 625 66 1501 109; baseline -0.001 -8"><span class='ocrx_word' id='word_1_1' title='bbox 625 66 1032 101; x_wconf 56' lang='lat' dir='ltr'>OKTSAEKAIAEKATH</span> <span class='ocrx_word' id='word_1_2' title='bbox 1415 67 1501 109; x_wconf 78' lang='lat'><em>205</em></span> 
     </span>
    </p>
   </div>
   <div class='ocr_carea' id='block_1_2' title="bbox 109 171 1519 2335">
    <p class='ocr_par' dir='ltr' id='par_1_2' title="bbox 158 171 1503 439">
     <span class='ocr_line' id='line_1_2' title="bbox 158 171 1502 228; baseline 0.001 -14"><span class='ocrx_word' id='word_1_3' title='bbox 158 176 286 214; x_wconf 81' lang='grc' dir='ltr'><em>λαῖον</em></span> <span class='ocrx_word' id='word_1_4' title='bbox 334 172 586 215; x_wconf 81' lang='grc' dir='ltr'><strong><em>ἐπετίθεντο</em></strong></span> <span class='ocrx_word' id='word_1_5' title='bbox 636 180 728 222; x_wconf 79' lang='grc' dir='ltr'><em>τοῖς</em></span> <span class='ocrx_word' id='word_1_6' title='bbox 773 171 1014 223; x_wconf 73' lang='grc' dir='ltr'><em>Ἰουδαίοις.</em></span> <span class='ocrx_word' id='word_1_7' title='bbox 1077 174 1231 228; x_wconf 73' lang='grc'>&lt;372&gt;</span> <span class='ocrx_word' id='word_1_8' title='bbox 1276 177 1321 216; x_wconf 79' lang='grc' dir='ltr'><em>οἳ</em></span> <span class='ocrx_word' id='word_1_9' title='bbox 1363 171 1406 216; x_wconf 84' lang='grc' dir='ltr'><em>δ’</em></span> <span class='ocrx_word' id='word_1_10' title='bbox 1455 173 1502 216; x_wconf 83' lang='grc' dir='ltr'><em>ἐν</em></span> 
     </span>
     <span class='ocr_line' id='line_1_3' title="bbox 160 242 1503 299; baseline 0.001 -15"><span class='ocrx_word' id='word_1_11' title='bbox 160 244 291 299; x_wconf 79' lang='grc' dir='ltr'><em>δεινῷ</em></span> <span class='ocrx_word' id='word_1_12' title='bbox 324 243 546 297; x_wconf 82' lang='grc' dir='ltr'><em>τιθέμενοι</em></span> <span class='ocrx_word' id='word_1_13' title='bbox 579 244 658 296; x_wconf 88' lang='grc' dir='ltr'><em>τὴν</em></span> <span class='ocrx_word' id='word_1_14' title='bbox 690 243 821 296; x_wconf 84' lang='grc' dir='ltr'><em>ὕβριν</em></span> <span class='ocrx_word' id='word_1_15' title='bbox 858 244 939 296; x_wconf 86' lang='grc' dir='ltr'><em>τὴν</em></span> <span class='ocrx_word' id='word_1_16' title='bbox 977 242 1022 284; x_wconf 85' lang='grc' dir='ltr'><em>ἐκ</em></span> <span class='ocrx_word' id='word_1_17' title='bbox 1060 251 1147 284; x_wconf 83' lang='grc' dir='ltr'><em>τῶν</em></span> <span class='ocrx_word' id='word_1_18' title='bbox 1186 246 1503 297; x_wconf 79' lang='grc' dir='ltr'><em>Βαβυλωνίων,</em></span> 
     </span>
     <span class='ocr_line' id='line_1_4' title="bbox 159 312 1503 368; baseline 0.001 -14"><span class='ocrx_word' id='word_1_19' title='bbox 159 312 230 355; x_wconf 86' lang='grc' dir='ltr'><em>καὶ</em></span> <span class='ocrx_word' id='word_1_20' title='bbox 263 316 368 368; x_wconf 90' lang='grc' dir='ltr'><em>μήτε</em></span> <span class='ocrx_word' id='word_1_21' title='bbox 400 312 713 363; x_wconf 79' lang='grc' dir='ltr'><em>ἀντιτάξασθαι</em></span> <span class='ocrx_word' id='word_1_22' title='bbox 751 313 863 368; x_wconf 85' lang='grc' dir='ltr'><em>μάχῃ</em></span> <span class='ocrx_word' id='word_1_23' title='bbox 903 313 1143 367; x_wconf 87' lang='grc' dir='ltr'><em>δυνάμενοι</em></span> <span class='ocrx_word' id='word_1_24' title='bbox 1181 313 1276 368; x_wconf 85' lang='grc' dir='ltr'><em>μήτ’</em></span> <span class='ocrx_word' id='word_1_25' title='bbox 1321 314 1503 356; x_wconf 81' lang='grc' dir='ltr'><em>ἀνεκτὸν</em></span> 
     </span>
     <span class='ocr_line' id='line_1_5' title="bbox 160 382 1503 439; baseline 0.001 -13"><span class='ocrx_word' id='word_1_26' title='bbox 160 384 397 437; x_wconf 82' lang='grc' dir='ltr'><em>ἡγούμενοι</em></span> <span class='ocrx_word' id='word_1_27' title='bbox 429 384 508 437; x_wconf 87' lang='grc' dir='ltr'><em>τὴν</em></span> <span class='ocrx_word' id='word_1_28' title='bbox 542 385 786 436; x_wconf 79' lang='grc' dir='ltr'><em>συνοικίαν,</em></span> <span class='ocrx_word' id='word_1_29' title='bbox 819 382 986 439; x_wconf 73' lang='grc' dir='ltr'><em>ᾤχοντο</em></span> <span class='ocrx_word' id='word_1_30' title='bbox 1019 385 1081 432; x_wconf 84' lang='grc' dir='ltr'><em>εἰς</em></span> <span class='ocrx_word' id='word_1_31' title='bbox 1106 386 1387 437; x_wconf 87' lang='grc' dir='ltr'><em>Σελεύκειαν,</em></span> <span class='ocrx_word' id='word_1_32' title='bbox 1416 392 1503 427; x_wconf 87' lang='grc' dir='ltr'><em>τῶν</em></span> 
     </span>
    </p>

    <p class='ocr_par' dir='ltr' id='par_1_3' title="bbox 124 453 1508 789">
     <span class='ocr_line' id='line_1_6' title="bbox 124 453 1504 509; baseline 0 -13"><span class='ocrx_word' id='word_1_33' title='bbox 124 464 140 489; x_wconf 87' lang='grc'>5</span> <span class='ocrx_word' id='word_1_34' title='bbox 163 454 305 509; x_wconf 81' lang='grc' dir='ltr'><em>ἐκείνῃ</em></span> <span class='ocrx_word' id='word_1_35' title='bbox 331 455 461 495; x_wconf 87' lang='grc' dir='ltr'><em>πόλιν</em></span> <span class='ocrx_word' id='word_1_36' title='bbox 488 453 850 507; x_wconf 73' lang='grc' dir='ltr'><em>ἀξιολογωτάτην,</em></span> <span class='ocrx_word' id='word_1_37' title='bbox 870 455 1094 496; x_wconf 81' lang='grc' dir='ltr'><em>Σελεύκου</em></span> <span class='ocrx_word' id='word_1_38' title='bbox 1119 456 1348 503; x_wconf 71' lang='grc' dir='ltr'><em>κτίσαντος</em></span> <span class='ocrx_word' id='word_1_39' title='bbox 1368 455 1504 508; x_wconf 83' lang='grc' dir='ltr'><em>αὐτὴν</em></span> 
     </span>
     <span class='ocr_line' id='line_1_7' title="bbox 161 522 1506 578; baseline -0.001 -12"><span class='ocrx_word' id='word_1_40' title='bbox 161 530 240 566; x_wconf 89' lang='grc' dir='ltr'><em>τοῦ</em></span> <span class='ocrx_word' id='word_1_41' title='bbox 277 523 544 575; x_wconf 76' lang='grc' dir='ltr'><em>Νικάτορος·</em></span> <span class='ocrx_word' id='word_1_42' title='bbox 586 525 756 566; x_wconf 83' lang='grc' dir='ltr'><em>οἰκοῦσι</em></span> <span class='ocrx_word' id='word_1_43' title='bbox 796 522 839 565; x_wconf 86' lang='grc' dir='ltr'><em>δ’</em></span> <span class='ocrx_word' id='word_1_44' title='bbox 882 523 1018 577; x_wconf 83' lang='grc' dir='ltr'><em>αὐτὴν</em></span> <span class='ocrx_word' id='word_1_45' title='bbox 1056 523 1211 566; x_wconf 90' lang='grc' dir='ltr'><em>πολλοὶ</em></span> <span class='ocrx_word' id='word_1_46' title='bbox 1244 522 1324 578; x_wconf 76' lang='grc' dir='ltr'><em>μὲν</em></span> <span class='ocrx_word' id='word_1_47' title='bbox 1356 527 1506 565; x_wconf 84' lang='grc' dir='ltr'><em>Μακε-</em></span> 
     </span>
     <span class='ocr_line' id='line_1_8' title="bbox 162 591 1506 649; baseline 0 -13"><span class='ocrx_word' id='word_1_48' title='bbox 162 596 303 648; x_wconf 86' lang='grc' dir='ltr'><em>δόνες,</em></span> <span class='ocrx_word' id='word_1_49' title='bbox 339 597 534 636; x_wconf 81' lang='grc' dir='ltr'><em>πλεῖστοι</em></span> <span class='ocrx_word' id='word_1_50' title='bbox 574 591 613 634; x_wconf 85' lang='grc' dir='ltr'><em>δ’</em></span> <span class='ocrx_word' id='word_1_51' title='bbox 645 592 870 648; x_wconf 48' lang='grc' dir='ltr'><em>’Έλληνεςᾈ</em></span> <span class='ocrx_word' id='word_1_52' title='bbox 903 595 992 636; x_wconf 82' lang='grc' dir='ltr'><em>ἔστι</em></span> <span class='ocrx_word' id='word_1_53' title='bbox 1032 592 1080 636; x_wconf 76' lang='grc' dir='ltr'><em>δὲ</em></span> <span class='ocrx_word' id='word_1_54' title='bbox 1121 593 1192 636; x_wconf 85' lang='grc' dir='ltr'><em>καὶ</em></span> <span class='ocrx_word' id='word_1_55' title='bbox 1224 595 1388 649; x_wconf 88' lang='grc' dir='ltr'><em>Σύρων</em></span> <span class='ocrx_word' id='word_1_56' title='bbox 1427 594 1506 636; x_wconf 82' lang='grc' dir='ltr'><em>οὐκ</em></span> 
     </span>
     <span class='ocr_line' id='line_1_9' title="bbox 162 662 1506 719; baseline -0.001 -13"><span class='ocrx_word' id='word_1_57' title='bbox 162 664 392 717; x_wconf 73' lang='grc' dir='ltr'><em>ὀλίγον’τὸ</em></span> <span class='ocrx_word' id='word_1_58' title='bbox 425 663 831 718; x_wconf 80' lang='grc' dir='ltr'><em>ἐμπολιτευόμενον.</em></span> <span class='ocrx_word' id='word_1_59' title='bbox 894 665 1038 719; x_wconf 75' lang='grc' dir='ltr'>&lt;3Ῑ3&gt;</span> <span class='ocrx_word' id='word_1_60' title='bbox 1071 666 1132 714; x_wconf 85' lang='grc' dir='ltr'><em>εἰς</em></span> <span class='ocrx_word' id='word_1_61' title='bbox 1157 662 1236 718; x_wconf 74' lang='grc' dir='ltr'><em>μὲν</em></span> <span class='ocrx_word' id='word_1_62' title='bbox 1264 666 1317 718; x_wconf 89' lang='grc' dir='ltr'><em>δὴ</em></span> <span class='ocrx_word' id='word_1_63' title='bbox 1345 665 1506 718; x_wconf 87' lang='grc' dir='ltr'><em>ταύτην</em></span> 
     </span>
     <span class='ocr_line' id='line_1_10' title="bbox 160 732 1508 789; baseline 0 -13"><span class='ocrx_word' id='word_1_64' title='bbox 160 735 513 788; x_wconf 72' lang='grc' dir='ltr'><em>καταφεύγουσιν</em></span> <span class='ocrx_word' id='word_1_65' title='bbox 541 735 586 776; x_wconf 82' lang='grc' dir='ltr'><em>οἱ</em></span> <span class='ocrx_word' id='word_1_66' title='bbox 597 732 821 787; x_wconf 82' lang='grc' dir='ltr'><em>Ἰουδαῖοι,</em></span> <span class='ocrx_word' id='word_1_67' title='bbox 846 733 918 776; x_wconf 88' lang='grc' dir='ltr'><em>καὶ</em></span> <span class='ocrx_word' id='word_1_68' title='bbox 944 733 1013 776; x_wconf 85' lang='grc' dir='ltr'><em>ἐπὶ</em></span> <span class='ocrx_word' id='word_1_69' title='bbox 1038 732 1118 789; x_wconf 74' lang='grc' dir='ltr'><em>μὲν</em></span> <span class='ocrx_word' id='word_1_70' title='bbox 1144 733 1263 776; x_wconf 84' lang='grc' dir='ltr'><em>πέντ’</em></span> <span class='ocrx_word' id='word_1_71' title='bbox 1295 736 1367 789; x_wconf 79' lang='grc' dir='ltr'><em>ἔτη</em></span> <span class='ocrx_word' id='word_1_72' title='bbox 1401 734 1508 776; x_wconf 83' lang='grc' dir='ltr'><em>ἀπα-</em></span> 
     </span>
    </p>

    <p class='ocr_par' dir='ltr' id='par_1_4' title="bbox 109 802 1509 1140">
     <span class='ocr_line' id='line_1_11' title="bbox 109 802 1506 862; baseline -0.001 -16"><span class='ocrx_word' id='word_1_73' title='bbox 109 816 142 840; x_wconf 84' lang='lat'><em>10</em></span> <span class='ocrx_word' id='word_1_74' title='bbox 161 809 258 854; x_wconf 82' lang='grc' dir='ltr'><em>θεῖς</em></span> <span class='ocrx_word' id='word_1_75' title='bbox 288 811 434 846; x_wconf 84' lang='grc' dir='ltr'><em>κακῶν</em></span> <span class='ocrx_word' id='word_1_76' title='bbox 466 802 592 858; x_wconf 68' lang='grc' dir='ltr'><em>ἦσαν,</em></span> <span class='ocrx_word' id='word_1_77' title='bbox 625 811 683 861; x_wconf 76' lang='grc' dir='ltr'><em>τῷ</em></span> <span class='ocrx_word' id='word_1_78' title='bbox 719 803 757 846; x_wconf 85' lang='grc' dir='ltr'><em>δ’</em></span> <span class='ocrx_word' id='word_1_79' title='bbox 796 804 903 862; x_wconf 78' lang='grc' dir='ltr'><em>ἕκτῳ</em></span> <span class='ocrx_word' id='word_1_80' title='bbox 936 806 1020 846; x_wconf 80' lang='grc' dir='ltr'><em>ἔτει</em></span> <span class='ocrx_word' id='word_1_81' title='bbox 1052 803 1152 859; x_wconf 84' lang='grc' dir='ltr'><em>μεθ’</em></span> <span class='ocrx_word' id='word_1_82' title='bbox 1191 805 1213 846; x_wconf 87' lang='grc' dir='ltr'>ὃ</span> <span class='ocrx_word' id='word_1_83' title='bbox 1246 806 1294 847; x_wconf 93' lang='grc' dir='ltr'><em>τὸ</em></span> <span class='ocrx_word' id='word_1_84' title='bbox 1332 812 1506 858; x_wconf 87' lang='grc' dir='ltr'><em>πρῶτον</em></span> 
     </span>
     <span class='ocr_line' id='line_1_12' title="bbox 161 874 1507 930; baseline -0.001 -13"><span class='ocrx_word' id='word_1_85' title='bbox 161 876 314 930; x_wconf 82' lang='grc' dir='ltr'><em>φθορὰ</em></span> <span class='ocrx_word' id='word_1_86' title='bbox 356 875 403 917; x_wconf 83' lang='grc' dir='ltr'><em>ἐν</em></span> <span class='ocrx_word' id='word_1_87' title='bbox 441 877 677 929; x_wconf 86' lang='grc' dir='ltr'><em>Βαβυλῶνι</em></span> <span class='ocrx_word' id='word_1_88' title='bbox 715 874 886 928; x_wconf 81' lang='grc' dir='ltr'><em>ἐγένετο</em></span> <span class='ocrx_word' id='word_1_89' title='bbox 925 876 1071 917; x_wconf 85' lang='grc' dir='ltr'><em>αὐτῶν</em></span> <span class='ocrx_word' id='word_1_90' title='bbox 1111 874 1201 928; x_wconf 86' lang='grc' dir='ltr'><em>[καὶ</em></span> <span class='ocrx_word' id='word_1_91' title='bbox 1242 874 1389 917; x_wconf 84' lang='grc' dir='ltr'><em>καιναὶ</em></span> <span class='ocrx_word' id='word_1_92' title='bbox 1419 877 1507 916; x_wconf 88' lang='grc' dir='ltr'><em>κτί-</em></span> 
     </span>
     <span class='ocr_line' id='line_1_13' title="bbox 164 944 1508 1000; baseline -0.001 -13"><span class='ocrx_word' id='word_1_93' title='bbox 164 957 255 995; x_wconf 88' lang='grc' dir='ltr'><em>σεις</em></span> <span class='ocrx_word' id='word_1_94' title='bbox 286 945 333 987; x_wconf 85' lang='grc' dir='ltr'><em>ἐκ</em></span> <span class='ocrx_word' id='word_1_95' title='bbox 364 951 439 999; x_wconf 83' lang='grc' dir='ltr'><em>τῆς</em></span> <span class='ocrx_word' id='word_1_96' title='bbox 470 947 655 998; x_wconf 89' lang='grc' dir='ltr'><em>πόλεως]</em></span> <span class='ocrx_word' id='word_1_97' title='bbox 687 944 758 987; x_wconf 83' lang='grc' dir='ltr'><em>καὶ</em></span> <span class='ocrx_word' id='word_1_98' title='bbox 791 944 847 987; x_wconf 83' lang='grc' dir='ltr'><em>δι’</em></span> <span class='ocrx_word' id='word_1_99' title='bbox 887 945 1026 1000; x_wconf 85' lang='grc' dir='ltr'><em>αὐτὴν</em></span> <span class='ocrx_word' id='word_1_100' title='bbox 1051 946 1196 1000; x_wconf 78' lang='grc' dir='ltr'><em>ἄφιξις</em></span> <span class='ocrx_word' id='word_1_101' title='bbox 1221 947 1282 995; x_wconf 81' lang='grc' dir='ltr'><em>εἰς</em></span> <span class='ocrx_word' id='word_1_102' title='bbox 1313 947 1392 999; x_wconf 85' lang='grc' dir='ltr'><em>τὴν</em></span> <span class='ocrx_word' id='word_1_103' title='bbox 1426 948 1508 986; x_wconf 82' lang='grc' dir='ltr'><em>Σε-</em></span> 
     </span>
     <span class='ocr_line' id='line_1_14' title="bbox 165 1014 1509 1071; baseline -0.001 -14"><span class='ocrx_word' id='word_1_104' title='bbox 165 1017 380 1070; x_wconf 90' lang='grc' dir='ltr'><em>λεύκειαν,</em></span> <span class='ocrx_word' id='word_1_105' title='bbox 413 1015 630 1071; x_wconf 82' lang='grc' dir='ltr'><em>ἐκδέχεται</em></span> <span class='ocrx_word' id='word_1_106' title='bbox 662 1018 819 1070; x_wconf 83' lang='grc' dir='ltr'><em>μείζων</em></span> <span class='ocrx_word' id='word_1_107' title='bbox 851 1016 1011 1065; x_wconf 85' lang='grc' dir='ltr'><em>αὐτοὺς</em></span> <span class='ocrx_word' id='word_1_108' title='bbox 1037 1017 1242 1070; x_wconf 81' lang='grc' dir='ltr'><em>συμφορὰ</em></span> <span class='ocrx_word' id='word_1_109' title='bbox 1270 1014 1326 1057; x_wconf 87' lang='grc' dir='ltr'><em>δι’</em></span> <span class='ocrx_word' id='word_1_110' title='bbox 1365 1017 1509 1057; x_wconf 80' lang='grc' dir='ltr'><em>αἰτίαν</em></span> 
     </span>
     <span class='ocr_line' id='line_1_15' title="bbox 164 1085 544 1140; baseline -0.003 -13"><span class='ocrx_word' id='word_1_111' title='bbox 164 1086 219 1139; x_wconf 82' lang='grc' dir='ltr'><em>ἣν</em></span> <span class='ocrx_word' id='word_1_112' title='bbox 252 1085 544 1140; x_wconf 81' lang='grc' dir='ltr'><em>ἀφηγήσομαι.</em></span> 
     </span>
    </p>

    <p class='ocr_par' dir='ltr' id='par_1_5' title="bbox 114 1155 1512 1494">
     <span class='ocr_line' id='line_1_16' title="bbox 114 1155 1510 1211; baseline 0 -13"><span class='ocrx_word' id='word_1_113' title='bbox 114 1166 146 1192; x_wconf 85' lang='lat'><em>15</em></span> <span class='ocrx_word' id='word_1_114' title='bbox 254 1156 397 1208; x_wconf 70' lang='lat'>(374)</span> <span class='ocrx_word' id='word_1_115' title='bbox 431 1155 689 1197; x_wconf 82' lang='grc' dir='ltr'><em>Σελευκέων</em></span> <span class='ocrx_word' id='word_1_116' title='bbox 726 1155 1018 1211; x_wconf 71' lang='grc' dir='ltr'><em>τοῐςἽΞλλησι</em></span> <span class='ocrx_word' id='word_1_117' title='bbox 1054 1158 1163 1211; x_wconf 89' lang='grc' dir='ltr'><em>πρὸς</em></span> <span class='ocrx_word' id='word_1_118' title='bbox 1199 1158 1302 1206; x_wconf 85' lang='grc' dir='ltr'><em>τοὺς</em></span> <span class='ocrx_word' id='word_1_119' title='bbox 1333 1157 1510 1210; x_wconf 77' lang='grc' dir='ltr'><em>Σύρους</em></span> 
     </span>
     <span class='ocr_line' id='line_1_17' title="bbox 167 1225 1510 1283; baseline 0 -15"><span class='ocrx_word' id='word_1_120' title='bbox 167 1227 226 1276; x_wconf 87' lang='grc' dir='ltr'><em>ὡς</em></span> <span class='ocrx_word' id='word_1_121' title='bbox 258 1225 327 1268; x_wconf 85' lang='grc' dir='ltr'><em>ἐπὶ</em></span> <span class='ocrx_word' id='word_1_122' title='bbox 357 1228 470 1268; x_wconf 89' lang='grc' dir='ltr'><em>πολὺ</em></span> <span class='ocrx_word' id='word_1_123' title='bbox 504 1225 551 1268; x_wconf 84' lang='grc' dir='ltr'><em>ἐν</em></span> <span class='ocrx_word' id='word_1_124' title='bbox 584 1227 730 1268; x_wconf 87' lang='grc' dir='ltr'><em>στάσει</em></span> <span class='ocrx_word' id='word_1_125' title='bbox 760 1225 832 1268; x_wconf 83' lang='grc' dir='ltr'><em>καὶ</em></span> <span class='ocrx_word' id='word_1_126' title='bbox 865 1228 1066 1283; x_wconf 76' lang='grc' dir='ltr'><em>διχονοίᾳ</em></span> <span class='ocrx_word' id='word_1_127' title='bbox 1099 1226 1218 1269; x_wconf 86' lang='grc' dir='ltr'><em>ἐστὶν</em></span> <span class='ocrx_word' id='word_1_128' title='bbox 1250 1227 1272 1269; x_wconf 86' lang='grc' dir='ltr'>ὁ</span> <span class='ocrx_word' id='word_1_129' title='bbox 1303 1229 1413 1281; x_wconf 89' lang='grc' dir='ltr'><em>βίος,</em></span> <span class='ocrx_word' id='word_1_130' title='bbox 1438 1226 1510 1268; x_wconf 89' lang='grc' dir='ltr'><em>καὶ</em></span> 
     </span>
     <span class='ocr_line' id='line_1_18' title="bbox 165 1294 1512 1350; baseline 0 -12"><span class='ocrx_word' id='word_1_131' title='bbox 165 1303 403 1349; x_wconf 88' lang='grc' dir='ltr'><em>κρατοῦσιν</em></span> <span class='ocrx_word' id='word_1_132' title='bbox 454 1297 499 1339; x_wconf 80' lang='grc' dir='ltr'><em>οἱ</em></span> <span class='ocrx_word' id='word_1_133' title='bbox 529 1295 749 1350; x_wconf 72' lang='grc' dir='ltr'><em>’Έλληνες</em></span> <span class='ocrx_word' id='word_1_134' title='bbox 817 1296 904 1339; x_wconf 81' lang='grc' dir='ltr'><em>τότ’</em></span> <span class='ocrx_word' id='word_1_135' title='bbox 961 1294 1042 1339; x_wconf 84' lang='grc' dir='ltr'><em>οὖν</em></span> <span class='ocrx_word' id='word_1_136' title='bbox 1093 1299 1312 1340; x_wconf 89' lang='grc' dir='ltr'><em>συνοίκων</em></span> <span class='ocrx_word' id='word_1_137' title='bbox 1362 1298 1512 1347; x_wconf 84' lang='grc' dir='ltr'><em>αὐτοῖς</em></span> 
     </span>
     <span class='ocr_line' id='line_1_19' title="bbox 163 1365 1512 1423; baseline 0 -14"><span class='ocrx_word' id='word_1_138' title='bbox 163 1365 391 1409; x_wconf 83' lang='grc' dir='ltr'><em>Ἰουδαίων</em></span> <span class='ocrx_word' id='word_1_139' title='bbox 422 1366 674 1422; x_wconf 81' lang='grc' dir='ltr'><em>γενομένων</em></span> <span class='ocrx_word' id='word_1_140' title='bbox 706 1367 976 1421; x_wconf 79' lang='grc' dir='ltr'><em>ἐστασίαζον,</em></span> <span class='ocrx_word' id='word_1_141' title='bbox 1013 1366 1084 1409; x_wconf 88' lang='grc' dir='ltr'><em>καὶ</em></span> <span class='ocrx_word' id='word_1_142' title='bbox 1125 1368 1171 1409; x_wconf 77' lang='grc' dir='ltr'><em>οἱ</em></span> <span class='ocrx_word' id='word_1_143' title='bbox 1199 1369 1342 1423; x_wconf 89' lang='grc' dir='ltr'><em>Σύροι</em></span> <span class='ocrx_word' id='word_1_144' title='bbox 1373 1372 1512 1409; x_wconf 89' lang='grc' dir='ltr'><em>καθυ-</em></span> 
     </span>
     <span class='ocr_line' id='line_1_20' title="bbox 167 1434 1512 1494; baseline 0.001 -16"><span class='ocrx_word' id='word_1_145' title='bbox 167 1436 368 1491; x_wconf 82' lang='grc' dir='ltr'><em>πέρτεροι</em></span> <span class='ocrx_word' id='word_1_146' title='bbox 411 1434 522 1491; x_wconf 73' lang='grc' dir='ltr'><em>ἦσαν</em></span> <span class='ocrx_word' id='word_1_147' title='bbox 568 1437 779 1494; x_wconf 80' lang='grc' dir='ltr'><em>ὁμολογία</em></span> <span class='ocrx_word' id='word_1_148' title='bbox 822 1444 872 1493; x_wconf 77' lang='grc' dir='ltr'><em>τῇ</em></span> <span class='ocrx_word' id='word_1_149' title='bbox 910 1436 1136 1479; x_wconf 83' lang='grc' dir='ltr'><em>Ἰουδαίων</em></span> <span class='ocrx_word' id='word_1_150' title='bbox 1189 1439 1298 1492; x_wconf 89' lang='grc' dir='ltr'><em>πρὸς</em></span> <span class='ocrx_word' id='word_1_151' title='bbox 1338 1438 1512 1490; x_wconf 89' lang='grc' dir='ltr'><em>αὐτούς,</em></span> 
     </span>
    </p>

    <p class='ocr_par' dir='ltr' id='par_1_6' title="bbox 117 1504 1515 1841">
     <span class='ocr_line' id='line_1_21' title="bbox 117 1504 1513 1563; baseline 0 -14"><span class='ocrx_word' id='word_1_152' title='bbox 117 1525 150 1549; x_wconf 79' lang='lat'><em>20</em></span> <span class='ocrx_word' id='word_1_153' title='bbox 169 1508 500 1562; x_wconf 87' lang='grc' dir='ltr'><em>φιλοκινδύνων</em></span> <span class='ocrx_word' id='word_1_154' title='bbox 519 1504 558 1549; x_wconf 80' lang='grc' dir='ltr'><em>τ’</em></span> <span class='ocrx_word' id='word_1_155' title='bbox 582 1507 759 1563; x_wconf 81' lang='grc' dir='ltr'><em>ἀνδρῶν</em></span> <span class='ocrx_word' id='word_1_156' title='bbox 790 1507 862 1550; x_wconf 88' lang='grc' dir='ltr'><em>καὶ</em></span> <span class='ocrx_word' id='word_1_157' title='bbox 887 1512 1093 1562; x_wconf 83' lang='grc' dir='ltr'><em>πολεμεῖν</em></span> <span class='ocrx_word' id='word_1_158' title='bbox 1125 1509 1366 1562; x_wconf 72' lang='grc' dir='ltr'><em>προθύμως</em></span> <span class='ocrx_word' id='word_1_159' title='bbox 1397 1507 1513 1549; x_wconf 84' lang='grc' dir='ltr'><em>ἐντε-</em></span> 
     </span>
     <span class='ocr_line' id='line_1_22' title="bbox 169 1575 1512 1632; baseline -0.001 -13"><span class='ocrx_word' id='word_1_160' title='bbox 169 1576 408 1632; x_wconf 82' lang='grc' dir='ltr'><em>ταγμένων.</em></span> <span class='ocrx_word' id='word_1_161' title='bbox 471 1578 613 1630; x_wconf 73' lang='grc' dir='ltr'>&lt;3ῖῦ&gt;</span> <span class='ocrx_word' id='word_1_162' title='bbox 645 1575 718 1618; x_wconf 81' lang='grc' dir='ltr'><em>καὶ</em></span> <span class='ocrx_word' id='word_1_163' title='bbox 756 1578 802 1619; x_wconf 79' lang='grc' dir='ltr'><em>οἱ</em></span> <span class='ocrx_word' id='word_1_164' title='bbox 828 1576 1037 1631; x_wconf 70' lang='grc' dir='ltr'><em>’Έλληνες</em></span> <span class='ocrx_word' id='word_1_165' title='bbox 1071 1578 1424 1631; x_wconf 85' lang='grc' dir='ltr'><em>περιωθούμενοι</em></span> <span class='ocrx_word' id='word_1_166' title='bbox 1462 1583 1512 1631; x_wconf 75' lang='grc' dir='ltr'><em>τῇ</em></span> 
     </span>
     <span class='ocr_line' id='line_1_23' title="bbox 172 1646 1513 1702; baseline -0.001 -12"><span class='ocrx_word' id='word_1_167' title='bbox 172 1649 318 1690; x_wconf 88' lang='grc' dir='ltr'><em>στάσει</em></span> <span class='ocrx_word' id='word_1_168' title='bbox 349 1646 420 1689; x_wconf 88' lang='grc' dir='ltr'><em>καὶ</em></span> <span class='ocrx_word' id='word_1_169' title='bbox 453 1650 557 1701; x_wconf 88' lang='grc' dir='ltr'><em>μίαν</em></span> <span class='ocrx_word' id='word_1_170' title='bbox 589 1646 776 1700; x_wconf 87' lang='grc' dir='ltr'><em>ὁρῶντες</em></span> <span class='ocrx_word' id='word_1_171' title='bbox 809 1648 957 1696; x_wconf 82' lang='grc' dir='ltr'><em>αὑτοῖς</em></span> <span class='ocrx_word' id='word_1_172' title='bbox 988 1647 1194 1702; x_wconf 77' lang='grc' dir='ltr'><em>ἀφορμὴν</em></span> <span class='ocrx_word' id='word_1_173' title='bbox 1233 1653 1312 1689; x_wconf 91' lang='grc' dir='ltr'><em>τοῦ</em></span> <span class='ocrx_word' id='word_1_174' title='bbox 1344 1646 1513 1688; x_wconf 85' lang='grc' dir='ltr'><em>ἀνασώ-</em></span> 
     </span>
     <span class='ocr_line' id='line_1_24' title="bbox 173 1716 1514 1771; baseline -0.001 -11"><span class='ocrx_word' id='word_1_175' title='bbox 173 1723 337 1761; x_wconf 90' lang='grc' dir='ltr'><em>σασθαι</em></span> <span class='ocrx_word' id='word_1_176' title='bbox 362 1720 411 1760; x_wconf 88' lang='grc' dir='ltr'><em>τὸ</em></span> <span class='ocrx_word' id='word_1_177' title='bbox 443 1720 657 1771; x_wconf 85' lang='grc' dir='ltr'><em>πρότερον</em></span> <span class='ocrx_word' id='word_1_178' title='bbox 683 1716 865 1771; x_wconf 81' lang='grc' dir='ltr'><em>ἀξίωμα,</em></span> <span class='ocrx_word' id='word_1_179' title='bbox 891 1719 931 1758; x_wconf 87' lang='grc' dir='ltr'><em>εί</em></span> <span class='ocrx_word' id='word_1_180' title='bbox 956 1719 1194 1770; x_wconf 81' lang='grc' dir='ltr'><em>δυνηθεῖεν</em></span> <span class='ocrx_word' id='word_1_181' title='bbox 1222 1723 1384 1759; x_wconf 89' lang='grc' dir='ltr'><em>παῦσαι</em></span> <span class='ocrx_word' id='word_1_182' title='bbox 1412 1718 1514 1771; x_wconf 89' lang='grc' dir='ltr'><em>ὁμο-</em></span> 
     </span>
     <span class='ocr_line' id='line_1_25' title="bbox 172 1786 1515 1841; baseline -0.001 -10"><span class='ocrx_word' id='word_1_183' title='bbox 172 1795 386 1838; x_wconf 88' lang='grc' dir='ltr'><em>νοοῦντας</em></span> <span class='ocrx_word' id='word_1_184' title='bbox 419 1787 661 1837; x_wconf 79' lang='grc' dir='ltr'><em>Ἰουδαίους</em></span> <span class='ocrx_word' id='word_1_185' title='bbox 703 1786 775 1829; x_wconf 88' lang='grc' dir='ltr'><em>καὶ</em></span> <span class='ocrx_word' id='word_1_186' title='bbox 812 1788 1009 1841; x_wconf 89' lang='grc' dir='ltr'><em>Σύρους,</em></span> <span class='ocrx_word' id='word_1_187' title='bbox 1048 1786 1297 1841; x_wconf 82' lang='grc' dir='ltr'><em>διελέγοντο</em></span> <span class='ocrx_word' id='word_1_188' title='bbox 1342 1787 1515 1830; x_wconf 74' lang='grc' dir='ltr'><em>ἕκαστοι</em></span> 
     </span>
    </p>

    <p class='ocr_par' dir='ltr' id='par_1_7' title="bbox 119 1858 1517 2195">
     <span class='ocr_line' id='line_1_26' title="bbox 119 1858 1515 1914; baseline 0 -14"><span class='ocrx_word' id='word_1_189' title='bbox 119 1874 153 1900; x_wconf 80' lang='lat'><em>25</em></span> <span class='ocrx_word' id='word_1_190' title='bbox 172 1862 280 1914; x_wconf 87' lang='grc' dir='ltr'><em>πρὸς</em></span> <span class='ocrx_word' id='word_1_191' title='bbox 310 1867 398 1901; x_wconf 88' lang='grc' dir='ltr'><em>τῶν</em></span> <span class='ocrx_word' id='word_1_192' title='bbox 432 1860 594 1912; x_wconf 87' lang='grc' dir='ltr'><em>Σύρων</em></span> <span class='ocrx_word' id='word_1_193' title='bbox 625 1860 726 1907; x_wconf 88' lang='grc' dir='ltr'><em>τοὺς</em></span> <span class='ocrx_word' id='word_1_194' title='bbox 758 1858 902 1900; x_wconf 84' lang='grc' dir='ltr'><em>αὐτῶν</em></span> <span class='ocrx_word' id='word_1_195' title='bbox 930 1861 1140 1912; x_wconf 80' lang='grc' dir='ltr'><em>συνήθεις</em></span> <span class='ocrx_word' id='word_1_196' title='bbox 1164 1860 1248 1912; x_wconf 88' lang='grc' dir='ltr'><em>πρὸ</em></span> <span class='ocrx_word' id='word_1_197' title='bbox 1280 1865 1360 1901; x_wconf 87' lang='grc' dir='ltr'><em>τοῦ</em></span> <span class='ocrx_word' id='word_1_198' title='bbox 1391 1874 1515 1912; x_wconf 85' lang='grc' dir='ltr'><em>γεγο-</em></span> 
     </span>
     <span class='ocr_line' id='line_1_27' title="bbox 173 1927 1512 1984; baseline -0.002 -11"><span class='ocrx_word' id='word_1_199' title='bbox 173 1933 322 1983; x_wconf 85' lang='grc' dir='ltr'><em>νότας,</em></span> <span class='ocrx_word' id='word_1_200' title='bbox 361 1931 543 1984; x_wconf 83' lang='grc' dir='ltr'><em>εἰρήνην</em></span> <span class='ocrx_word' id='word_1_201' title='bbox 586 1944 630 1970; x_wconf 91' lang='grc' dir='ltr'><em>τε</em></span> <span class='ocrx_word' id='word_1_202' title='bbox 670 1927 740 1969; x_wconf 87' lang='grc' dir='ltr'><em>καὶ</em></span> <span class='ocrx_word' id='word_1_203' title='bbox 778 1931 931 1982; x_wconf 89' lang='grc' dir='ltr'><em>φιλίαν</em></span> <span class='ocrx_word' id='word_1_204' title='bbox 970 1929 1323 1984; x_wconf 82' lang='grc' dir='ltr'><em>ὑπισχνούμενοι.</em></span> <span class='ocrx_word' id='word_1_205' title='bbox 1387 1931 1431 1970; x_wconf 77' lang='grc' dir='ltr'><em>οἳ</em></span> <span class='ocrx_word' id='word_1_206' title='bbox 1470 1927 1512 1970; x_wconf 83' lang='grc' dir='ltr'><em>δ’</em></span> 
     </span>
     <span class='ocr_line' id='line_1_28' title="bbox 175 1995 1517 2054; baseline -0.001 -12"><span class='ocrx_word' id='word_1_207' title='bbox 175 2000 406 2042; x_wconf 85' lang='grc' dir='ltr'><em>ἐπείθοντο</em></span> <span class='ocrx_word' id='word_1_208' title='bbox 439 2000 632 2053; x_wconf 78' lang='grc' dir='ltr'><em>ἅσμενοι.</em></span> <span class='ocrx_word' id='word_1_209' title='bbox 693 1999 836 2052; x_wconf 74' lang='lat'>&lt;376&gt;</span> <span class='ocrx_word' id='word_1_210' title='bbox 870 1998 1095 2053; x_wconf 85' lang='grc' dir='ltr'><em>ἐγίγνοντο</em></span> <span class='ocrx_word' id='word_1_211' title='bbox 1135 1996 1218 2040; x_wconf 85' lang='grc' dir='ltr'><em>οὗν</em></span> <span class='ocrx_word' id='word_1_212' title='bbox 1255 1995 1331 2054; x_wconf 87' lang='grc' dir='ltr'><em>ὑφ’</em></span> <span class='ocrx_word' id='word_1_213' title='bbox 1376 1998 1517 2040; x_wconf 76' lang='grc' dir='ltr'><em>ἑκατέ-</em></span> 
     </span>
     <span class='ocr_line' id='line_1_29' title="bbox 176 2068 1517 2125; baseline -0.001 -13"><span class='ocrx_word' id='word_1_214' title='bbox 176 2087 267 2124; x_wconf 89' lang='grc' dir='ltr'><em>ρων</em></span> <span class='ocrx_word' id='word_1_215' title='bbox 304 2072 448 2124; x_wconf 85' lang='grc' dir='ltr'><em>λόγοι,</em></span> <span class='ocrx_word' id='word_1_216' title='bbox 486 2068 557 2111; x_wconf 85' lang='grc' dir='ltr'><em>καὶ</em></span> <span class='ocrx_word' id='word_1_217' title='bbox 597 2077 684 2110; x_wconf 85' lang='grc' dir='ltr'><em>τῶν</em></span> <span class='ocrx_word' id='word_1_218' title='bbox 720 2070 906 2124; x_wconf 84' lang='grc' dir='ltr'><em>πρώτων</em></span> <span class='ocrx_word' id='word_1_219' title='bbox 942 2068 1046 2125; x_wconf 86' lang='grc' dir='ltr'><em>παρ’</em></span> <span class='ocrx_word' id='word_1_220' title='bbox 1084 2068 1302 2123; x_wconf 79' lang='grc' dir='ltr'><em>ἑκατέροις</em></span> <span class='ocrx_word' id='word_1_221' title='bbox 1340 2069 1517 2124; x_wconf 81' lang='grc' dir='ltr'><em>ἀνδρῶν</em></span> 
     </span>
     <span class='ocr_line' id='line_1_30' title="bbox 178 2138 1517 2195; baseline -0.001 -13"><span class='ocrx_word' id='word_1_222' title='bbox 178 2143 458 2194; x_wconf 87' lang='grc' dir='ltr'><em>πραττόντων</em></span> <span class='ocrx_word' id='word_1_223' title='bbox 492 2140 801 2193; x_wconf 81' lang='grc' dir='ltr'><em>ἐπιδιαλλαγὰς</em></span> <span class='ocrx_word' id='word_1_224' title='bbox 831 2138 1006 2195; x_wconf 86' lang='grc' dir='ltr'><em>τάχισθ’</em></span> <span class='ocrx_word' id='word_1_225' title='bbox 1042 2140 1068 2194; x_wconf 83' lang='grc' dir='ltr'><em>ἡ</em></span> <span class='ocrx_word' id='word_1_226' title='bbox 1095 2141 1310 2195; x_wconf 86' lang='grc' dir='ltr'><em>σύμβασις</em></span> <span class='ocrx_word' id='word_1_227' title='bbox 1335 2139 1517 2193; x_wconf 80' lang='grc' dir='ltr'><em>ἐγένετο.</em></span> 
     </span>
    </p>

    <p class='ocr_par' dir='ltr' id='par_1_8' title="bbox 124 2208 1519 2335">
     <span class='ocr_line' id='line_1_31' title="bbox 124 2208 1519 2265; baseline -0.001 -14"><span class='ocrx_word' id='word_1_228' title='bbox 124 2225 158 2251; x_wconf 76' lang='lat'><em>30</em></span> <span class='ocrx_word' id='word_1_229' title='bbox 180 2209 498 2265; x_wconf 84' lang='grc' dir='ltr'><em>ὁμονοήσαντές</em></span> <span class='ocrx_word' id='word_1_230' title='bbox 530 2225 573 2251; x_wconf 88' lang='grc' dir='ltr'><em>τε</em></span> <span class='ocrx_word' id='word_1_231' title='bbox 606 2209 714 2264; x_wconf 85' lang='grc' dir='ltr'><em>μέγα</em></span> <span class='ocrx_word' id='word_1_232' title='bbox 746 2212 979 2265; x_wconf 83' lang='grc' dir='ltr'><em>τεκμήριον</em></span> <span class='ocrx_word' id='word_1_233' title='bbox 1012 2208 1207 2263; x_wconf 82' lang='grc' dir='ltr'><em>ἑκάτεροι</em></span> <span class='ocrx_word' id='word_1_234' title='bbox 1240 2210 1413 2259; x_wconf 90' lang='grc' dir='ltr'><em>εὐνοίας</em></span> <span class='ocrx_word' id='word_1_235' title='bbox 1445 2209 1519 2251; x_wconf 82' lang='grc' dir='ltr'><em>ἀλ-</em></span> 
     </span>
     <span class='ocr_line' id='line_1_32' title="bbox 179 2279 1517 2335; baseline 0 -13"><span class='ocrx_word' id='word_1_236' title='bbox 179 2282 327 2334; x_wconf 85' lang='grc' dir='ltr'><em>λήλοις</em></span> <span class='ocrx_word' id='word_1_237' title='bbox 370 2279 523 2334; x_wconf 81' lang='grc' dir='ltr'><em>ἠξίουν</em></span> <span class='ocrx_word' id='word_1_238' title='bbox 566 2287 805 2335; x_wconf 80' lang='grc' dir='ltr'><em>παρασχεῖν</em></span> <span class='ocrx_word' id='word_1_239' title='bbox 848 2281 896 2322; x_wconf 88' lang='grc' dir='ltr'><em>τὸ</em></span> <span class='ocrx_word' id='word_1_240' title='bbox 940 2281 1049 2334; x_wconf 90' lang='grc' dir='ltr'><em>πρὸς</em></span> <span class='ocrx_word' id='word_1_241' title='bbox 1087 2279 1329 2330; x_wconf 84' lang='grc' dir='ltr'><em>Ἰουδαίους</em></span> <span class='ocrx_word' id='word_1_242' title='bbox 1373 2281 1517 2334; x_wconf 80' lang='grc' dir='ltr'><em>ἔχθος,</em></span> 
     </span>
    </p>
   </div>
  </div>
 </body>
</html>
