1732 2526
233 90 289 132 96
725 90 1089 124 APXAIOAOPIAZ

234 198 320 247 κὼς
358 195 406 239 δὲ
443 199 684 252 περιοίσειν
725 197 815 252 (καὶ
855 199 938 253 γὰρ
980 197 1080 254 περὶ
1117 199 1212 247 ε”τος
1256 196 1585 253 ἑβδομηκοστὸν

234 266 309 324 ἦν)
342 268 605 323 ἐξηγρίωσεν
637 268 810 325 ἀκράτῳ
842 276 893 324 τῇ
926 269 1034 325 ὀργῇ
1061 268 1133 311 καὶ
1159 271 1311 325 πικρία
1336 270 1397 319 εἰς
1423 269 1592 319 πάντας

236 341 477 395 χρώμενος·
510 344 652 382 αἴτιον
686 338 725 381 δ’
763 338 818 394 ἦν
852 340 957 390 δόξα
989 347 1069 382 τοῦ
1105 344 1483 395 καταφρονεῖσθαι
1514 339 1587 382 καὶ

235 411 376 465 ἡδονῇ
418 411 493 460 τὰς
534 412 666 466 τύχας
706 411 843 452 αὐτοῦ
884 412 933 453 τὸ
977 412 1111 460 ἔθνος
1152 409 1327 465 φέρειν,
1365 411 1507 460 ἄλλως
1544 408 1581 452 τ’

237 481 387 536 ἐπειδή
421 497 535 530 τινες
566 489 654 523 τῶν
687 480 1049 537 δημοτικωτέρων
1075 481 1328 536 ἀνθρώπων
1354 480 1588 523 κατεπανέ-

238 563 403 606 στησαν
436 551 552 608 αὐτῷ
587 552 660 593 διὰ
691 552 900 606 τοιαύτην
933 553 1087 593 αἰτίαν.

327 622 473 677 <149>
517 619 572 676 ἧν
612 619 782 672 Ἰούδας
826 623 848 665 ὁ
894 624 1149 678 Σαριφαίου
1195 621 1267 664 καὶ
1312 624 1521 672 Ματθίας
1565 623 1587 665 ὁ

236 695 559 749 Μαργαλώθου
576 691 804 735 Ἰουδαίων
836 694 1093 747 λογιώτατοι
1125 691 1197 734 καὶ
1228 690 1327 748 παρ’
1356 693 1587 734 οὑστινασ-

238 771 320 806 οῦν
358 771 445 805 τῶν
487 765 684 817 πατρίων
723 762 925 817 ἐξηγηταὶ
957 765 1124 817 νόμων,
1156 763 1316 817 ἄνδρες
1353 763 1424 805 καὶ
1464 764 1586 820 δήμω

237 838 497 889 προσφιλεῖς
529 835 602 875 διὰ
633 835 837 876 παιδείαν
868 841 958 876 τῶν
984 833 1212 888 νεωτέρων
1240 833 1471 889 (ὁσημέραι
1502 835 1585 889 γὰρ

240 903 502 960 διημέρευον
535 904 683 954 αὐτοῖς
714 905 872 954 πάντες
906 899 970 954 οἷς
1000 907 1288 960 προσποίησις
1314 904 1468 960 ἀρετῆς
1495 904 1588 947 ἐπε-

238 974 480 1031 τηδεύετο),
511 975 655 1030 <150>
690 978 734 1017 οἳ
763 978 859 1018 τότε
886 978 1222 1030 πυνθανόμενοι
1259 982 1338 1018 τοῦ
1376 974 1590 1030 βασιλέως

239 1048 319 1101 τὴν
351 1048 487 1088 νόσον
519 1047 785 1101 θεραπεύειν
818 1047 987 1101 ἄπορον
1020 1043 1174 1100 οὖσαν,
1207 1045 1366 1101 ἐξῆραν
1404 1048 1452 1089 τὸ
1484 1047 1586 1088 νεώ-

1608 848 1640 873 10

239 1133 368 1172 τερον
401 1117 523 1170 ὥστε,
557 1117 698 1159 ὁπόσα
729 1118 845 1172 παρὰ
872 1118 949 1159 τὸν
980 1119 1121 1171 νόμον
1147 1119 1225 1159 τὸν
1250 1117 1436 1171 πάτριον
1467 1133 1589 1159 κατε-
1619 1144 1622 1145 ⁷

241 1189 453 1230 σκεύαστο
488 1190 591 1242 ἔργα
635 1188 719 1230 ὑπὸ
762 1195 840 1230 τοῦ
881 1187 1109 1242 βασιλέως,
1146 1194 1282 1230 ταῦτα
1319 1190 1590 1238 καθελόντας

241 1259 466 1312 εὐσεβείας
498 1258 779 1313 ἀγωνίσματα
811 1259 927 1314 παρὰ
959 1266 1047 1300 τῶν
1072 1260 1223 1313 νόμων
1250 1257 1484 1314 φέρεσθαι·
1517 1257 1589 1301 καὶ

240 1330 324 1384 γὰρ
370 1330 424 1384 δὴ
470 1329 542 1370 διὰ
583 1330 663 1383 τὴν
706 1331 873 1384 τόλμαν
917 1330 1078 1384 αὐτῶν,
1121 1328 1221 1385 παρ’
1265 1330 1291 1371 ἃ
1330 1331 1589 1386 διηγόρευεν

241 1400 264 1442 ὁ
310 1402 464 1454 νόμος,
510 1405 582 1454 τῆς
619 1401 836 1454 ποιήσεως
879 1401 931 1441 τά
962 1398 999 1441 τ’
1045 1398 1139 1442 ἀλλ’
1195 1400 1311 1457 αὐτῷ
1357 1407 1589 1456 συντυχεῖν

243 1466 308 1521 οἷς
338 1472 455 1526 παρὰ
495 1472 544 1512 τὸ
577 1472 737 1521 εἰωθὸς
767 1471 1036 1526 τάνθρώπου
1078 1472 1291 1526 διετρίβη,
1328 1470 1400 1513 καὶ
1433 1472 1486 1526 δὴ
1518 1470 1589 1513 καὶ

241 1543 321 1596 τὴν
352 1544 500 1584 νόσον.
562 1542 706 1596 <151>
738 1539 792 1596 ἦν
830 1543 913 1596 γὰρ
955 1548 1013 1599 τῷ
1040 1541 1218 1599 “Ηρώδῃ
1258 1543 1356 1584 τινὰ
1392 1556 1590 1598 πραγμα-

240 1612 455 1654 τευθέντα
497 1613 614 1667 παρὰ
655 1615 733 1655 τὸν
774 1615 931 1668 νόμον,
973 1613 999 1654 ἃ
1041 1614 1094 1668 δὴ
1135 1612 1375 1656 ἐπεκάλουν
1418 1611 1590 1667 οἱπερὶ

241 1684 320 1725 τὸν
346 1681 521 1725 Ἰούδαν
555 1682 627 1724 καὶ
658 1686 886 1725 Ματθίαν.
948 1685 1253 1726 κατεσκευάκει
1285 1685 1368 1739 γὰρ
1407 1684 1430 1726 ὁ
1467 1685 1591 1738 βασι-

244 1755 344 1803 λεὺς
375 1751 485 1809 ὑπὲρ
524 1760 603 1796 τοῦ
640 1757 843 1804 πυλῶνος
882 1762 961 1796 τοῦ
1000 1755 1191 1809 μεγάλου
1232 1761 1311 1797 τοῦ
1344 1761 1455 1797 ναοῦ
1487 1754 1591 1796 ἀνά-

243 1828 366 1878 θημα
399 1827 499 1866 λίαν
542 1824 792 1879 πολυτελές,
831 1825 960 1868 ἀετὸν
992 1832 1188 1881 χρυσοῦν
1226 1825 1381 1880 μέγαν·
1431 1826 1591 1867 κωλύει

245 1891 285 1935 δ’
321 1895 344 1936 ὁ
377 1897 512 1949 νόμος
544 1897 729 1938 εἰκόνων
761 1894 797 1937 τ’
836 1896 1096 1946 ἀναστάσεις
1128 1896 1322 1938 ἐπινοεῖν
1353 1895 1427 1938 καὶ
1458 1904 1592 1938 τινῶν

246 1963 367 2022 ζῴων
399 1965 633 2015 ἀναθέσεις
665 1965 1002 2021 ἐπιτηδεύεσθαι
1034 1975 1125 2017 τοῖς
1156 1970 1287 2022 βιοῦν
1327 1965 1419 2008 κατ’
1457 1967 1592 2009 αὐτὸν

243 2035 577 2091 προῃρημένοις.
640 2037 785 2092 <152>
820 2034 924 2079 ὥστ’
961 2036 1165 2080 ἐκέλευον
1197 2038 1242 2079 οἱ
1271 2036 1477 2092 σοφισταὶ
1515 2039 1593 2080 τὸν

245 2106 373 2148 ἀετὸν
405 2113 646 2148 κατασπᾶν
679 2106 752 2149 καὶ
785 2109 866 2163 γὰρ
900 2112 945 2149 εἴ
969 2124 1033 2158 τις
1066 2107 1237 2162 γένοιτο
1279 2108 1501 2162 κίνδυνος,
1533 2114 1592 2164 τῷ

247 2178 307 2226 εἰς
338 2177 537 2219 θάνατον
571 2177 840 2235 ἀνακειμένῳ
873 2180 986 2220 πολὺ
1020 2184 1095 2232 τῆς
1133 2177 1180 2219 ἐν
1216 2183 1274 2234 τῷ
1319 2180 1394 2231 ζῆν
1431 2179 1594 2232 ἡδονῆς

246 2246 606 2302 λυσιτελεστέραν
644 2250 886 2302 φαίνεσθαι
924 2250 1004 2303 τὴν
1035 2247 1388 2304 προστιθεμένην
1434 2248 1592 2304 ἀρετὴν

343 2332 361 2369 ξ
390 2331 456 2362 149
484 2328 527 2364 cf.
556 2328 646 2364 Bell.
674 2329 751 2364 Iud.
779 2330 795 2363 Ι
821 2333 875 2374 33,
904 2334 935 2364 2.

1610 1201 1642 1226 15

1609 1555 1644 1580 20

1611 1908 1645 1933 25
1704 1896 1714 1925 -’

1612 2261 1646 2286 30

1706 1792 1713 1795 ι
1710 1780 1713 1782 -
1709 1747 1715 1762 ,ε
1707 1544 1717 1741 -ᾺΛι-ο-κ-υ
1709 1474 1717 1538 ..ι-ω

1711 179 1720 450 N.4.--a--v,..-A.A1-
1716 166 1718 170 .
1714 153 1719 159 ,

1705 590 1719 1067 -Αωᾼῄᾼὼμω-..ΔΜ-μ.
1713 515 1719 564 .,,«
1716 470 1719 485 <⁴
