1732 2526
566 76 1004 109 ENNEAKAIAEKATH
1367 76 1450 116 241

106 181 236 237 ἀρετῇ·
279 184 616 238 συνερχόμενον,
658 181 968 225 ἀναντίλεκτον
1007 182 1074 224 ἐπὶ
1113 190 1247 225 πᾶσιν
1285 178 1350 232 οἷς
1386 199 1454 225 κε-

106 253 272 294 λεύσειε
316 254 397 307 τὴν
442 252 684 307 ἐπιθυμίαν
727 253 981 306 λαμβάνων·
1033 254 1176 306 <204>
1224 254 1332 295 ὅθεν
1382 253 1453 295 καὶ

104 322 273 379 ἀδελφῇ
300 326 460 380 γνησίᾳ
486 329 642 377 συνῆν,
668 323 710 373 ἐξ
739 320 792 365 οὗ
819 322 890 365 καὶ
917 322 1087 378 μάλιστ’
1113 324 1228 379 αὐτῷ
1256 325 1451 377 φύεσθαι

103 395 220 448 παρὰ
252 401 342 444 τοῖς
372 395 569 443 πολίταις
599 393 758 448 ἤρξατο
792 394 1093 448 σφοδρότερον
1125 396 1173 435 τὸ
1206 401 1345 447 μῖσος,
1379 396 1452 436 διὰ

68 477 84 502 5
103 465 152 505 τὸ
184 468 351 507 πολλοῦ
383 466 547 520 χρόνου
579 464 636 518 μὴ
670 462 958 518 ι’στορημένον
991 468 1052 513 εἰς
1083 459 1118 505 τ’
1150 463 1353 506 ἀπιστίαν
1379 464 1450 506 καὶ

103 536 270 589 ἔχθραν
307 536 386 589 τὴν
429 536 538 589 πρὸς
578 536 655 575 τὸν
696 534 920 587 πράξαντα
963 538 1243 589 παρακαλεῖν.
1305 536 1450 587 <205>

102 602 314 658 ἔργον-δὲ
346 603 454 658 μέγα
488 604 512 658 ἢ
552 606 778 658 βασίλειον
817 602 948 646 οὐδὲν
987 605 1103 661 αὐτῷ
1141 604 1449 660 πεπραγμένον

100 679 214 717 εἴποι
247 676 302 717 ἄν
333 691 411 729 τις,
444 675 469 729 ἢ·
503 673 565 716 ἐπ’
606 675 796 731 ὠφελείᾳ
828 682 915 717 τῶν
948 677 1177 717 συνόντων
1218 675 1290 717 καὶ
1323 675 1449 731 (τῶν)

100 742 234 795 αὖθις
265 745 516 801 ἀνθρώπων
550 745 786 800 ἐσομένων,
819 748 935 800 πλήν
960 762 1007 800 γε
1040 752 1119 788 τοῦ
1151 745 1250 801 περὶ
1275 745 1450 800 Ῥήγιον

46 829 79 854 10
101 815 172 858 καὶ
222 819 432 858 Σικελίαν
483 815 797 871 ἐπινοηθέντος
845 818 907 866 εἰς
956 817 1182 872 ὑποδοχὴν
1236 824 1324 858 τῶν
1375 816 1443 858 ἀπ’

100 889 328 941 Αἰγύπτου
369 895 560 941 σιτηγῶν
601 888 780 929 πλοίων.
848 888 991 941 <206>
1029 894 1158 929 τοῦτο
1206 886 1244 928 δ’
1291 888 1448 942 ὁμολο-

99 957 324 1012 γουμένως
355 957 560 1012 μέγιστόν
593 973 636 999 τε
675 956 746 999 καὶ
787 958 1124 1012 ὠφελιμώτατον
1163 965 1254 1008 τοῖς
1291 958 1447 1001 πλέου-

99 1040 188 1070 σιν·
221 1029 275 1071 οὐ
307 1030 393 1084 μὴν
427 1028 495 1071 ἐπὶ
528 1028 650 1078 τέλος
682 1027 720 1082 γ’
761 1028 954 1083 ἀφίκετο,
987 1027 1081 1070 ἀλλ’
1120 1028 1331 1082 ἡμίεργον
1360 1030 1445 1072 ὑπὸ

97 1105 177 1141 τοῦ
219 1099 499 1154 ἀμβλυτέρως
537 1099 653 1155 αὐτῷ
693 1098 921 1141 ἐπιπονεῖν
961 1101 1240 1153 κατελείφθη.
1303 1100 1447 1154 <207>

45 1183 77 1207 15
98 1174 238 1212 αι”τιον
272 1168 309 1211 δ’
349 1167 404 1224 ἢν
430 1169 456 1223 ἡ
482 1169 581 1223 περὶ
607 1169 783 1225 τάχρεῖα
810 1170 982 1223 σπουδὴ
1010 1168 1081 1210 καὶ
1107 1170 1155 1211 τὸ
1183 1171 1446 1212 δαπανῶντα

97 1242 160 1290 εἰς
178 1241 354 1294 ἡδονάς,
381 1243 429 1282 αἳ
451 1241 558 1282 κατὰ
585 1242 721 1294 μόνας
741 1242 925 1294 ἔμελλον
946 1240 1134 1295 ὠφελεῖν
1160 1240 1294 1297 αὐτῷ,
1314 1241 1445 1295 ὑφαι-

96 1319 190 1366 ρεῖν
222 1311 301 1364 τὴν
335 1309 404 1352 ἐπὶ
436 1318 526 1360 τοῖς
557 1313 800 1366 κρείττοσιν
831 1310 1244 1365 ἀνωμολογημένοις
1275 1315 1445 1366 φιλοτι-

96 1383 212 1436 μίαν.
275 1382 419 1435 <208>
451 1382 593 1431 ἄλλως
625 1379 673 1423 δὲ
706 1382 850 1434 ῥήτωρ
882 1382 918 1422 τ’
960 1382 1135 1435 ἄριστος
1172 1381 1244 1423 καὶ
1276 1383 1443 1439 γλώττῃ

95 1458 145 1506 τῇ
165 1448 212 1493 θ’
232 1451 454 1507 Ἑλληνίδι
475 1451 546 1494 καὶ
571 1458 621 1507 τῇ
637 1450 862 1506 Ῥωμαίοις
881 1455 1046 1509 πατρίῳ
1069 1451 1226 1507 σφόδρ’
1259 1453 1442 1508 ἠσκημέ-

41 1535 76 1560 20
94 1538 183 1577 νος,
215 1525 356 1565 συνίει
388 1519 423 1564 τ’
461 1522 508 1564 ἐκ
538 1529 617 1565 τοῦ
648 1530 925 1578 παραχρῆμα,
956 1522 1027 1564 καὶ
1059 1530 1149 1572 τοῖς
1174 1522 1249 1577 ὑφ’
1282 1523 1442 1578 ἐτέρων

94 1596 349 1635 συντεθεῖσί
376 1609 420 1635 τε
452 1592 525 1635 καὶ
558 1593 604 1634 ἐκ
634 1596 838 1643 πλείονος
873 1592 1261 1648 προσυγκειμένοις
1301 1594 1442 1637 ἀντει-

92 1664 188 1705 πὼν
227 1663 273 1705 ἐκ
314 1670 392 1706 τοῦ
431 1663 551 1714 ὀξέος
589 1670 784 1718 φανῆναι
825 1665 1128 1717 πιθανώτερος
1167 1663 1214 1706 ἐν
1252 1668 1441 1723 μεγίστῳ

92 1734 313 1788 πράγματι
344 1733 443 1787 παρ’
484 1735 691 1776 ὁντινοῦν
723 1736 785 1783 εἰς
815 1741 945 1776 τοῦτο
978 1737 1229 1789 γενόμενος,
1263 1735 1441 1793 εὐκολίᾳ

91 1803 128 1845 τ’
160 1806 221 1854 εἰς
247 1805 352 1846 αὐτὸ
378 1810 454 1858 τῆς
478 1805 652 1859 φύσεως
677 1803 748 1846 καὶ
775 1810 834 1862 τῷ
861 1806 922 1854 εἰς
948 1806 1077 1860 ἰσχὺν
1109 1805 1218 1859 αὐτῇ
1249 1810 1440 1860 προσλα-

40 1888 75 1913 25
93 1877 190 1930 βεῖν
222 1874 405 1930 μελέτην
436 1881 514 1917 τοῦ
542 1875 776 1918 ἐπιπονεῖν.
840 1876 986 1930 <209>
1013 1875 1208 1931 ἀδελφοῦ
1233 1877 1315 1932 γὰρ
1342 1891 1439 1919 παι-

92 1947 168 1996 δὸς
198 1947 287 1988 υἱεῖ
317 1948 518 2000 γεγονότι
551 1948 772 2001 Τιβερίου,
804 1943 856 1989 οὗ
888 1945 961 1988 καὶ
993 1947 1198 2001 διάδοχος
1229 1950 1439 2002 γίγνεται,

91 2015 185 2071 μέγ’
222 2016 478 2071 ἀνάγκασμα
510 2018 708 2066 παιδείας
739 2015 1003 2072 ἀντέχεσθαι
1030 2018 1104 2059 διὰ
1136 2019 1184 2059 τὸ
1211 2016 1283 2059 καὶ
1309 2018 1440 2068 αὐτὸς

90 2088 152 2136 εἰς
182 2088 234 2128 τὰ
265 2095 414 2142 πρῶτα
441 2087 489 2129 ἐν
516 2087 623 2143 αὐτῇ
650 2092 883 2142 κατορθῶν
910 2086 1181 2142 διαπρέπειν,
1206 2087 1278 2130 καὶ
1311 2100 1437 2131 συνε-

90 2159 318 2213 φιλοκάλει
356 2158 508 2212 Γάιος,
547 2164 788 2212 συγγενοῦς
827 2157 863 2200 τ’
905 2158 1068 2213 ἀνδρὸς
1109 2157 1181 2200 καὶ
1221 2159 1438 2214 ἡγεμόνος

38 2239 73 2265 30
92 2232 224 2270 εἴκων
251 2228 510 2279 ἐπιστολαῖς.
554 2229 698 2284 <210>
719 2228 968 2284 ἐπρώτευσέ
989 2245 1033 2271 τε
1059 2237 1147 2271 τῶν
1172 2227 1272 2271 καθ’
1301 2230 1436 2273 αὑτὸν

90 2302 298 2354 πολιτῶν,
330 2299 384 2341 οὐ
415 2300 502 2354 μὴν
534 2299 753 2355 ἀντισχεῖν
787 2295 858 2341 οἷά
888 2296 926 2341 τ’
963 2298 1120 2353 ἐγένετ’
1158 2299 1274 2356 αὐτῷ
1301 2301 1354 2341 τὰ
1389 2301 1436 2343 ἐκ

160 2375 330 2401 Iosspnus.
359 2375 404 2400 IV
1179 2372 1221 2402 16
