1732 2526
75 857 106 881 10

72 1207 104 1232 15

71 1560 104 1584 20

68 1908 101 1934 25

66 2261 102 2286 30

688 95 900 128 ΕΙΚΟΣΤΗ
1240 85 1246 93 “
1383 92 1467 134 291

126 191 348 258 Καίσαρος
386 204 621 257 Ἀγρίππας
659 203 862 244 ἐκδίδωσι
906 203 1015 255 πρὸς
1053 201 1194 255 γάμον
1226 199 1372 258 Ἀζίζῳ
1411 206 1470 256 τῷ

120 275 312 330 Ἐμέσων
339 278 522 329 βασιλεῖ,
548 272 885 327 περιτέμνεσθαι
911 274 1163 325 θελήσαντι,
1185 272 1471 324 Δρούσιλλαν

126 348 204 401 τὴν
237 346 449 400 ἀδελφήν·
477 342 716 400 Ἐπιφάνης
748 344 829 397 γὰρ
857 343 879 385 ὁ
903 341 1129 398 Ἀντιόχου
1156 348 1234 384 τοῦ
1260 340 1472 396 βασιλέως

126 425 226 467 παῖς
257 417 532 472 παρῃτήσατο
565 416 641 457 τὸν
674 414 831 468 γάμον,
858 414 915 468 μὴ
944 412 1182 467 βουληθεὶς
1208 414 1268 461 εἰς
1293 413 1343 453 τὰ
1366 410 1473 453 Ἰου-

127 489 266 530 δαίων
299 490 379 541 ε”θη
422 489 695 541 μεταβαλεῖν,
734 488 888 537 καίπερ
930 491 1059 526 τοῦτο
1098 484 1299 536 ποιήσειν
1336 489 1473 534 προϋ-

126 561 396 613 ποσχόμενος
428 558 562 611 αὐτῆς
600 563 658 614 τῷ
697 558 838 610 πατρί.
901 555 1048 608 <140>
1086 553 1153 595 καὶ
1196 553 1473 607 ΑΜαριάμμην

126 628 164 670 δ’
204 628 414 679 ἐξέδωκεν
441 627 655 684 Ἀρχελάῳ
688 631 747 682 τῷ
772 623 948 666 Ἑλκίου
974 624 1113 677 παιδί,
1144 625 1360 677 πρότερον
1386 622 1471 663 ὑπὸ

120 698 335 752 Ἀγρίππα
366 705 444 740 τοῦ
476 699 638 750 πατρὸς
671 696 973 751 ἁρμοσθεῖσαν
1005 695 1141 751 αὐτῷ·
1174 693 1244 735 καὶ
1278 695 1473 747 γίγνεται

124 770 325 823 θυγάτηρ
359 769 506 818 αὐτοῖς
538 770 677 822 ὄνομα
709 768 935 822 Βερενίκη.

216 840 361 894 <141>
389 839 645 880 διαλύονται
672 835 721 879 δὲ
744 844 793 893 τῇ
815 841 1072 894 Δρουσίλλῃ
1092 839 1200 893 πρὸς
1219 836 1474 888 τὸνἍζιζον

126 911 171 952 οἱ
199 912 331 965 γάμοι
365 906 454 964 μετ’
491 909 544 951 οὐ
575 911 717 951 πολὺν
756 911 918 964 χρόνον
957 911 1162 964 τοιαύτης
1203 908 1476 963 ἐμπεσούσης

125 982 275 1030 αἰτίας.
337 982 482 1034 <142>
514 978 615 1021 καθ’
656 980 707 1021 ὃν
748 982 904 1035 καιρὸν
942 987 1016 1035 τῆς
1043 979 1259 1029 Ἰουδαίας
1300 979 1475 1038 ἐπετρό-

114 1062 256 1092 πευσε
292 1050 444 1104 Φῆλιξ.
479 1050 755 1104 θεασάμενος
786 1052 949 1104 ταύτην
990 1050 1081 1094 (καὶ
1123 1053 1205 1106 γὰρ
1238 1049 1293 1106 ἦν
1325 1054 1476 1097 κάλλει

123 1129 276 1162 πασῶν
310 1120 603 1174 διαφέρουσα)
631 1121 843 1175 λαμβάνει
875 1128 950 1175 τῆς
982 1124 1191 1175 γυναικὸς
1217 1122 1475 1179 ἐπιθυμίαν,

123 1191 195 1233 καὶ
241 1194 425 1245 Σίμωνα
467 1192 666 1244 ὀνόματι,
709 1199 796 1232 τῶν
843 1190 1001 1233 ἑαυτοῦ
1039 1194 1202 1247 φίλων,
1239 1192 1474 1250 Ἰουδαῖον,

123 1263 326 1316 Κύπριον
360 1259 408 1303 δὲ
440 1261 581 1315 γένος,
614 1262 755 1316 μάγον
787 1259 900 1303 εἶναι
934 1265 1251 1318 σκηπτόμενον,
1291 1264 1473 1319 πέμπων

123 1334 231 1386 πρὸς
263 1332 401 1386 αὐτὴν
435 1335 584 1374 ἔπειθε
616 1334 694 1374 τὸν
721 1333 863 1387 ἄνδρα
888 1337 1216 1376 καταλιποῦσαν
1248 1335 1364 1392 αὑτῷ
1397 1339 1474 1391 γή-

124 1408 307 1456 μασθαι,
341 1406 559 1457 μακαρίαν
591 1405 792 1458 ποιήσειν
825 1403 1199 1459 ἐπαγγελλόμενος
1224 1407 1281 1460 μὴ
1313 1407 1474 1462 ὑπερη-

122 1476 386 1528 φανήσασαν
420 1474 565 1515 αὐτόν.
622 1474 768 1527 <143>
800 1473 826 1527 ’ἢ
861 1472 908 1515 δὲ
939 1482 1079 1524 κακῶς
1104 1476 1369 1531 πράττουσα,
1400 1476 1473 1518 καὶ

124 1552 287 1598 φυγεῖν
336 1546 414 1586 τὸν
465 1544 511 1586 ἐκ
560 1551 634 1598 τῆς
689 1533 881 1599 ἀδελφῆς
929 1547 1168 1599 Βερενίκης
1223 1546 1471 1602 βουλομένη

123 1617 301 1669 φθόνον
335 1615 426 1670 (διὰ
458 1615 541 1669 γὰρ
574 1616 622 1656 τὸ
655 1614 814 1663 κάλλος
844 1613 948 1669 παρ’
984 1614 1151 1670 ἐκείνης
1185 1616 1232 1658 ε’ν
1271 1617 1351 1659 οὐκ
1383 1618 1472 1660 ὀλί-

123 1701 220 1739 γοις
252 1683 523 1740 ἐβλάπτετο),
555 1687 806 1739 παραβῆναι
837 1685 890 1725 τά
921 1701 965 1727 τε
997 1686 1157 1740 πάτρια
1185 1689 1350 1742 νόμιμα
1380 1691 1471 1730 πεί-

124 1759 253 1797 θεται
286 1754 357 1797 καὶ
389 1762 447 1812 τῷ
484 1757 645 1808 Φήλικι
676 1757 914 1809 γήμασθαι.
975 1762 1160 1798 τεκοῦσα
1187 1755 1225 1797 δ’
1265 1756 1306 1808 ἐξ
1335 1758 1471 1802 αὐτοῦ

121 1827 257 1868 παῖδα
288 1827 645 1880 προσηγόρευσεν
672 1823 927 1879 Ἀγρίππαν.
990 1826 1136 1880 <144>
1175 1824 1268 1869 ἀλλ’
1306 1828 1358 1870 ὃν
1389 1827 1471 1884 μὲν

121 1899 285 1951 τρόπον
325 1896 347 1938 ὁ
388 1899 565 1945 νεανίας
605 1895 769 1945 ἐκεῖνος
807 1898 890 1938 σὺν
928 1902 978 1951 τῇ
1020 1896 1196 1949 γυναικὶ
1240 1900 1348 1940 κατὰ
1389 1901 1470 1954 τὴν

122 1967 370 2022 ἐκπύρωσιν
401 1973 481 2008 τοῦ
499 1969 692 2021 Βεσβίου
720 1968 853 2020 ὄρους
879 1965 949 2008 ἐπὶ
974 1974 1062 2009 τῶν
1089 1970 1219 2010 Τίτου
1245 1971 1471 2025 Καίσαρος

121 2040 295 2093 χρόνων
327 2038 570 2092 ἠφανίσθη,
603 2037 708 2091 μετὰ
744 2043 879 2078 ταῦτα
911 2039 1114 2091 δηλώσω·
1159 2039 1305 2092 <145>
1337 2043 1468 2096 Βερε-

120 2111 219 2162 νίκη
259 2105 308 2149 δὲ
345 2108 451 2162 μετὰ
491 2109 571 2162 τὴν
596 2105 802 2160 “Ηρώδου
839 2111 1060 2162 τελευτήν,
1100 2109 1147 2158 ὃς
1185 2110 1318 2165 αὐτῆς
1355 2111 1466 2167 ἀνὴρ

120 2177 192 2220 καὶ
218 2183 342 2228 θεῖος
368 2178 578 2232 ἐγεγόνει,
603 2180 744 2220 πολὺν
770 2181 933 2233 χρόνον
958 2178 1294 2234 ἐπιχηρεύσασα,
1320 2184 1468 2236 φήμης

121 2248 383 2304 ἐπισχούσης
432 2249 497 2290 ὅτι
553 2248 754 2305 τάδελφῷ
805 2252 979 2303 συνείη,
1027 2253 1174 2292 πείθει
1218 2251 1466 2306 Πολέμωνα

121 2320 342 2374 (Κιλικίας
368 2320 394 2360 δ
402 2318 411 2333 ’
443 2317 499 2373 ἦν
526 2316 654 2369 οὗτος
672 2318 896 2375 βασιλεύς)
915 2324 1257 2375 περιτεμόμενον
1277 2323 1466 2376 ἄγεσθαι

1182 2391 1252 2425 19*
