1732 2526
201 77 222 116 1
232 77 251 116 1
259 77 286 118 O
691 77 1058 112 ΑΡΧΑΙΟΑΟΓΙΑΣ

199 186 527 239 καταλιπόντες,
568 187 694 242 φόβῳ
734 192 871 228 κακοῦ
912 187 1129 240 μείζονος,
1170 188 1324 241 καίπερ
1369 190 1554 241 θρασεῖς

198 255 320 304 ὄντες
365 256 438 297 διὰ
482 257 530 298 τὸ
576 255 854 298 ἀπαίδευτον.
923 257 1080 310 <219>
1121 254 1351 312 Ἀρχέλαος
1394 253 1435 299 δ’
1484 256 1576 299 ἐπὶ’

197 325 416 380 θαλάττης
446 324 595 382 κατῄει
627 327 732 381 μετὰ
763 333 839 382 τῆς
871 329 1046 383 μητρός,
1078 329 1307 370 Νικόλαον
1337 325 1410 369 καὶ
1436 331 1553 371 Πτο-

198 399 380 450 λεμαῖον
411 395 484 438 καὶ
515 399 707 447 πολλοὺς
737 404 826 439 τῶν
852 401 995 452 φίλων
1028 397 1311 453 ἐπαγόμενος,
1347 400 1551 456 Φιλίππῳ

197 465 398 524 τάδελφῷ
436 468 488 509 τὰ
525 468 668 510 πάντα
708 467 826 523 ἐφεὶς
863 470 1162 510 καθίστασθαι
1201 475 1279 512 τοῦ
1319 473 1443 512 οῖ’κου
1481 469 1553 512 καὶ

197 543 271 591 τῆς
308 537 453 593 ἀρχῆς.
516 539 674 593 <220>
714 537 914 594 συνεξῄει
954 537 993 581 δ’
1032 539 1149 597 αὐτῷ
1189 538 1261 582 καὶ
1293 541 1486 595 Σαλώμη
1525 540 1552 594 ἡ

190 605 398 661 Ἠρώδου
436 608 627 664 ἀδελφή,
670 610 750 664 τὴν
796 611 953 664 γενεὰν
1000 609 1245 665 ἐπαγομένη
1286 612 1365 665 τὴν
1405 611 1552 666 αὑτῆς,

195 681 357 721 πολλοί
390 695 435 721 τε
472 687 560 721 τῶν
593 688 842 735 συγγενῶν,
881 683 996 739 λόγῳ
1035 679 1115 736 μὲν
1153 682 1211 732 ὡς
1250 683 1551 736 συναγωνιού-

196 765 322 804 μενοι
354 756 413 807 τςό
442 748 659 807 Ἀρχελάῳ
693 749 759 792 ἐπὶ
792 752 941 806 κτήσει
973 758 1048 806 τῆς
1079 754 1315 807 βασιλείας,
1358 753 1471 810 ἔργῳ
1505 749 1543 794 δ’

197 819 548 875 ἀντιπράξοντες,
580 820 652 862 καὶ
684 821 870 876 μάλιστα
901 821 1001 877 περὶ
1033 830 1120 864 τῶν
1151 821 1470 878 πεπραγμένων
1502 821 1551 864 ἐν

196 896 254 946 τῷ
290 890 392 948 ιἐρςό
425 893 711 946 ποιησόμενοι
743 893 971 948 καταβοάς.
1033 893 1179 948 <221>
1220 893 1472 945 ὑπαντιάζει
1505 891 1544 936 δ’

197 960 245 1003 ἐν
278 963 523 1019 Καισαρείᾳ
560 964 637 1005 τὸν
665 960 900 1019 Ἀρχέλαον
938 965 1154 1018 Σαβῖνος,
1200 966 1423 1019 Καίσαρος
1461 964 1550 1007 ἐπί-

195 1047 356 1087 τροπος
393 1041 481 1075 τῶν
521 1032 568 1075 ἐν
599 1035 747 1091 Συρίᾳ
783 1034 1071 1089 πραγμάτων,
1109 1035 1170 1084 εἰς
1203 1032 1427 1077 Ἰουδαίαν
1466 1035 1549 1091 ὡρ-

195 1102 387 1158 μημένος
436 1102 506 1145 ἐπὶ
556 1108 730 1160 φυλακῇ
774 1112 863 1147 τῶν
906 1103 1113 1159 “Ηρώδου
1163 1106 1407 1161 χρημάτων.
1475 1104 1548 1148 καὶ

197 1173 333 1216 αὐτὸν
370 1179 446 1228 τῆς
484 1173 555 1216 ἐπὶ
591 1176 739 1217 τοῖσδε
772 1176 907 1231 ὁρμῆς
945 1175 1125 1231 ἐπέσχεν
1164 1176 1186 1218 ὁ
1215 1173 1360 1234 ’ὃᾶρος
1390 1180 1547 1233 παρελ-

195 1245 309 1286 θών·
351 1246 425 1287 διὰ
456 1246 539 1301 γὰρ
566 1249 845 1301 Πτολεμαίου
878 1247 1176 1301 μετάπεμπτος
1197 1246 1280 1289 ’ὑπ’
1312 1244 1547 1302 Ἀρχελάου

193 1321 353 1371 παρῆν·
399 1316 557 1371 <222>
601 1315 674 1358 καὶ
713 1313 843 1374 ’ὅάρῳ
884 1319 1081 1372 Σαβῖνος
1123 1319 1404 1373 χαριζόμενος
1447 1318 1547 1360 οὔτε

194 1387 269 1436 τὰς
301 1387 434 1441 ἄκρας
467 1387 564 1429 ὅσαι
597 1385 637 1442 γ’
676 1387 723 1429 ἐν
760 1395 852 1437 τοῖς
879 1386 1112 1438 Ἰουδαίοις
1152 1385 1264 1442 ἦσαν
1301 1387 1548 1444 παρέλαβεν

195 1457 296 1499 οὔτε
327 1460 430 1507 τοὺς
461 1460 719 1513 θησαυροὺς
750 1460 1099 1514 κατεσημήνατο,
1131 1463 1198 1502 εἴα
1232 1457 1270 1501 δ’
1310 1461 1426 1516 ἔχειν
1452 1457 1547 1515 Ἀρ-

194 1526 352 1583 χέλαον
396 1526 521 1584 μέχρι
565 1531 758 1584 Καίσαρι
811 1529 978 1580 δόξειέν
1022 1545 1062 1571 τι
1112 1528 1212 1585 περὶ
1258 1529 1425 1585 αὐτῶν,
1474 1529 1546 1573 καὶ

194 1600 347 1652 ἔμενεν
389 1598 436 1640 ἐν
475 1605 525 1654 τῇ
558 1602 802 1657 Καισαρείᾳ
842 1599 968 1643 τοῦθ’
1005 1599 1316 1656 ὑποσχόμενος.
1379 1599 1470 1643 ἐπεὶ
1504 1599 1542 1641 δ’

195 1669 313 1710 ἔπλει
345 1666 426 1723 μὲν
458 1668 528 1711 ἐπὶ
559 1677 634 1725 τῆς
658 1669 821 1726 Ῥώμης
846 1669 1090 1726 Ἀρχέλαος,
1117 1670 1249 1729 ’ὃάρῳ
1283 1669 1322 1713 δ’
1354 1668 1420 1713 ἐπ’
1452 1669 1546 1713 Ἀν-

194 1741 381 1794 τιοχείας
419 1739 623 1795 ἐγένοντο
661 1744 858 1797 κομιδαί,
897 1744 1094 1796 Σαβῖνος
1131 1741 1200 1785 ἐπὶ
1225 1741 1546 1798 Ἱεροσολύμων

194 1813 395 1865 χωρήσας
425 1812 758 1867 παραλαμβάνει
789 1813 841 1854 τὰ
879 1815 1089 1867 βασίλεια.
1152 1813 1298 1868 <223>
1330 1811 1542 1868 μεταπέμ-

195 1888 280 1931 ψας
319 1880 367 1923 δὲ
404 1884 508 1933 τοὺς
545 1883 856 1939 φρουράρχους
893 1882 966 1925 καὶ
1005 1884 1159 1926 ὁπόσοι
1202 1882 1417 1938 διοικηταὶ
1459 1891 1545 1925 τῶν

194 1953 461 2007 πραγμάτων
505 1950 638 2007 ἦσαν,
683 1956 842 2007 λόγους
885 1952 920 1996 τ’
970 1954 1170 1996 ἀπαιτεῖν
1214 1955 1435 2009 πρόδηλος
1474 1950 1545 2009 ἦν,

195 2021 267 2064 καὶ
297 2024 373 2073 τὰς
411 2024 544 2078 ἄκρας
580 2027 820 2067 καθίστατο
852 2020 878 2081 ᾗ
912 2025 1028 2082 αὐτῷ
1072 2026 1235 2079 δοκοίη.
1299 2024 1352 2066 οὐ
1383 2025 1470 2079 μὴν
1503 2025 1550 2066 οἱ

195 2094 386 2149 φύλακες
427 2094 474 2136 ἐν
516 2095 649 2152 ὀλίγῳ
691 2096 766 2145 τὰς
798 2094 1034 2151 Ἀρχελάου
1077 2096 1256 2146 ἐντολὰς
1297 2094 1545 2150 ἐποιοῦντο,

196 2162 288 2206 ἀλλ’
321 2165 479 2219 ἔμενον
505 2166 714 2216 σώζοντες
739 2167 790 2208 τὰ
816 2166 958 2208 πάντα
982 2162 1010 2223 ᾗ
1036 2165 1351 2223 προσετέτακτο
1378 2165 1543 2215 αὐτοῖς·

194 2236 387 2291 Καίσαρι
419 2233 468 2277 δὲ
499 2236 736 2290 φυλάττειν
769 2235 912 2278 ἕκαστ’
951 2234 1006 2291 ἧν
1036 2238 1324 2293 προσποίησις
1355 2235 1515 2286 αὐτοῖς.

291 2320 309 2358 ξ
337 2319 404 2350 219
432 2316 476 2351 Cf.
503 2316 595 2351 Bell.
623 2316 699 2351 Iud.
728 2317 761 2351 Π
788 2320 818 2361 2,
848 2321 877 2352 1.

1570 835 1603 861 Ξ

1697 1063 1708 1072 t
1698 1053 1702 1056 -
1691 1022 1711 1045 ὲ,
1684 838 1710 1013 xffluuffl‘
1683 819 1709 828 ”.

1568 1189 1601 1214 15

1567 1543 1600 1568 20

1567 1896 1599 1922 25

1564 2248 1598 2273 30
