1732 2526
259 73 280 110 1
289 69 344 109 96
749 70 1112 104 APXAIOAOPIAE

258 179 467 226 ελθόντες
520 174 638 218 (οὔτ’
689 176 819 226 αὐτὸς
860 176 1047 231 ψευδής’
1092 179 1261 231 ἔφασαν
1306 176 1527 232 εεἰκαστὴς
1570 175 1612 228 εἷ

258 255 346 289 τῶν
378 245 689 303 πραττομένων
726 255 817 297 τοῖς
853 250 1098 302 πολεμίοις,
1137 246 1229 290 οὔτ’
1268 247 1427 290 ἐκεῖνοι
1465 251 1610 291 πλειό-

258 334 346 367 νως
379 317 627 373 ἐπιτρέψειν
660 319 851 372 ἤμελλον
881 319 987 372 ἡμῖν
1020 318 1204 371 ὑβριεῖν.
1267 318 1413 371 <322>
1451 333 1611 373 περιει-

260 391 464 443 λήμμεθα
502 390 641 446 δόλῳ,
688 386 826 443 μηδὲν
865 389 1153 442 βοσκημάτων
1195 387 1498 443 διαφέροντες,
1542 405 1611 432 το-

261 457 388 513 σῆσδ’
440 460 576 501 ἵππου
620 462 792 512 πλῆθος
836 458 1162 512 ἐπελαυνούσης
1206 459 1312 513 ἡμῖν
1357 458 1404 501 ἐν
1453 459 1613 516 ἀπορίᾳ

260 536 421 585 χειρῶν
464 529 682 584 κειμένοις
728 530 800 570 διὰ
845 531 892 571 τὸ
944 532 1253 582 κατείργεσθαι
1295 531 1613 584 προαγορεύσει

259 607 349 642 τῶν
381 602 577 653 πατρίων
609 601 671 649 εἰς
701 601 749 641 τὸ
791 599 969 653 ἀργεῖν.’
1034 600 1179 653 <323>
1205 598 1424 649 Ἀσιναῖος
1456 597 1496 641 δ’
1533 600 1614 642 οὐκ

260 671 344 724 ἄρα
381 671 533 725 γνώμῃ
572 676 652 711 τοῦ
689 671 966 711 κατασκόπου
1005 676 1173 724 κρινεῖν
1211 671 1390 723 ἔμελλεν
1424 669 1493 712 ἐπὶ
1525 677 1616 719 τοῖς

258 740 492 794 ποιητέοις,
518 740 629 782 ἀλλὰ
653 741 957 794 νομιμώτερον
983 739 1259 794 ἡγησάμενος
1283 747 1362 782 τοῦ
1388 739 1452 782 ἐπ’
1479 740 1615 795 ἀπρά-

259 827 376 860 κτοις
416 814 630 852 τελευτῶν
672 810 931 865 εὐφραίνειν
972 812 1075 860 τοὺς
1115 813 1352 865 πολεμίους
1392 813 1440 853 τὸ
1483 810 1616 865 ἀλκῆς

261 881 530 936 δραξάμενος
561 879 670 936 ὑπὲρ
703 888 778 935 τῆς
811 881 1016 935 ἀνάγκης,
1049 882 1110 930 εἰς
1141 881 1197 934 ἢν
1225 881 1509 924 ἐνεπεπτώκει
1535 897 1614 923 πα-

261 959 493 1006 ρανομεῖν,
532 955 745 1007 τιμωρίαν
783 951 1129 1006 ἀπολαμβάνων,
1171 953 1212 993 εἰ
1243 951 1355 1006 δέοι,
1393 955 1615 1006 τελευτᾶν,

262 1022 393 1071 αὐτός
423 1021 459 1064 τ’
490 1023 792 1077 ἀναλαμβάνει
818 1023 869 1064 τὰ
896 1023 1007 1064 ὅπλα
1036 1021 1108 1064 καὶ
1134 1030 1226 1072 τοῖς
1252 1024 1336 1064 σὺν
1362 1022 1478 1079 αὑτῷ
1504 1023 1616 1077 θρά-

1636 826 1669 852 10

262 1104 337 1142 σος
376 1092 564 1136 ἐνεποίει
602 1100 677 1147 τῆς
716 1092 784 1134 ἐπὶ
823 1094 874 1134 τὰ
914 1093 1043 1147 ὅμοια
1082 1092 1248 1147 ἀρετῆς.
1309 1093 1454 1148 <324>
1486 1088 1632 1148 ὁμόσ”

263 1161 344 1205 οὗν
377 1168 468 1205 ἴασι
494 1171 585 1213 τοῖς
610 1166 847 1218 πολεμίοις,
879 1162 951 1205 καὶ
981 1165 1173 1213 πολλοὺς
1199 1166 1444 1214 κτείναντες
1469 1164 1616 1206 αὐτῶν

264 1235 337 1276 διὰ
369 1236 416 1276 τὸ
449 1241 840 1289 καταφρονοῦντας
873 1234 930 1283 ὡς
963 1233 1031 1275 ἐπὶ
1063 1235 1114 1275 τὰ
1147 1233 1296 1289 ἕτοιμα
1335 1241 1514 1290 χωρεῖν,
1555 1236 1616 1285 εἰς

264 1305 412 1359 φυγὴν
445 1304 678 1359 τρέπονται
710 1307 812 1354 τοὺς
844 1306 1033 1354 λοιπούς.

353 1376 498 1429 <325>
536 1376 558 1417 ὁ
599 1373 647 1417 δὲ
684 1383 772 1417 τῶν
806 1375 1007 1429 Πάρθων
1046 1376 1273 1429 βασιλεύς,
1312 1374 1403 1417 ἐπεὶ
1437 1375 1615 1430 ἀφίκετο

264 1446 381 1502 αὐτῷ
420 1446 446 1499 ἡ
481 1445 660 1499 ἀγγελία
698 1452 772 1499 τῆς
810 1446 967 1500 μάχης,
1007 1444 1235 1499 ἐκπλαγεὶς
1266 1444 1336 1487 ἐπὶ
1367 1452 1426 1502 τῷ
1459 1448 1617 1501 τολμή-

265 1532 366 1571 ματι
397 1523 456 1573 τῷ
491 1524 578 1558 τῶν
618 1516 824 1571 ἀδελφῶν
864 1516 1141 1570 ἐπεθύμησεν
1173 1517 1322 1566 αὐτοῖς
1360 1516 1510 1559 ἐλθεῖν
1544 1516 1617 1558 διά

265 1585 300 1629 τ’
340 1589 481 1637 ὄψεως
514 1586 585 1628 καὶ
618 1590 785 1641 λόγων,
828 1585 900 1628 καὶ
937 1586 1095 1641 πέμπει
1127 1588 1204 1629 τὸν
1236 1590 1497 1629 πιστότατον
1529 1595 1617 1629 τῶν

266 1658 655 1712 σωματοφυλάκων
699 1654 1070 1711 λε’γοντα’<326>
1114 1658 1179 1699 ὅτι
1226 1659 1430 1711 βασιλεὺς
1470 1656 1618 1713 Ἀρτά-

266 1732 420 1783 βανος,
453 1730 608 1782 καίπερ
640 1727 904 1782 ἠδικημένος
935 1726 1012 1782 ὑφ’
1047 1728 1174 1781 ὑμῶν
1206 1727 1511 1783 ἐπιχειρήσεως
1542 1728 1617 1770 αὐ-

266 1806 345 1841 τοῦ
377 1805 427 1854 τῇ
461 1798 569 1853 ἀρχῇ
603 1798 863 1852 γενομένης,
905 1797 952 1839 ἐν
992 1797 1188 1840 ἐλάττονι
1226 1799 1307 1852 τὴν
1344 1797 1449 1840 καθ’
1484 1798 1619 1840 αὑτὸν

269 1870 406 1923 ὀργὴν
439 1876 513 1923 τῆς
543 1869 754 1923 ὑμετέρας
792 1868 945 1923 ἀρετῆς
981 1869 1274 1922 ποιησάμενος
1312 1867 1539 1910 ἀπέστειλέ
1566 1884 1620 1923 με
1639 1890 1652 1908 ·.

270 1939 413 1990 δεξιάς
444 1955 487 1980 τε
520 1938 592 1981 καὶ
623 1942 770 1981 πίστιν
804 1940 1002 1981 δώσοντα
1033 1939 1161 1992 ὑμῖν,
1194 1946 1434 1993 συγχωρῶν
1466 1939 1619 1981 ἄδειάν

269 2026 313 2052 τε
352 2009 423 2051 καὶ
457 2010 642 2052 ἀσυλίαν
683 2010 821 2063 ὁδῶν,
861 2008 1029 2065 χρῄζων
1072 2007 1139 2050 ἐπὶ
1179 2011 1304 2064 φιλίᾳ
1344 2018 1620 2064 προσχωρεῖν

270 2082 379 2135 πρὸς
424 2080 578 2133 αὐτόν,
625 2082 760 2122 δόλου
804 2096 847 2122 τε
892 2079 963 2121 καὶ
1009 2079 1171 2132 ἀπάτης
1214 2081 1362 2134 χωρίς·
1416 2080 1534 2134 δῶρά
1574 2096 1618 2122 τε

272 2152 433 2193 δώσειν
464 2151 739 2206 ὑπισχνεῖται
771 2149 843 2192 καὶ
876 2152 1021 2205 τιμήν,
1054 2150 1147 2203 ἥτις
1177 2149 1284 2204 ὑμῖν
1315 2151 1423 2203 πρὸς
1454 2156 1504 2205 τῇ
1535 2157 1620 2193 νῦν

272 2222 382 2277 οὔσῃ
433 2221 562 2276 ἀρετῇ
614 2223 818 2275 μελλήσει
869 2221 1052 2275 δυνάμει
1102 2226 1153 2275 τῇ
1205 2219 1374 2262 ἐκείνου
1419 2221 1619 2275 ὠφελεῖν.

271 2292 415 2347 <327>
445 2291 661 2342 Ἀσιναῖος
694 2290 731 2333 δ’
764 2292 894 2341 αὐτὸς
925 2289 1005 2345 μὲν
1036 2291 1354 2346 ὑπερβάλλεται
1387 2292 1519 2341 ὁδοὺς
1546 2292 1621 2342 τὰς

1636 1179 1669 1205 15

1636 1528 1724 1562 20,v

1639 2232 1673 2258 30
