1732 2526
232 42 259 82 2
266 43 285 82 1
294 42 319 83 8
723 39 1085 72 ΑΡΧΑΙΟΛΟΙῚΑΣ

233 147 303 190 ἐπὶ
334 146 539 202 μέγιστον
572 146 800 201 δυνάμεως
831 145 1004 201 ἀφῖκτο,
1035 143 1106 186 καὶ
1134 141 1266 186 οὐδὲν
1295 144 1402 185 ἄλλο
1436 143 1460 198 ἢ
1488 143 1578 185 ἰσο-

232 219 453 274 τύραννον
485 214 570 272 εἶχε
602 218 681 271 τὴν
714 217 903 271 δύναμιν
941 218 1065 272 φόβῳ
1104 230 1148 256 τε
1179 222 1266 256 τῶν
1298 214 1474 256 πάντων
1506 208 1579 255 καὶ

233 287 411 343 μεγέθει
442 287 690 343 χρημάτων,
723 287 830 341 ἅπερ
864 284 1021 340 ἐγένετ’
1059 284 1192 341 αὐτῷ·
1238 284 1352 338 <65>
1385 284 1579 339 δωροδο-

232 361 422 408 κώτατος
443 359 523 413 γὰρ
550 355 604 412 ἧν
631 356 701 399 καὶ
729 354 1056 412 ὑβριστότατος)
1077 352 1178 409 παρ’
1211 355 1417 397 ὁντινοῦν
1437 356 1579 408 γίγνε-

233 447 324 485 ται,
356 429 532 486 ἐξουσίᾳ
563 428 834 485 χρησάμενος
865 428 980 482 παρὰ
1012 428 1060 468 τὸ
1094 428 1226 480 εἰκός,
1258 424 1330 467 καὶ
1362 426 1504 474 ἄλλως
1535 440 1579 466 τε
1617 436 1632 461 5

233 507 312 543 τοῦ
345 502 386 542 Γ
383 503 482 542 α’ίόυ
514 501 594 553 τὴν
626 499 763 554 φύσιν
796 497 1125 552 ἐξεπιστάμενος
1163 495 1403 550 ἀνήκεστον
1442 492 1579 537 οὖσαν

233 570 305 613 καὶ
338 569 406 626 ἐφ’
453 565 611 612 οἷστισι
652 571 842 624 κρίνειεν
881 568 1084 622 οὐδαμῶς
1122 567 1439 621 ἀντισπάσματι
1470 581 1581 622 χρω-

234 641 386 696 μένην,
419 641 534 696 αὑτῷ
569 655 611 681 τε
638 640 802 688 πολλὰς
827 637 906 693 μὲν
938 637 1010 679 καὶ
1036 639 1169 687 ἄλλας
1198 644 1276 679 τοῦ
1303 637 1581 679 κινδυνεύειν

235 713 387 766 αἰτίας,
417 711 496 765 οὐχ
522 711 674 763 ἥκιστα
703 706 751 750 δὲ
776 710 823 750 τὸ
850 707 1037 763 μέγεθος
1062 715 1150 749 τῶν
1176 707 1420 763 χρημάτων.
1466 707 1580 761 <66>

235 783 342 823 ὥστε
381 782 435 835 δὴ
467 779 539 822 καὶ
572 780 799 821 Κλαύδιον
839 779 1077 834 ἐθεράπευε
1119 786 1318 834 κρυπτῶς
1349 778 1581 832 μετακαθί-
1602 790 1635 814 10

236 855 318 903 ζων
349 853 458 907 πρὸς
489 851 640 904 αὐτόν,
672 849 815 892 ἐλπίδι
847 856 925 892 τοῦ
956 848 1028 890 καὶ
1060 850 1121 898 εἰς
1153 847 1321 890 ἐκεῖνον
1351 842 1470 901 ἥξειν
1502 847 1581 900 τὴν

234 923 472 977 1ἡγεμονίαν
500 923 541 962 Γ
538 923 638 962 αΐου
670 920 973 974 μεταστάντος,
1006 919 1121 975 αὐτῷ
1154 919 1233 972 τὴν
1265 918 1482 960 ὑπόθεσιν
1508 923 1583 972 τῆς

234 1000 358 1048 τιμῆς
398 993 478 1046 τὴν
520 989 586 1046 ἐφ’
631 992 799 1045 ὁμοίοις
841 991 989 1045 ἰσχύν,
1032 987 1415 1044 προκαταθέμενος
1454 987 1582 1042 χάριν

233 1063 306 1106 καὶ
338 1064 675 1118 φιλανθρωπίας
707 1064 853 1115 λόγον.
914 1060 1028 1115 <67>
1062 1059 1269 1114 ἐτόλμησε
1303 1066 1412 1113 γοῦν
1445 1060 1582 1100 εἰπεῖν

235 1135 292 1183 ὡς
332 1131 585 1182 κελευσθεὶς
627 1134 950 1187 διαχρήσασθαι
988 1130 1201 1187 φαρμάκῳ
1240 1131 1318 1172 τὸν
1355 1129 1582 1171 Κλαύδιον
1605 1141 1637 1166 15

236 1206 394 1259 μυρίας
436 1203 609 1258 εὕροιτο
654 1209 733 1244 τοῦ
777 1204 993 1257 χρήματος
1033 1201 1108 1250 τὰς
1151 1199 1407 1255 ὑπερβολάς.
1470 1200 1582 1252 <68>

237 1276 360 1316 δοκεῖ
381 1272 447 1317 ,δέ
481 1290 559 1328 μοιν
592 1276 931 1327 προσποιεῖσθαι
964 1272 1207 1320 Κάλλιστος
1245 1269 1313 1312 ἐπὶ
1353 1273 1473 1326 θήρα
1505 1276 1584 1311 τοῦ

236 1345 465 1386 Κλαυδίου
497 1345 574 1385 τὸν
601 1344 734 1396 λόγον
761 1349 933 1396 τοῦτον,
966 1340 1056 1383 ἐπεὶ
1089 1341 1189 1383 οὔτε
1217 1341 1348 1390 Γάιος
1374 1341 1584 1396 ὡρμηκὼς

236 1416 621 1470 μεταχειρίσασθαι
674 1413 901 1454 Κλαύδιον
950 1413 1145 1467 ἠνείχετο
1195 1419 1283 1453 τῶν
1333 1413 1583 1453 Καλλίστου

235 1485 522 1540 προφάσεων,
555 1484 654 1525 οὔτε
687 1483 933 1532 Κάλλιστος
964 1484 1217 1532 κελευσθείς
1247 1496 1333 1524 που
1364 1483 1444 1537 τὴν
1475 1487 1583 1536 πρᾶ-
1604 1493 1636 1517 20

237 1556 304 1606 ξιν
336 1556 491 1597 εὐκτὸν
524 1554 846 1608 ὑπελάμβανεν,
878 1553 902 1607 «ἢ
936 1560 1193 1608 κακουργῶν
1226 1553 1286 1602 εἰς
1318 1559 1396 1594 τοῦ
1429 1552 1583 1593 δεσπό-

235 1643 313 1668 του
345 1626 420 1675 τὰς
452 1624 629 1674 ἐντολὰς
661 1623 741 1666 οὐκ
773 1623 828 1665 ἂν
854 1623 900 1665 ἐκ
926 1629 1005 1666 τοῦ
1030 1629 1289 1679 παραχρῆμα
1315 1623 1393 1664 τὸν
1419 1623 1583 1676 μισθὸν

236 1696 471 1751 ἐκομίζετο·
515 1696 628 1749 <69>
660 1694 770 1736 ἀλλὰ
803 1695 857 1748 δὴ
885 1695 1094 1751 Κλαυδίῳ
1126 1691 1207 1748 μὲν
1239 1695 1286 1735 ἔκ
1314 1709 1432 1742 τινος
1458 1694 1583 1741 θείας

237 1767 464 1820 δυνάμεως
507 1767 755 1821 χρήσασθαι
798 1772 968 1819 μανιῶν
1005 1772 1092 1806 τῶν
1131 1766 1172 1805 Γ
1169 1766 1288 1818 αΐου,
1333 1763 1581 1804 Κάλλιστον

238 1835 286 1878 δὲ
329 1838 715 1892 προσποιήσασθαι
758 1835 933 1890 χάριτος
974 1835 1215 1877 κατάθεσιν
1257 1835 1465 1889 μηδαμῶς
1505 1831 1578 1874 ὑπ’
1602 1843 1635 1869 25

237 1907 373 1948 αὐτοῦ
405 1905 652 1960 γενομένης.

180 1987 222 2020 11
327 1978 438 2032 <70>
470 1984 559 2026 τοῖς
593 1975 632 2017 δ’
663 1975 772 2031 ἀμφὶ
803 1977 881 2018 τὸν
909 1975 1100 2031 Χαιρέαν
1133 1973 1370 2029 ὑπερβολαὶ
1395 1975 1442 2015 τὸ
1475 1971 1576 2015 καθ’

236 2046 403 2103 ἡμέραν
435 2044 547 2101 ἦσαν
579 2048 693 2104 ὄκνῳ
721 2054 808 2088 τῶν
833 2049 1025 2088 πολλῶν·
1069 2046 1121 2087 οὐ
1148 2046 1230 2100 γὰρ
1258 2043 1445 2097 Χαιρέας
1471 2043 1582 2085 ἑκὼν

238 2115 351 2159 εἶναι
389 2124 468 2159 τοῦ
499 2117 705 2172 πράττειν
743 2116 966 2171 ἀναβολὴν
1005 2115 1213 2169 ἐποιεῖτο,
1250 2115 1391 2157 πάντα
1428 2115 1582 2168 καιρὸν

238 2187 483 2241 ἐπιτήδειον
515 2192 566 2240 τῇ
599 2185 749 2240 πράξει
788 2188 990 2240 νομίζων.
1052 2186 1167 2240 <71>
1205 2184 1276 2227 καὶ
1313 2185 1396 2239 γὰρ
1435 2186 1496 2233 εἰς
1533 2185 1582 2225 τὸ
1602 2195 1635 2220 30

237 2258 522 2300 Καπετώλιον
555 2255 735 2298 ἀνιόντα
772 2257 879 2298 κατὰ
917 2258 1078 2305 θυσίας
1115 2253 1223 2311 ὑπὲρ
1255 2261 1330 2309 τῆς
1361 2255 1583 2309 θυγατρὸς
