1732 2526
255 87 340 128 228
745 88 1111 122 ΑΡΧΑΙΟΛΟΓΙΑΣ

251 195 333 248 τὴν
365 195 551 249 ε”ρεύναν
584 192 759 249 ἀκριβὲς
789 193 893 237 κάπὶ
925 202 1016 245 τοῖς
1053 197 1209 250 φόνοις
1247 195 1409 250 ὁμοίως
1440 203 1528 238 τῶν
1560 212 1614 240 τε,

253 266 408 307 αἰτίων
439 263 511 307 καὶ
543 266 600 320 μὴ
635 265 917 320 ἐξαγριῶσαν.

195 348 239 379 16
344 336 489 390 <127>
529 335 600 377 καὶ
642 339 688 378 οἳ
725 334 805 391 μὲν
845 338 980 393 ταύτῃ
1021 339 1314 391 τεθνήκεσαν,
1359 337 1422 386 εἰς
1465 335 1514 379 δὲ
1557 338 1605 379 τὸ

251 405 447 462 θεάτρον
479 405 573 448 ἐπεὶ
605 406 785 462 ἀφίκετο
824 408 846 450 ὁ
889 410 1019 461 λόγος
1049 406 1149 462 περὶ
1181 414 1258 462 τῆς
1289 409 1331 449 Γ
1327 409 1428 449 αΐου
1458 411 1604 450 τελευ-

252 484 341 531 τῆς,
375 476 575 533 ἔκπληξίς
605 493 651 519 τε
682 477 755 520 καὶ
786 478 963 520 ἀπιστία
988 476 1054 533 ἡν.
1107 480 1152 521 οἳ
1175 476 1256 533 μὲν
1282 479 1364 532 γὰρ
1391 477 1464 520 καὶ
1489 479 1606 520 πάνυ
1644 490 1660 515 5

252 549 394 604 ἡδονῇ
427 550 656 603 δεχόμενοι
688 550 768 591 τὸν
801 550 992 603 ὄλεθρον
1024 549 1176 603 αὐτοῦ,
1207 548 1291 591 κᾶν
1322 551 1407 603 πρὸ
1439 552 1607 592 πολλοῦ

252 619 522 674 ἡγησάμενοι
564 621 716 673 σφίσιν
754 618 928 672 ἀγαθὸν
966 623 1224 673 συνελθεῖν,
1268 620 1354 661 ὑπὸ
1394 618 1522 669 δέους
1560 619 1608 661 ἐν

255 689 432 746 ἀπιστίᾳ
464 687 594 743 ἡσαν·
640 690 783 743 <128>
821 688 906 730 εἰσὶ
946 687 985 730 δ’
1023 684 1089 740 οἷς
1121 689 1193 732 καὶ
1230 690 1348 732 πάνυ
1381 688 1452 731 ἀπ’
1491 689 1607 732 ἐλπί-

255 762 348 802 δων
380 758 455 814 ἡν,
493 761 565 801 διὰ
597 760 645 802 τὸ
679 761 737 814 μὴ
770 761 921 801 θέλειν
953 776 991 801 τι
1023 762 1198 802 τοιόνδε
1229 759 1328 815 περὶ
1361 762 1438 803 τὸν
1470 761 1607 802 Γάιον

255 829 502 884 γεγονέναι,
535 828 638 885 μηδ’
672 829 861 887 ἀληθείᾳ
885 833 1224 885 προστίθεσθαι,
1251 832 1324 872 διὰ
1350 832 1398 873 τὸ
1425 832 1482 886 μὴ
1511 825 1606 873 οἶόν
1628 844 1660 868 10

253 900 289 943 τ’
329 901 552 959 ἀνθρώπῳ
585 898 699 943 εἶναι
731 899 874 956 τοιᾷδ’
919 901 1049 956 ἀρετῇ
1088 905 1293 957 χρῆσθαι.
1355 902 1500 955 <129>
1533 902 1607 955 γύ-

253 989 357 1014 ναια
398 970 436 1013 δ’
474 969 530 1026 ἡν
568 978 704 1013 ταῦτα
741 970 813 1013 καὶ
850 973 1024 1022 παῖδες,
1069 971 1224 1014 ὁπόσοι
1261 988 1306 1014 τε
1346 972 1499 1014 δοῦλοι
1537 973 1613 1013 καί

254 1059 370 1092 τινες
408 1049 486 1085 τοῦ
525 1049 861 1097 στρατιωτικοῦ,
900 1044 946 1084 οἳ
980 1040 1060 1096 μὲν
1100 1043 1172 1084 διὰ
1210 1044 1258 1084 τὸ
1298 1047 1610 1098 μισθοφορεῖν,

255 1113 328 1156 καὶ
360 1111 494 1156 οὐδὲν
526 1112 618 1155 ἀλλ’
659 1113 682 1167 ἢ
723 1119 1154 1167 συντυραννοῦντες,
1192 1112 1264 1154 καὶ
1303 1114 1505 1169 διακονία
1535 1120 1610 1168 τῆς

255 1183 347 1226 κατ’
396 1184 566 1226 ἐκεῖνον
610 1185 780 1239 ὕβρεως
824 1183 1184 1238 ἐπανασειόμενοι
1229 1191 1319 1233 τοῖς
1363 1186 1609 1238 κρατίστοις
1630 1197 1661 1222 15

255 1263 344 1297 τῶν
378 1259 591 1308 πολιτῶν,
628 1261 753 1309 τιμῆς
783 1252 830 1296 θ’
869 1255 956 1308 ἅμα
987 1253 1059 1295 καὶ
1099 1253 1324 1309 ὠφελειῶν
1355 1255 1608 1310 τυγχάνειν·

257 1326 414 1380 <130>
450 1326 476 1380 ἡ
517 1324 555 1367 δ’
595 1322 649 1367 αὖ
689 1332 997 1379 γυναικωνῖτις
1034 1324 1106 1366 καὶ
1143 1327 1191 1367 τὸ
1223 1326 1462 1379 νεώτερον,
1503 1325 1608 1379 ὅπερ

258 1398 386 1452 ὄχλος
417 1400 557 1451 φιλεῖ,
594 1399 806 1449 θεωρίαις
843 1411 888 1437 τε
925 1394 997 1437 καὶ
1036 1403 1317 1451 μονομαχιῶν
1356 1397 1506 1437 δόσεσι
1537 1397 1614 1436 καί

257 1483 392 1509 τινων
424 1475 700 1522 κρεανομιῶν
732 1467 914 1520 ἡδοναῖς
947 1465 1275 1521 ἀνειλημμένοι,
1316 1466 1342 1508 ἃ
1380 1466 1609 1522 ἐπράττετο

259 1540 375 1595 λόγῳ
417 1536 496 1592 μὲν
540 1537 609 1580 ἐπὶ
651 1540 866 1593 θεραπείᾳ
907 1543 982 1591 τῆς
1018 1538 1236 1592 πληθύος,
1279 1539 1328 1580 τὸ
1367 1533 1406 1579 δ’
1449 1535 1612 1591 ἀληθὲς
1630 1550 1664 1575 20

259 1609 557 1663 ἐκπιμπλάντα
594 1615 669 1662 τῆς
707 1611 865 1662 μανιάς
902 1611 943 1650 Γ
940 1610 1040 1650 αι’·ου
1081 1609 1163 1662 τὴν
1204 1609 1419 1662 ὠμότητα·
1465 1608 1610 1661 (131)

259 1680 305 1720 οἵ
334 1677 381 1720 δὲ
415 1680 569 1721 δοῦλοι
603 1680 676 1720 διὰ
708 1680 755 1721 τὸ
790 1678 837 1721 ἐν
868 1681 1142 1735 προσηγορία
1173 1676 1209 1720 τ’
1240 1676 1353 1720 εἶναι
1385 1677 1456 1720 καὶ
1483 1694 1611 1719 κατα-

258 1751 508 1804 φρονήματι
548 1757 637 1791 τῶν
679 1750 924 1803 δεσποτῶν,
970 1749 1248 1805 ἀποστροφῆς
1289 1756 1347 1806 τῷ
1389 1749 1610 1803 ὑβρίζοντι

259 1820 406 1862 αὐτῶν
441 1821 574 1874 οὔσης
599 1826 673 1874 τῆς
699 1819 791 1862 κατ’
825 1819 993 1862 ἐκεῖνον
1027 1819 1296 1875 ἐπικουρίας·
1345 1819 1502 1877 ῥᾴδιον
1528 1820 1610 1873 γὰρ

259 1890 552 1944 ψευσαμένοις
593 1907 636 1933 τε
678 1893 785 1932 κατὰ
825 1898 912 1932 τῶν
949 1893 1117 1946 κυρίων
1157 1894 1496 1944 πεπιστεῦσθαι,
1540 1888 1611 1931 καὶ
1631 1902 1665 1928 25
1716 1902 1717 1906 ¹

260 1962 311 2002 τὰ
343 1960 522 2016 χρήματ’
563 1961 810 2012 ἐνδείξασιν
852 1961 998 2003 αὐτῶν
1031 1962 1117 2016 ἅμα
1149 1961 1401 2015 ἐλευθέροις
1430 1959 1466 2002 τ’
1499 1957 1612 2002 εἶναι

260 2030 333 2073 καὶ
373 2034 601 2081 πλουσίοις
642 2036 787 2088 μισθῷ
830 2039 918 2073 τῶν
958 2039 1253 2087 κατηγοριῶν,
1299 2032 1371 2073 διὰ
1409 2033 1456 2073 τὸ
1495 2027 1612 2072 ἀθλα

262 2102 411 2151 αὐτοῖς
435 2106 696 2156 προκεῖσθαι
723 2103 799 2151 τὰς
824 2102 984 2155 ὀγδόας
1009 2110 1097 2144 τῶν
1124 2102 1302 2144 οὐσιῶν.
1352 2101 1497 2154 <132>
1524 2109 1612 2143 τῶν

263 2172 302 2214 δ’
334 2172 609 2226 εὐπατριδῶν
641 2174 682 2213 εἰ
712 2175 788 2214 καί
814 2185 902 2214 τισι
935 2174 1085 2222 πιστὸς
1112 2174 1134 2216 ὁ
1162 2175 1291 2226 λόγος
1316 2174 1490 2228 φανείη,
1522 2179 1613 2222 τοῖς

262 2241 342 2297 μὲν
387 2242 434 2285 ἐκ
476 2250 555 2285 τοῦ
595 2241 849 2296 προειδέναι
889 2243 970 2296 τὴν
1011 2242 1270 2298 ἐπιβουλήν,
1315 2250 1405 2293 τοῖς
1443 2241 1482 2284 δ’
1525 2242 1611 2285 ὑπὸ
1631 2254 1665 2280 30

262 2320 340 2355 τοῦ
384 2312 535 2356 θέλειν
580 2314 736 2355 εὐκτὸν
779 2312 1061 2368 ἡγουμένοις,
1107 2320 1205 2369 σιγῇ
1251 2314 1513 2369 παρεδίδοτο
1559 2313 1612 2356 οὐ
