1732 2526
189 80 211 120 7
219 79 245 120 2
679 76 1042 111 ΑΡΧΑΙΟΛΟΓΙΑΣ

189 186 261 230 καὶ
288 187 419 236 αὐτὸς
449 185 495 228 ἐν
516 184 655 241 Ῥώμῃ
683 183 796 241 (τὰς)
822 184 986 240 τροφὰς
1010 180 1140 239 εἶχεν.
1191 181 1263 225 καὶ
1289 182 1470 232 Παλλὰς
1496 179 1534 224 δ’

189 256 245 313 ἦν
267 257 313 300 ἐν
340 264 432 307 ταῖς
451 263 670 312 γαμεταῖς,
699 256 938 310 Φασάηλον
957 252 1226 309 πεποιημένη
1248 253 1364 310 αὐτῷ
1390 253 1539 294 παῖδα.
1577 270 1582 274 ·

190 331 299 384 πρός
330 344 379 382 γε
411 328 498 383 μὴν
530 328 707 376 ταύταις
741 327 915 381 Φαίδρα
951 324 1025 368 καὶ
1050 321 1197 375 Ἐλπὶς
1227 322 1358 379 ἦσαν,
1396 322 1440 374 ἐξ
1478 319 1540 365 ὦν

192 398 434 455 θυγατέρες
466 399 547 442 δύο
580 395 707 453 ἦσαν,
733 395 921 451 Ῥωξάνη
954 396 1026 439 καὶ
1051 397 1258 451 Σαλώμη.
1320 395 1436 449 <22>
1466 394 1543 444 τὰς

194 468 242 513 δὲ
274 469 572 526 πρεσβυτέρας
597 469 734 512 αὐτοῦ
758 467 1006 524 θυγατέρας
1037 468 1304 524 ὁμομητρίας
1328 474 1415 508 τῶν
1443 463 1543 520 περὶ
1580 477 1596 503 5

188 539 500 596 Ἀλέξανδρον,
538 537 600 582 ὧν
631 541 848 595 περιεώρα
883 540 1092 594 Φερώρας
1128 539 1206 581 τὸν
1238 537 1399 592 γάμον,
1440 547 1544 578 συν-

195 610 324 669 ῴκισε
356 613 437 666 τὴν
466 609 546 667 μὲν
567 607 834 668 Ἀντιπάτρῳ
861 616 939 653 τοῦ
965 608 1178 664 βασιλέως
1204 609 1396 664 ἀδελφῆς
1420 605 1545 650 παιδὶ

197 685 306 737 ὄντι,
335 684 555 740 Φασαήλῳ
583 680 630 724 δὲ
656 683 736 737 τὴν
758 679 926 736 ἑτέραν·
957 679 1030 723 καὶ
1051 677 1180 730 οὗτος
1192 678 1398 736 “Ηρώδου
1419 677 1546 720 ἀδελ-

197 760 285 809 φοῦ
317 761 418 803 παῖς
449 752 657 808 ἐγεγόνει.
703 768 709 775 ‘

149 826 176 867 2
285 824 399 878 <23>
439 821 511 865 καὶ
551 829 679 866 τοῦτο
723 820 803 878 μὲν
833 821 1039 877 Ἡρώδου
1080 823 1128 864 τὸ
1168 820 1295 876 γένος
1332 818 1405 875 ἧν·
1451 821 1548 861 τότε
1569 832 1602 857 10

199 893 246 937 δὲ
273 896 543 949 βουλόμενος
567 895 676 950 πρὸς
708 896 986 950 Τραχωνίτας
1011 892 1213 947 ἀσφαλὴς
1237 889 1365 946 εἶναι,
1397 891 1548 946 κώμην

197 968 365 1015 πόλεως
390 963 578 1020 μέγεθος
603 965 684 1007 οὐκ
709 963 987 1008 ἀποδέουσαν
1014 965 1126 1018 ἔγνω
1149 961 1380 1005 Ἰουδαίων
1406 963 1550 1004 κτίσαι

200 1036 248 1078 ἐν
287 1035 424 1093 μέσῳ,
469 1034 745 1091 δυσέμβολόν
783 1051 827 1078 τε
859 1043 1003 1078 ποιεῖν
1034 1036 1114 1089 τὴν
1146 1034 1305 1089 αὑτοῦ,
1348 1031 1421 1075 καὶ
1461 1039 1552 1082 τοῖς

200 1109 426 1162 πολεμίοις
453 1106 494 1157 ἐξ
523 1105 722 1161 ἐγγίονος
748 1101 1233 1162 ὁρμώμενοςέμβαλὼν
1259 1104 1306 1147 ἐκ
1330 1110 1410 1146 τοῦ
1433 1102 1553 1154 ὀξέος
1615 1134 1619 1135 ⁷

202 1185 475 1232 κακουργεῖν.
531 1178 645 1232 <24>
677 1176 748 1220 καὶ
781 1177 1065 1232 ἐπιστάμενος
1093 1177 1235 1228 ἄνδρα
1256 1174 1474 1219 Ἰουδαῖον
1507 1173 1553 1216 ἐκ
1573 1185 1607 1212 15

202 1255 277 1303 τῆς
307 1251 598 1304 Βαβυλωνίας
629 1250 713 1291 σὺν
752 1249 928 1291 ἶππεῦσι
965 1249 1289 1300 πεντακοσίοις,
1327 1243 1555 1295 ἱπποτοξό-

202 1336 295 1370 ταις
326 1325 453 1373 πᾶσι,
496 1317 569 1361 καὶ
609 1326 838 1373 συγγενῶν
878 1319 1039 1372 πλήθει
1080 1319 1142 1367 εἰς
1181 1316 1335 1359 ἑκατὸν
1377 1315 1555 1370 ἀνδρῶν

203 1392 280 1433 τὸν
312 1390 552 1445 Εὐφράτην
592 1391 882 1444 διαβεβηκότα
919 1392 1027 1432 κατὰ
1067 1390 1198 1443 τύχας
1237 1387 1284 1430 ἐν
1318 1383 1557 1442 Ἀντιοχείᾳ

205 1468 253 1517 τῇ
297 1460 366 1504 ἐπὶ
404 1461 567 1517 Δάφνῃ
608 1467 684 1515 τῆς
721 1462 891 1516 Συρίας
931 1461 1207 1514 διαιτᾶσθαι,
1248 1459 1556 1513 Σατουρνίνου

205 1539 284 1574 τοῦ
316 1534 411 1574 τότε
439 1537 788 1586 στρατηγοῦντος
813 1532 876 1581 εἰς
907 1530 1131 1584 ἐνοίκησιν
1164 1529 1280 1586 αὐτῷ
1316 1529 1558 1578 δεδωκότος
1577 1542 1611 1566 20

139 1656 147 1660 ι
205 1605 369 1658 χωρίον
401 1600 604 1657 ’(’ὅαλαθὰ
631 1603 770 1657 ὄνομα
803 1600 956 1659 αὐτῷ),
987 1601 1104 1657 <25>
1137 1599 1426 1656 μετεπέμπετο
1458 1606 1558 1642 τοῦ-

207 1690 283 1716 τον
317 1675 400 1715 σὺν
432 1679 490 1730 τῷ
517 1674 678 1726 πλήθει
704 1680 791 1714 τῶν
818 1671 1060 1727 ἑπομένων,
1090 1670 1295 1727 παρέξειν
1320 1670 1558 1726 ὑπισχνού-

207 1760 337 1798 μενος
368 1750 451 1799 γῆν
485 1743 531 1785 ἐν
557 1745 770 1800 τοπαρχίᾳ
794 1749 845 1798 τῇ
872 1741 1085 1799 λεγομένῃ
1111 1744 1338 1798 Βαταναία
1365 1741 1558 1798 (ὡρίζετο

208 1812 249 1856 δ’
295 1814 402 1869 αὕτη
442 1821 492 1870 τῇ
537 1814 867 1870 Τραχωνίτιδι),
906 1815 1176 1869 βουλόμενος
1212 1815 1444 1869 πρόβλημα
1479 1813 1560 1866 τὴν

206 1887 463 1940 κατοίκησιν
496 1884 632 1927 αὐτοῦ
664 1889 868 1939 κτᾶσθαι,
900 1883 1029 1938 ἀτελῆ
1061 1900 1106 1926 τε
1138 1885 1219 1938 τὴν
1250 1884 1398 1938 χώραν
1431 1882 1559 1937 ἑπηγ-
1579 1894 1614 1921 25

207 1955 400 2010 γέλλετο,
431 1954 504 1997 καὶ
537 1955 698 2006 αὐτοὺς
728 1956 952 2010 εἰσφορῶν
977 1953 1340 2010 ἀπηλλαγμένους
1366 1953 1560 2008 ἁπασῶν,

209 2029 258 2069 αἳ
286 2027 491 2069 εἰωθυῖαι
523 2059 532 2068 .
554 2060 561 2067 .
583 2059 614 2081 .,
646 2025 916 2080 ἐγκατοικεῖν
946 2027 1027 2080 τὴν
1060 2031 1143 2080 γῆν
1175 2026 1399 2081 ἄπρακτον
1423 2039 1560 2080 παρα-

211 2099 432 2152 σχόμενος.

163 2180 183 2210 2
299 2168 415 2223 <26>
458 2168 630 2217 τούτοις
668 2166 866 2218 πεισθεὶς
907 2168 930 2210 ὁ
970 2168 1257 2222 Βαβυλώνιος
1296 2166 1560 2221 ἀφικνεῖται,

211 2237 284 2281 καὶ
316 2238 464 2293 λαβὼν
496 2238 575 2291 τὴν
608 2244 691 2292 γῆν
722 2239 915 2293 φρούρια
947 2236 1262 2295 ᾠκοδομήσατο
1294 2235 1366 2278 καὶ
1395 2237 1561 2290 κώμην,
1580 2249 1615 2275 30

211 2309 428 2363 Βαθυρὰν
461 2309 599 2363 ὄνομα
631 2309 739 2363 αὐτῇ
765 2308 963 2363 θέμενος.
1020 2308 1252 2364 πρόβλημά
1277 2305 1314 2350 τ’
1351 2304 1406 2362 ἦν
1433 2303 1561 2356 οὗτος
