1732 2526
253 65 339 107 154
749 66 1113 99 ΑΡΧΑΙΟΑΟΓΙΑΣ

251 173 414 227 ξαντες,
447 171 658 226 ἐπάγουσι
690 179 748 230 τῷ
777 171 1042 230 Ἀρταβάνῳ.
1106 173 1221 227 <98>
1260 172 1332 215 καὶ
1370 174 1396 228 ἤ
1434 172 1470 216 τ’
1507 172 1624 229 ’Aps

251 246 378 298 μενιά
417 243 614 300 ἀφῄρητο
660 241 806 299 αὖθις,
843 243 914 286 καὶ
961 246 1233 299 πλησθείσης
1276 243 1481 299 πολέμων
1524 251 1601 299 τῆς

250 317 529 368 Παρθυαίων
567 321 646 370 γῆς
688 316 733 357 οἴ
773 331 817 357 τε
861 323 1025 371 πρῶτοι
1073 323 1162 358 τῶν
1203 317 1307 371 τῇδε
1353 315 1598 359 ἐκτείνοντο

249 385 450 439 ἀνδρῶν,
494 385 713 428 ἀνάστατά
759 384 793 428 τ’
840 384 896 440 ἦν
940 387 1089 436 αὐτοῖς
1129 387 1180 428 τὰ
1217 387 1374 441 πάντα,
1413 385 1486 428 καὶ
1518 393 1598 429 τοῦ

249 455 465 510 βασιλέως
509 457 531 499 ὁ
575 457 671 505 υίὸς
717 455 764 498 ἐν
807 457 976 498 τούτων
1020 455 1108 498 τινὶ
1146 464 1233 499 τῶν
1278 463 1429 512 μαχῶν
1474 459 1598 500 ἔπεσε

249 528 354 582 μετὰ
385 530 560 569 πολλῶν
594 533 782 582 στρατοῦ
809 528 1048 582 μυριάδων.
1113 528 1228 583 <99>
1254 527 1325 570 καὶ
1352 528 1490 570 αὐτοῦ
1521 530 1599 571 τὸν

247 598 412 655 πατέρα
440 595 708 653 Ἀρτάβανον
735 597 977 652 ’ὅιτέλλιος,
1007 605 1155 654 πομπῇ
1194 599 1428 655 χρημάτων
1460 603 1522 649 εἵς
1552 615 1599 642 τε

247 677 475 723 συγγενεῖς
506 668 578 710 καὶ
611 671 768 723 φίλους
799 671 902 719 τοὺς
928 669 1098 711 ἐκείνου
1125 669 1355 726 γενομένῃ,
1389 669 1598 726 ἐμέλλησε

247 737 326 794 μὲν
358 740 582 781 κτιννύειν
616 740 689 781 διὰ
721 747 809 782 τῶν
848 741 899 782 τὰ
938 741 1058 795 δῶρα
1099 742 1360 795 εἰληφότων,
1392 742 1598 796 αἰσθόμε-

246 826 322 859 νος
361 807 409 852 δὲ
447 811 527 864 τὴν
572 810 812 865 ἐπιβουλὴν
851 811 873 853 ὁ
907 809 1170 866 Ἀρτάβανος
1214 812 1413 866 ἄφυκτον
1459 808 1598 855 οὖσαν

247 881 320 922 διὰ
352 882 399 923 τὸ
432 881 517 923 ὑπὸ
556 885 733 923 πολλῶν
773 880 845 923 καὶ
883 889 970 923 τῶν
1008 882 1194 937 πρώτων
1236 882 1415 937 ἀνδρῶν
1448 895 1600 925 συντε-

244 956 405 993 θεῖσαν
438 952 495 1006 μὴ
530 951 734 993 ἀνίεσθαι
767 959 845 994 τοῦ
879 950 948 994 ἐπὶ
980 951 1113 1007 πέρας
1147 952 1310 1006 ἐλθεῖν,
1348 953 1494 1008 <lOO>
1526 953 1599 996 καὶ

1620 824 1653 849 10

246 1025 437 1077 νομίζων
480 1021 552 1064 καὶ
598 1023 763 1065 ὁπόσον
801 1023 917 1079 αὐτῷ
957 1028 1164 1079 καθαρῶς
1203 1025 1492 1078 συνειστήκει,
1525 1023 1599 1066 καὶ

244 1089 338 1135 τόδ’
376 1095 471 1147 ἤτοι
505 1092 787 1148 ἐφθαρμένον
821 1092 891 1135 ἐπὶ
919 1095 1035 1152 δόλῳ
1068 1095 1148 1149 τὴν
1175 1095 1355 1136 εὔνοιαν
1384 1106 1598 1150 προσποι-

244 1169 393 1205 εῖσθαι
438 1164 463 1218 ἢ
508 1166 660 1219 πείρας
700 1164 817 1221 αὐτῷ
857 1164 1097 1219 γενομένης
1134 1164 1452 1220 μετατάξεσθαι
1489 1167 1598 1222 πρὸς

244 1237 346 1284 τοὺς
376 1237 778 1291 προαφεστηκότας,
806 1234 876 1277 ἐπὶ
901 1243 989 1278 τῶν
1016 1237 1107 1278 ἄνω
1136 1244 1410 1292 σατραπειῶν
1436 1238 1596 1288 ἔσωζεν

245 1307 390 1348 αὑτόν.
465 1304 537 1347 καὶ
581 1307 749 1360 πολλὴν
794 1307 900 1361 μετὰ
944 1313 1079 1348 ταῦτα
1125 1308 1332 1362 στρατιὰν
1384 1307 1600 1363 ἀθροίσας

245 1380 381 1418 Δαῶν
415 1392 457 1418 τε
490 1375 561 1418 καὶ
594 1380 770 1431 Σακῶν,
802 1375 874 1418 καὶ
907 1378 1155 1432 πολεμήσας
1192 1379 1296 1427 τοὺς
1329 1377 1599 1433 ἀνθεστηκό-

244 1464 334 1502 τας,
365 1446 543 1502 κατέσχε
577 1448 656 1502 τὴν
689 1447 841 1503 ἀρχήν.

334 1519 480 1573 <101>
525 1516 647 1560 ταῦτ’
704 1518 894 1568 ἀκούσας
944 1519 966 1561 ὁ
1024 1517 1225 1575 Τιβέριος
1267 1519 1393 1574 ἠξίου
1443 1522 1598 1575 φιλίαν

246 1590 362 1646 αὑτςό
396 1588 607 1643 γενέσθαι
638 1589 748 1644 πρὸς
787 1590 864 1631 τὸν
899 1587 1181 1644 Ἀρτάβανον.
1245 1589 1337 1632 ἐπεὶ
1376 1587 1424 1632 δὲ
1457 1590 1598 1633 κάκεῖ-

244 1676 320 1709 νος
345 1658 613 1714 προκληθεὶς
639 1660 826 1714 ἄσμενος
853 1658 1022 1714 ἐδέχετο
1050 1661 1127 1702 τὸν
1153 1659 1253 1716 περὶ
1279 1661 1426 1703 αὐτῶν
1447 1663 1596 1717 λόγον,

244 1729 315 1772 ἐπὶ
353 1732 430 1772 τὸν
475 1730 716 1785 Εὐφράτην
760 1736 962 1785 παρῆσαν
1006 1731 1029 1772 ὅ
1073 1747 1117 1773 τε
1152 1731 1416 1786 Ἀρτάβανος
1455 1731 1528 1774 καὶ
1573 1733 1595 1775 ὁ

238 1799 480 1855 ’ὅιτέλλιος,
512 1801 657 1855 <102>
689 1799 762 1842 καὶ
796 1801 973 1852 ζεύξεως
1009 1808 1087 1844 τοῦ
1125 1808 1325 1856 ποταμοῦ
1357 1801 1596 1858 γενομένης

242 1872 350 1913 κατὰ
383 1873 431 1913 τὸ
464 1873 724 1925 μεσαίτατον
757 1877 832 1925 τῆς
864 1872 1058 1927 γεφύρας
1083 1871 1301 1926 ἀλλήλους
1329 1872 1594 1927 ὑπηντίαζον

243 1943 349 1996 μετὰ
393 1945 590 1996 φυλακῆς
630 1940 830 1996 ἑκάτερος
873 1948 949 1996 τῆς
988 1941 1088 1997 περὶ
1127 1943 1276 1985 αὑτόν.
1338 1941 1411 1984 καὶ
1449 1946 1595 1998 λόγων

243 2013 395 2062 αὐτοῖς
440 2015 720 2066 συμβατικῶν
764 2011 1014 2067 γενομένων
1046 2011 1250 2068 “Ηρώδης
1294 2013 1317 2055 ὁ
1361 2014 1596 2069 τετράρχης

242 2083 460 2125 εἱστίασεν
494 2083 668 2137 αὐτούς,
700 2084 807 2124 κατὰ
840 2082 975 2137 μέσον
1007 2084 1085 2125 τὸν
1111 2085 1251 2138 πόρον
1283 2085 1470 2137 σκηνίδα
1503 2083 1594 2126 ε’πι·

238 2154 520 2208 σκηψάμενος
550 2159 608 2211 τῷ
637 2156 759 2210 πόρῳ
786 2157 1016 2208 πολυτελῆ.
1049 2153 1194 2209 <103>
1227 2152 1298 2195 καὶ
1326 2152 1591 2210 Ἀρτάβανος

1619 1177 1653 1203 15

1618 1531 1652 1556 20

1615 1883 1649 1909 25

240 2223 330 2278 μετ’
381 2223 434 2266 οὐ
477 2226 590 2265 πολὺ
634 2223 791 2279 πέμπει
842 2227 1027 2281 Τιβερίῳ
1073 2224 1241 2279 ὅμηρον
1279 2227 1475 2279 Δαρεῖον
1513 2227 1590 2269 τὸν
1610 2238 1644 2263 30

239 2295 340 2337 υἱὸν
366 2295 472 2349 μετὰ
498 2297 675 2337 πολλῶν
703 2296 874 2349 δώρων,
907 2293 954 2336 ἐν
982 2289 1047 2344 οἷς
1072 2292 1144 2336 καὶ
1170 2295 1311 2350 ἄνδρα
1338 2293 1588 2351 ἑπτάπηχυν
