1732 2526
176 1193 202 1234 09

219 96 272 137 76
708 97 1073 130 ΑΡΧΑΙοΛοΓΙΑΣ

217 220 260 246 τε
299 201 372 245 καὶ
410 202 525 257 γένει
564 210 622 260 τῷ
661 202 732 246 ἀπ’
770 203 926 257 αὐτοῦ,
974 210 1048 258 τῆς
1086 201 1135 245 δὲ
1173 205 1396 258 βασιλείας
1433 207 1494 253 εἴς
1526 201 1561 245 τ’

218 273 390 329 ἐκείνην
426 273 716 328 περιηξούσης
752 272 823 315 καὶ
865 275 1078 330 Φερώραν
1115 273 1274 323 παῖδάς
1310 271 1357 315 θ’
1400 276 1445 316 οἳ
1479 267 1568 316 εἶεν

218 345 376 394 αὐτοῖς.
438 345 552 398 <44>
586 343 657 386 καὶ
695 345 797 386 τάδε
829 343 902 401 (οὐ
934 346 1016 399 γὰρ
1050 344 1266 386 ἐλάνθανε
1305 345 1385 398 τὴν
1418 345 1568 386 Σαλώ-

219 413 326 470 μην)
377 414 609 469 ἐξάγγελτα
654 418 828 470 βασιλεῖ
874 412 949 469 ἧν,
993 414 1066 457 καὶ
1108 415 1174 457 ὅτι
1214 423 1302 456 τῶν
1342 413 1441 469 περὶ
1488 415 1568 469 τὴν

220 486 360 540 αὐλὴν
405 486 712 541 διαφθείρειάν
761 499 899 536 τινας·
950 485 1022 528 καὶ
1073 486 1095 528 ὁ
1139 487 1346 540 βασιλεὺς
1395 492 1483 527 τῶν
1523 500 1569 527 τε
1607 496 1624 522 5

223 559 480 611 Φαρισαίων
512 558 614 606 τοὺς
646 556 925 606 αἰτιωτάτους
958 556 1131 612 ἀναιρεῖ
1168 555 1240 598 καὶ
1272 557 1461 610 Βαγώαν
1493 557 1571 598 τὸν

220 627 436 683 εὐνοῦχον
475 629 627 683 Κᾶρόν
667 626 716 669 τέ
748 643 847 669 τινα
890 634 978 669 τῶν
1018 629 1114 670 τότε
1153 628 1403 683 προύχοντα
1442 626 1571 681 ἀρετῇ

221 705 301 741 τοῦ
342 698 586 753 εὐπρεποῦς
627 696 696 739 καὶ
739 699 921 739 παιδικὰ
963 699 1067 740 ὄντα
1109 698 1254 740 αὐτοῦ.
1324 700 1482 740 κτείνει
1525 694 1571 738 δὲ

222 767 295 810 καὶ
326 775 413 810 πᾶν
447 769 469 810 ὅ
503 785 543 810 τι
575 775 654 810 τοῦ
686 770 851 810 οἰκείου
884 771 1159 823 συνειστήκει
1188 763 1254 818 οἷς
1280 769 1302 811 ὁ
1331 771 1573 824 Φαρισαῖος

223 841 384 893 ἔλεγεν.
435 839 548 893 <45>
580 835 686 894 ἦρτο
721 836 760 880 δ’
792 839 814 881 ὁ
841 840 1025 893 Βαγώας
1056 837 1129 881 ὑπ’
1167 839 1312 881 αὐτῶν
1344 839 1402 889 ὡς
1431 839 1572 894 πατήρ
1594 850 1627 876 10

223 925 268 951 τε
301 908 372 951 καὶ
405 908 634 965 εὐεργέτης
666 910 1087 964 ὀνομασθησόμενος
1118 915 1196 952 τοῦ
1229 909 1573 963 ἐπικατασταθη-

225 979 415 1034 σομένου
447 982 687 1035 προρρήσει
719 979 948 1035 βασιλέως·
999 981 1107 1022 κατὰ
1145 987 1266 1034 χεῖρα
1305 981 1388 1035 γὰρ
1422 979 1573 1037 ἐκείνω

224 1051 275 1092 τὰ
306 1048 432 1092 πάντ’
470 1047 605 1104 εἶναι,
645 1049 910 1105 παρέξοντος
942 1050 1057 1107 αὐτῷ
1092 1050 1235 1105 γάμου
1267 1046 1306 1092 τ’
1345 1051 1472 1105 ἰσχὺν
1503 1049 1576 1092 καὶ

226 1121 474 1170 τεκνώσεως
504 1122 677 1163 παίδων
710 1124 917 1175 γνησίων.

312 1192 436 1245 <46>
475 1189 677 1247 “Ηρώδης
721 1189 768 1234 δὲ
812 1192 1002 1241 κολάσας
1042 1198 1130 1234 τῶν
1174 1194 1430 1248 Φαρισαίων
1474 1194 1575 1242 τοὺς
1596 1203 1630 1229 15

225 1260 294 1304 ἐπὶ
334 1258 472 1304 τοῖσδ’
519 1261 854 1316 ἐληλεγμένους,
900 1261 1135 1317 συνέδριόν
1176 1278 1220 1304 τε
1260 1270 1447 1305 ποιεῖται
1488 1270 1576 1305 τῶν

225 1337 369 1387 φίλων
402 1331 473 1374 καὶ
511 1335 775 1389 κατηγορίαν
812 1339 888 1387 τῆς
921 1334 1108 1389 Φερώρα
1145 1335 1374 1387 γυναικός,
1411 1334 1491 1386 τήν
1523 1330 1569 1374 θ’

224 1404 357 1460 ὕβριν
395 1411 482 1445 τῶν
520 1402 758 1458 παρθένων
796 1410 846 1459 τῇ
887 1406 1025 1459 τόλμῃ
1067 1410 1141 1458 τῆς
1181 1405 1388 1458 γυναικὸς
1428 1403 1576 1445 ἀνατι-

224 1477 339 1527 θείς,
382 1473 454 1516 καὶ
496 1476 687 1529 ἔγκλημα
728 1475 891 1529 ταύτην
932 1476 1012 1529 τὴν
1054 1473 1231 1529 ἀτιμίαν
1269 1475 1386 1533 αὐτῷ
1424 1475 1577 1517 ποιού-

225 1561 368 1600 μενος,
409 1546 523 1600 <47>
555 1544 655 1587 ὥστ’
693 1545 991 1599 ἀγωνοθετεϊν
1024 1545 1178 1587 στάσιν
1210 1545 1325 1602 αὐτῷ
1358 1547 1468 1601 πρὸς
1498 1546 1576 1589 τὸν
1595 1558 1629 1582 20

226 1616 422 1671 ἀδελφὸν
454 1615 525 1658 καὶ
557 1618 750 1671 πόλεμον
783 1616 830 1658 ἐκ
862 1617 1035 1671 φύσεως
1073 1616 1222 1666 αὐτοῖς
1253 1615 1324 1658 καὶ
1357 1618 1472 1675 λόγῳ
1505 1615 1577 1658 καὶ

228 1686 284 1729 δι’
324 1689 466 1742 ἔργων
499 1687 579 1728 ὅσα
618 1688 822 1741 δύναιτο,
862 1689 942 1741 τήν
982 1703 1026 1729 τε
1070 1687 1275 1729 διάλυσιν
1315 1694 1391 1742 τῆς
1430 1689 1579 1742 ζημίας

226 1763 301 1811 τῆς
332 1756 405 1799 ὑπ’
444 1758 581 1800 αὐτοῦ
614 1757 924 1812 ἐπιβληθείσης
955 1756 1097 1800 τέλεσι
1130 1759 1456 1813 διαφευχθῆναι
1487 1765 1578 1808 τοῖς

228 1827 410 1882 ἐκείνης,
442 1836 529 1870 τῶν
562 1844 606 1870 τε
638 1835 722 1870 νῦν
753 1827 1071 1884 πεπραγμένων
1104 1826 1237 1870 οὐδὲν
1269 1829 1293 1870 ὅ
1324 1844 1365 1870 τι
1397 1829 1450 1870 οὐ
1482 1826 1574 1883 μετ’

228 1899 370 1953 αὐτῆς.
434 1899 550 1953 <48>
584 1897 700 1940 (ἀνθ’
741 1895 818 1953 ὧν,
850 1896 883 1940 ὦ
920 1900 1125 1954 Φερώρα,
1157 1902 1298 1948 καλῶς
1331 1900 1438 1953 ἔχει,
1471 1897 1576 1941 οὐδὲ
1596 1909 1629 1936 2⁵

228 1970 376 2023 δεήσει
408 1977 595 2024 γνωμῶν
633 1971 898 2024 εἰσηγήσεως
935 1978 1022 2012 τῶν
1060 1969 1197 2025 ἐμῶν,
1235 1968 1577 2012 αὐτοκέλευστον

228 2038 565 2094 ἀποπέμπεσθαι
603 2048 791 2095 γυναῖκα
829 2042 992 2095 ταύτην
1030 2041 1088 2090 ὡς
1125 2039 1319 2095 πολέμου
1360 2047 1438 2082 τοῦ
1470 2042 1578 2094 πρὸς

229 2107 302 2164 ἐμὲ
347 2109 417 2152 σοὶ
461 2112 605 2152 αἰτίαν
650 2110 883 2166 ἐσομένην,
933 2110 1007 2154 καὶ
1049 2118 1153 2165 νῦν,
1198 2115 1317 2167 εἰπερ
1363 2110 1582 2153 ἀντιποιεϊ

230 2183 486 2235 συγγενείας
528 2187 602 2235 τῆς
652 2181 775 2236 ἐμῆς,
825 2181 1088 2224 ἆπειπέσθαι
1136 2182 1267 2236 τήνδε
1317 2182 1397 2236 τὴν
1448 2197 1578 2236 γαμε-

228 2253 321 2305 τήν.
383 2259 527 2306 μενεῖς
569 2252 652 2307 γὰρ
697 2253 836 2302 οὕτως
879 2251 1068 2307 ἀδελφός
1111 2252 1148 2294 τ’
1197 2251 1297 2307 ε’μὸς
1339 2251 1411 2294 καὶ
1455 2251 1576 2307 στέρ-
1597 2264 1632 2290 30

325 2336 343 2375 ξ
363 2336 407 2366 45
430 2332 474 2369 Cf.
496 2333 564 2369 ῙΘΞ.
585 2332 665 2367 LVI
686 2337 787 2368 1—5.
887 2337 905 2376 ξ
927 2337 970 2368 46
992 2334 1036 2369 Cf.
1058 2333 1150 2368 ΒΘΗ.
1171 2333 1250 2368 Iud.
1270 2333 1287 2367 Ῑ
1307 2336 1362 2377 29,
1385 2336 1415 2368 2.
