1732 2526
75 850 108 875 10

75 1204 107 1229 15

73 1558 107 1582 20

630 96 972 129 EKKAIAEKATH
1420 96 1476 137 65

128 204 205 245 τὸν
231 201 427 258 βασιλεά,
459 202 574 259 ξυρῷ
601 203 678 244 τὸν
705 203 864 257 λαιμὸν
891 202 1139 257 ἀποτεμεῖν·
1186 205 1366 245 ἔσεσθαι
1393 205 1476 260 γὰρ

130 272 177 315 ἐν
220 274 408 329 πρώτοις
451 280 541 323 τοῖς
583 271 682 327 περὶ
720 271 1009 327 Ἀλέξανδρον
1054 273 1124 315 καὶ
1170 274 1357 328 μεγάλας
1403 277 1477 329 λη-

128 348 293 395 ψεσθαι
335 343 511 398 δωρεάς.
579 343 722 396 <388>
764 341 882 385 ταῦτ’
930 344 1108 386 εἰπόντα
1151 345 1476 399 συλλαμβάνειν

128 415 314 467 κελεύει,
355 413 428 456 καὶ
465 414 570 468 μετὰ
608 419 742 455 ταῦτα
774 414 965 468 βάσανος
1002 411 1058 468 ἦν
1089 421 1167 456 τοῦ
1198 430 1242 456 τε
1282 417 1477 469 Τίρωνος

128 484 200 526 καὶ
231 491 309 527 τοῦ
346 485 502 534 παιδὸς
540 484 676 526 αὐτοῦ
714 482 785 525 καὶ
824 491 903 526 τοῦ
941 483 1144 540 κουρέως.
1206 486 1350 539 <389>
1383 487 1475 527 δια-

127 556 443 610 καρτεροῦντός
473 570 518 596 τε
550 561 629 597 τοῦ
669 556 883 609 Τίρωνος,
921 555 1038 610 ὁρῶν
1076 556 1099 598 ὁ
1138 558 1367 605 νεανίσκος
1399 558 1475 598 τὸν

127 625 291 679 πατέρα
322 629 517 681 χαλεπῶς
555 623 635 679 μὲν
672 626 755 679 ἤδη
795 626 1093 680 διακείμενον,
1132 628 1286 681 ἔχοντα
1325 625 1363 667 δ’
1403 627 1476 669 οὐ-

128 697 283 750 δεμίαν
311 695 470 741 ,ἐλπίδα
503 698 737 750 σωτηρίας,
776 694 916 752 ἑαυτῷ
949 712 993 738 τε
1032 698 1080 739 τὸ
1119 695 1280 751 μέλλον
1319 697 1364 739 ἐκ
1402 704 1476 751 τῆς

126 765 225 821 περὶ
251 767 329 808 τὸν
353 766 577 822 πάσχοντα
604 767 858 821 δυσχερείας
882 773 1124 822 προῦπτον,
1152 769 1234 822 ἔφη
1261 768 1475 822 μηνύσειν

127 844 186 894 τῷ
227 839 400 892 βασιλεῖ
438 838 519 891 τὴν
563 837 797 891 ἀλήθειαν,
843 838 883 879 εἰ
923 840 1238 893 παραιρήσεται
1283 840 1355 880 διὰ
1396 845 1475 881 τοῦ

127 908 292 962 φράσαι
321 913 397 961 τῆς
428 907 624 962 βασάνου
656 906 729 949 καὶ
760 913 834 961 τῆς
866 909 1007 958 αἰκίας
1045 909 1180 951 αὑτόν
1217 924 1261 950 τε
1294 907 1366 951 καὶ
1399 911 1476 951 τὸν

127 977 304 1033 πατέρα.
367 978 509 1032 (390)
543 980 698 1028 δόντος
731 976 780 1020 δὲ
811 981 958 1020 πίστιν
992 978 1060 1021 ἐπὶ
1097 980 1287 1033 τούτοις,
1328 982 1475 1034 ε”λεγεν

127 1049 186 1099 ὡς
224 1053 289 1103 εἴη
330 1050 532 1103 συνθήκη
575 1065 639 1099 τις
681 1047 918 1091 ἐπιθέσθαι
960 1047 1016 1091 δι’
1061 1050 1334 1106 αὐτοχειρίας
1374 1049 1474 1107 (τῷ)

127 1122 301 1174 βασιλεῖ
335 1120 427 1161 τὸν
459 1121 649 1174 Τίρωνα·
699 1123 967 1175 προσελθεῖν
1008 1121 1091 1175 γὰρ
1133 1121 1324 1176 εὔπορον
1362 1118 1476 1163 εἶναι

128 1192 266 1245 μόνον
299 1192 437 1248 μόνῳ,
467 1189 539 1232 καὶ
572 1191 796 1245 δράσαντα
821 1195 983 1233 παθεῖν
1008 1206 1049 1233 τι
1075 1199 1162 1233 τῶν
1188 1193 1369 1234 εἰκότων
1397 1193 1477 1234 οὐκ

127 1258 306 1315 ἀγεννὲς
346 1259 616 1319 Ἀλεξάνδρῳ
660 1253 993 1317 χαριζόμενον]
1022 1260 1177 1315 <391>
1223 1269 1358 1304 ταῦτα
1396 1261 1476 1317 μὲν

127 1327 209 1373 οὖν
242 1331 407 1381 ἐκεῖνος
437 1332 572 1373 εἰπὼν
605 1330 836 1387 ἐξαιρεῖται
862 1332 939 1373 τὸν
970 1329 1133 1387 πατέρα
1164 1338 1239 1387 τῆς
1271 1332 1475 1388 ἀνάγκης,

127 1403 294 1456 ἄδηλον
338 1406 422 1444 εἴτε
466 1402 546 1456 τὴν
590 1401 806 1456 ἀλήθειαν
851 1401 1100 1456 ἐκβιασθεὶς
1143 1403 1346 1458 φράζειν,
1389 1408 1473 1445 εἴτε

127 1472 209 1514 κᾶν
240 1473 516 1528 περιγραφὴν
548 1475 711 1527 νοήσας
742 1474 839 1514 τινὰ
871 1473 1034 1527 ταύτην
1065 1480 1152 1514 τῶν
1178 1481 1323 1515 κακῶν
1356 1474 1471 1531 αὑτῷ

127 1541 199 1585 καὶ
230 1549 288 1599 τῷ
322 1545 621 1597 γεγεννηκότι·
671 1543 816 1597 <392>
855 1542 877 1584 ὁ
912 1541 959 1585 δὲ
984 1542 1187 1598 (Ηρώδης
1225 1542 1321 1586 οὐδ’
1357 1549 1400 1586 εἴ
1435 1562 1473 1586 τι

126 1615 342 1669 πρότερον
375 1612 657 1667 ἐνδοιάσιμον
684 1610 739 1667 ἧν
772 1612 888 1670 αὐτῷ
913 1612 1013 1667 περὶ
1040 1615 1119 1668 τὴν
1150 1618 1472 1669 τεκνοκτονίαν,

126 1685 267 1742 τούτῳ
317 1685 452 1726 τόπον
502 1683 527 1737 ἢ
578 1684 724 1739 χώραν
776 1683 823 1725 ἐν
867 1690 916 1738 τῇ
966 1690 1084 1739 ψυχῇ
1138 1687 1474 1740 καταλελοιπώς,

127 1754 238 1796 ἀλλὰ
268 1760 356 1796 πᾶν
389 1753 651 1809 ἐξῃρημένος
682 1755 730 1796 τὸ
765 1755 1069 1809 δυνησόμενον
1108 1755 1227 1812 αὐτῷ
1257 1756 1474 1799 ὑπόνοιαν

127 1825 361 1880 ἀμείνονος
404 1829 618 1879 λογισμοῦ
660 1832 925 1880 παρασχεῖν,
971 1827 1180 1868 ἔσπευσεν
1224 1827 1307 1881 ἤδη
1353 1826 1474 1877 τέλος

129 1895 348 1938 ἐπιθεῖναι
389 1902 440 1951 τῇ
480 1894 744 1950 προαιρέσει.
812 1896 957 1949 <393>
998 1895 1070 1938 καὶ
1107 1898 1373 1952 προαγαγὼν
1413 1900 1474 1948 εἰς

129 1966 363 2021 ἐκκλησίαν
393 1969 670 2021 τριακοσίους
701 1983 744 2008 τε
770 1974 858 2009 τῶν
882 1967 1113 2022 ἡγεμόνων
1144 1970 1247 2018 τοὺς
1278 1967 1326 2010 ἐν
1358 1969 1474 2026 αἰτία

128 2035 393 2092 γενομένους
436 2036 507 2078 καὶ
552 2038 628 2079 τὸν
679 2039 852 2090 Τίρωνα
897 2039 980 2079 σὺν
1028 2043 1088 2095 τῷ
1132 2037 1256 2080 παιδὶ
1299 2037 1371 2081 καὶ
1414 2046 1473 2096 τῷ

130 2107 324 2161 ἐκείνους
356 2107 624 2163 διελέγχοντι
654 2115 823 2162 κουρεῖ,
862 2111 1128 2163 κατηγορίαν
1160 2108 1365 2152 ἁπάντων
1397 2110 1474 2151 αὐ-

129 2185 216 2220 τῶν
250 2178 499 2233 ἐποιήσατο·
551 2179 694 2233 (394)
731 2177 963 2229 κάκείνους
999 2177 1080 2233 μὲν
1118 2181 1166 2222 τὸ
1205 2183 1375 2234 πλῆθος
1407 2179 1473 2222 ἀεὶ

76 2263 111 2288 30
130 2257 220 2299 τοῖς
259 2254 558 2304 παρατυχοῦσι
599 2249 833 2304 βάλλοντες
873 2247 1151 2304 ἀπέκτειναν,
1191 2246 1475 2305 Ἀλέξανδρος

224 2335 243 2373 ξ
270 2334 337 2366 388
364 2331 408 2367 cf.
437 2330 527 2366 Bell.
554 2331 631 2365 Iud.
658 2331 675 2364 Ι
701 2333 756 2373 27,
783 2333 814 2366 5.

202 2397 369 2423 ΙοεΕΡῐιῐῑε.
406 2398 459 2423 IV.
1243 2396 1261 2426 5
