1732 2526
582 83 991 116 EnTAKAIAEKATn
1404 81 1456 122 77

111 207 207 246 γειν
245 191 325 234 οὐκ
364 188 721 246 ἀπηλλαγμένος.’

792 190 907 244 <49>
948 191 1158 245 Φερώρας
1196 189 1264 245 δέ,
1305 192 1459 243 καίπερ

113 265 258 317 λόγων
285 261 414 317 ἀρετῇ
440 261 813 315 περιωθούμενος,
847 261 947 302 οὔτε
975 263 1229 314 συγγενείας
1254 267 1329 315 τῆς
1354 263 1462 316 πρὸς

112 334 189 375 τὸν
227 332 421 387 ἀδελφὸν
460 334 578 385 ε”λεγε
617 333 814 385 κινήσειν
853 331 1025 372 δίκαιον
1068 328 1200 373 οὐδὲν
1241 332 1339 373 οὔτε
1381 333 1461 386 τὴν

112 405 221 457 πρὸς
264 404 344 457 τὴν
393 403 585 456 γαμετὴν
635 402 836 456 εὔνοιαν,
886 402 1115 456 αἶρεῖσθαί
1159 417 1203 443 τε
1247 404 1462 457 πρότερον

78 478 271 516 ὅθανεῖν
314 473 340 527 ἢ
387 475 469 523 ζῶν
513 476 678 527 τολμᾶν
722 471 1045 527 ἀπεστερῆσθαι
1095 474 1302 526 γυναικὸς
1346 473 1462 529 αὐτῷ

83 542 439 600 .κεχαρισμένης.
506 544 621 597 <50>
652 541 854 598 Ἡρώδης
894 540 941 584 δὲ
988 544 1172 599 Φερώρα
1212 540 1306 597 μὲν
1332 542 1463 597 ὑπερ-

115 615 321 670 εβάλλετο
370 615 452 668 τὴν
502 612 572 655 ε’πὶ
615 614 787 663 τούτοις
831 613 989 669 ὀργήν,
1039 615 1192 669 καίπερ
1240 613 1463 668 ἀνήδονον

115 687 329 740 τιμωρίαν
370 684 759 739 εἰσπεπραγμένος,
800 682 1067 741 Ἀντιπάτρῳ
1113 682 1152 725 δ’
1197 683 1349 726 ἀπεῖπε
1393 682 1463 725 καὶ

116 754 246 810 μητρὶ
294 761 344 810 τῇ
396 755 567 798 ἐκείνου
615 756 800 812 Φερώρα
849 770 893 796 τε
944 756 1001 810 μὴ
1047 754 1216 809 ὁμιλεῖν
1260 754 1332 797 καὶ
1376 762 1463 796 τῶν

63 840 95 865 ιο
115 833 337 880 γυναικῶν
387 826 686 880 φυλάττεσθαι
736 827 784 868 τὸ
834 827 896 876 εἰς
943 826 1105 868 ταύτὸν
1153 827 1463 880 συνεσόμενον.

116 897 232 951 <51>
265 899 310 939 οἳ
339 895 378 938 δ’
417 897 674 950 ὡμολόγουν
707 895 806 950 μέν,
845 902 1042 952 συνῇσαν
1076 894 1124 938 δὲ
1155 892 1181 952 ᾗ
1214 898 1363 950 καιρὸς
1394 895 1463 938 καὶ

117 969 424 1022 συνεκώμαζον
467 969 674 1022 Φερώρας
710 966 782 1009 καὶ
814 966 1107 1025 Ἀντίπατρος.
1170 967 1321 1022 ἐφοίτα
1361 965 1398 1008 δ’
1443 967 1465 1008 ὁ

117 1039 267 1092 λόγος,
304 1036 375 1079 καὶ
415 1038 584 1093 ὁμιλεῖν
612 1036 880 1096 Ἀντιπάτρῳ
918 1039 998 1092 τὴν
1041 1039 1225 1093 Φερώρα
1262 1045 1466 1091 γυναῖκα,

119 1109 479 1163 συμπραττούσης
523 1109 672 1159 αὐτοῖς
709 1109 760 1151 τὰ
804 1111 867 1159 εἰς
906 1110 986 1163 τὴν
1028 1110 1221 1151 σύνοδον
1261 1115 1336 1162 τῆς
1371 1107 1468 1150 Ἀν-

67 1194 100 1219 15
119 1179 329 1234 τιπάτρου
363 1181 536 1235 μητρός.

208 1250 323 1304 <52>
359 1247 647 1305 ὑφορώμενος
686 1247 733 1291 δὲ
770 1251 847 1292 τὸν
884 1249 1068 1305 πατέρα,
1112 1249 1183 1291 καὶ
1223 1250 1378 1300 δεδιὼς
1410 1249 1467 1303 μὴ
1494 1261 1513 1291 2

120 1322 181 1370 εἰς
211 1320 347 1363 πλεόν
378 1323 627 1376 προχωροίη
661 1321 712 1362 τὰ
743 1327 822 1363 τοῦ
854 1324 1009 1375 μίσους
1041 1318 1108 1362 ἐπ’
1144 1321 1276 1378 αὐτῷ,
1308 1320 1470 1376 γράφει

120 1393 228 1447 πρὸς
275 1394 378 1441 τοὺς
434 1391 482 1433 ἐν
525 1389 664 1447 Ῥώμῃ
720 1393 904 1446 φίλους,
959 1392 1151 1433 κελεύων
1202 1390 1469 1433 ἐπιστέλλειν

50 1464 57 1471 ’
113 1461 293 1518 “Ηρώδῃ
342 1461 528 1517 πέμπειν
578 1457 605 1518 ᾗ
654 1462 783 1517 τάχος
824 1461 1106 1517 Ἀντίπατρον
1153 1463 1212 1512 ὡς
1257 1463 1469 1515 Καίσαρα.

69 1548 102 1572 20
122 1533 248 1588 (53)
298 1529 351 1576 οὗ
401 1531 642 1588 γενομένου
693 1534 881 1587 ἔπεμπεν
924 1531 1127 1588 “Ηρώδης
1172 1529 1473 1585 Ἀντίπατρον,

124 1605 244 1659 δῶρα
278 1603 585 1658 συνεκπέμψας
621 1603 963 1659 ἀξιολογώτατα,
999 1603 1072 1646 καὶ
1111 1605 1331 1657 διαθήκην
1365 1602 1412 1644 ἐν
1445 1598 1471 1658 ᾗ

123 1673 213 1729 μετ’
251 1674 386 1717 αὐτὸν
413 1671 697 1729 Ἀντίπατρον
737 1674 991 1716 ἀπεδείκνυε
1031 1673 1231 1728 βασιλέα,
1269 1674 1473 1728 φθάσαν-

123 1761 196 1795 τος
229 1742 275 1787 δὲ
307 1749 536 1799 τελευτᾶν,
568 1742 775 1799 “Ηρώδην
812 1747 890 1787 τὸν
929 1744 974 1786 ἐκ
1012 1751 1087 1799 τῆς
1126 1750 1204 1787 τοῦ
1241 1744 1475 1799 ἀρχιερέως

123 1817 347 1871 θυγατρὸς
386 1817 487 1858 υίὸν
528 1816 644 1872 αὐτῷ
690 1815 995 1870 γεγενημένον.
1058 1816 1185 1870 <54>
1227 1814 1474 1871 συνεξορμᾷ

71 1900 105 1926 25
126 1886 166 1929 δ’
193 1885 459 1944 Ἀντιπάτρῳ
489 1885 561 1928 καὶ
587 1890 808 1936 Συλλαῖος
839 1887 862 1929 ὁ
884 1885 1042 1942 ’Ἁραψ,
1076 1883 1214 1941 μηδὲν
1246 1882 1308 1927 ὧν
1339 1897 1474 1940 προσ-

126 1957 244 2008 έταξε
277 1960 449 2013 Καῖσαρ
483 1949 878 2012 διαπεπραγμένος·
925 1955 998 1999 καὶ
1024 1955 1305 2010 Ἀντίπατρος
1336 1956 1473 1998 αὐτοῦ

125 2035 360 2083 κατηγορεῖ
395 2026 464 2069 ἐπὶ
498 2030 718 2082 Καίσαρος
754 2026 853 2083 περὶ
891 2023 953 2069 ὧν
992 2029 1208 2083 πρότερον
1240 2029 1473 2076 Νικόλαος.

126 2106 428 2153 κατηγορεῖται
461 2097 508 2141 δὲ
540 2098 611 2141 καὶ
643 2097 716 2141 ὑπ’
749 2097 901 2153 Ἀρέτα
933 2101 1154 2148 Συλλαῖος
1195 2099 1253 2148 ὡς
1283 2101 1475 2148 πολλοὺς

128 2169 376 2218 ἀπεκτονὼς
417 2176 505 2211 τῶν
556 2168 603 2211 ἐν
647 2168 796 2226 Πέτρα
845 2168 1089 2222 ἀξιολόγων
1135 2169 1251 2223 παρὰ
1294 2170 1474 2223 γνώμην

76 2252 110 2277 80
129 2241 209 2295 τὴν
241 2239 399 2293 αὐτοῦ,
436 2238 508 2281 καὶ
546 2239 731 2294 μάλιστα
763 2241 959 2294 Σόεμον,
998 2239 1138 2294 ἄνδρα
1169 2245 1219 2294 τῇ
1252 2240 1313 2289 εἰς
1344 2237 1469 2280 πάντ’

224 2324 243 2363 ξ
269 2323 312 2354 52
340 2319 383 2355 cf.
411 2319 501 2355 Bell.
528 2319 606 2355 Iud.
634 2320 649 2354 Ι
675 2323 730 2363 29,
759 2324 788 2354 3.
