1732 2526
241 133 262 173 1
274 132 325 173 18
732 132 1096 166 APXAlOAOPIAE

238 238 425 294 συνέστη
464 239 652 296 καρτερὰ
689 237 761 281 καὶ
802 240 848 281 οἱ
869 238 1072 294 Ῥωμαῖοι
1103 246 1191 280 τῶν
1223 239 1445 293 πολεμίων
1477 239 1598 296 ἔργω

237 309 464 366 ἐκράτουν.
526 309 580 353 οὐ
623 311 711 365 μὴν
754 311 806 352 τὰ
850 309 1110 365 φρονήματά
1151 325 1199 363 γε
1237 317 1329 359 τοῖς
1360 305 1592 360 Ἰουδαίοις

238 383 395 436 ἔκαμνε
427 386 478 436 τῇ
511 383 609 432 ὄψει
646 387 725 422 τοῦ
766 381 936 441 δεινοῦ,
975 383 1152 422 πολλῶν
1190 379 1340 430 αὐτοῖς
1369 382 1591 423 πεπτωκό-

237 468 345 506 των,
384 452 529 506 <259>
560 452 923 508 περιοδεύσαντες
955 449 995 492 δ’
1033 450 1209 493 ἀνίασιν
1247 450 1317 493 ἐπὶ
1353 451 1431 501 τὰς
1463 452 1592 502 στοὰς

237 523 365 579 αἴπερ
398 520 512 578 ἦσαν
544 529 622 565 τοῦ
657 523 777 578 ἱεροῦ
803 524 880 564 τὸν
908 522 1074 573 ἔξωθεν
1102 524 1341 578 περίβολον
1365 521 1591 578 περιέχου-

238 605 332 647 σαι,
373 592 446 635 καὶ
477 596 642 648 πολλῆς
673 593 812 648 μάχης
848 591 1089 648 γενομένης
1127 595 1286 643 λίθους
1315 591 1352 635 τ’
1389 593 1591 648 ἠφίεσαν,

236 667 340 714 τοὺς
383 662 463 719 μὲν
509 663 555 706 ἐκ
598 672 758 719 χειρῶν
801 664 1048 719 ὑπάραντες
1091 666 1195 713 τοὺς
1240 661 1278 705 δ’
1327 662 1414 720 (ἐκ)
1458 675 1591 719 σφεν-

237 736 406 789 δονῶν,
438 733 628 789 ἀθληταὶ
659 737 826 789 τρόπου
857 735 1061 789 τοιαύτης
1092 735 1230 790 μάχης
1261 736 1402 789 ὄντες,
1445 735 1591 790 (260)

235 805 309 848 καὶ
342 807 388 848 οἱ
409 804 582 856 τοξόται
607 806 767 855 πάντες
791 805 1163 860 παρατεταγμένοι
1193 804 1342 860 μεγάλ’
1374 807 1591 860 ἔβλαπτον

236 878 339 926 τοὺς
368 875 609 931 τΡωμαίους
650 877 723 918 διὰ
764 877 812 918 τὸ
856 875 1113 932 ὑπερδέξιοί
1151 874 1186 917 τ’
1231 873 1343 918 εἶναι
1384 875 1457 918 καὶ
1502 876 1591 919 ἐπι-

235 951 481 1003 χειρεῖσθαι
514 944 594 1002 μὲν
626 948 784 1003 ἄποροι
818 948 891 989 διὰ
922 948 971 989 τὸ
1014 946 1240 1002 ὄινέφικτοι
1271 955 1362 997 τοῖς
1394 949 1592 990 εἰσακον-

235 1020 366 1069 τίζειν
409 1016 698 1074 πειρωμένοις
738 1014 872 1072 εἶναι,
917 1015 1055 1074 ῥᾴους
1099 1015 1147 1060 δὲ
1191 1022 1448 1074 κρατεῖσθαι
1488 1020 1593 1068 τοὺς

1612 891 1645 915 10

235 1091 472 1144 πολεμίους
516 1090 699 1144 ἔχοντες.
776 1087 848 1130 καὶ
891 1091 1033 1131 πολὺν
1078 1086 1158 1143 μὲν
1202 1091 1365 1144 χρόνον
1407 1089 1433 1143 ἡ
1478 1089 1623 1150 μάχη,

237 1159 424 1215 συνέστη
445 1158 585 1203 τοιάδ’
610 1156 736 1214 οὖσα,
758 1160 903 1214 <261>
925 1161 1070 1201 ἔπειτα
1092 1157 1130 1201 δ’
1158 1160 1204 1202 οἶ
1213 1158 1416 1215 Ῥωμαῖοι
1437 1161 1593 1210 δεινῶς

236 1230 445 1286 φέροντες
476 1239 567 1280 τοῖς
599 1229 842 1285 δρωμένοις
873 1236 961 1285 πῦρ
1001 1230 1143 1272 ἐνιᾶσι
1180 1238 1273 1280 ταῖς
1311 1238 1478 1285 στοαῖς,
1516 1235 1590 1273 λα-

235 1303 395 1351 θόντες
428 1299 657 1343 Ἰουδαίων
695 1303 798 1351 τοὺς
837 1300 1162 1356 αναβεβηκότας
1203 1299 1268 1343 ἐπ’
1311 1301 1455 1352 αὐτάς.
1518 1301 1591 1344 καὶ

235 1373 284 1413 τὸ
317 1379 404 1426 πῦρ
437 1372 524 1414 ὑπό
562 1388 606 1414 τε
644 1375 821 1414 πολλῶν
859 1371 1210 1428 προστιθέμενον
1249 1370 1322 1414 καὶ
1360 1373 1466 1427 μετὰ
1502 1380 1591 1415 τῶν

237 1458 425 1498 εγειρειν
451 1445 597 1498 φλόγα
625 1441 886 1498 δυναμένων
912 1443 1068 1497 ἥπτετο
1095 1449 1174 1485 τοῦ
1203 1443 1373 1499 ὀρόφου
1399 1459 1427 1499 ῃ
1452 1443 1591 1499 τάχος.

237 1514 393 1568 <262>
435 1514 457 1556 ὁ
501 1512 549 1555 δε
591 1514 781 1564 ξύλωσιν
822 1512 1025 1569 παρέχων
1065 1516 1216 1568 πίττης
1257 1530 1301 1556 τε
1341 1513 1414 1556 καὶ
1453 1521 1591 1570 κηροῦ

234 1584 393 1640 πλέον,
438 1586 500 1626 ἔτι
546 1582 594 1626 δὲ
638 1590 756 1641 κηρῷ
798 1586 964 1640 χρυσὸν
1007 1583 1380 1639 ἐπαληλιμμένον,
1424 1584 1592 1635 εὐθέως

236 1653 370 1697 εἶκεν·
411 1657 516 1711 ἔργα
547 1671 591 1697 τε
625 1656 790 1710 μεγάλα
818 1654 963 1697 ἐκεῖνα
989 1654 1061 1697 καὶ
1087 1654 1408 1710 ἀξιολογώτατα
1434 1656 1591 1711 ἠφανί-

239 1729 346 1780 ζετο,
378 1724 450 1767 καὶ
483 1728 587 1776 τοὺς
617 1724 728 1781 ὑπὲρ
760 1735 850 1769 τῶν
882 1734 1024 1768 στοῶν
1057 1728 1244 1781 ὄλεθρος
1275 1723 1404 1777 οὗτος
1429 1727 1592 1783 ἀπροσ-

239 1799 422 1852 δόκητος
453 1796 702 1852 κατέλαβεν.
765 1801 811 1840 οἳ
839 1796 918 1852 μὲν
951 1799 1034 1853 γὰρ
1066 1804 1144 1840 τοῦ
1177 1798 1346 1853 ὀρόφου
1377 1813 1591 1855 καταρρα-

236 1870 388 1921 γέντος
414 1867 791 1924 συγκατεφέροντο
818 1868 951 1925 αὐτῷ,
978 1870 1080 1918 τοὺς
1107 1866 1155 1910 δὲ
1174 1869 1441 1923 περισταδὸν
1466 1871 1592 1924 ἔβαλ-

238 1943 318 1981 λον
351 1939 397 1980 οἱ
418 1937 635 1993 πολέμιοι·
682 1940 827 1992 <263>
859 1938 1016 1981 πολλοὶ
1043 1935 1082 1980 δ’
1113 1939 1273 1996 ἀπορία
1298 1955 1344 1981 τε
1376 1943 1592 1996 σωτηρίας

237 2008 310 2051 καὶ
344 2009 543 2064 ἐκπλήξει
580 2017 718 2052 κακοῦ
756 2017 835 2052 τοῦ
872 2012 1205 2065 περιεστηκότος
1242 2012 1288 2052 οἳ
1321 2008 1401 2064 μὲν
1442 2013 1505 2062 εἰς
1541 2014 1590 2054 τὸ

238 2087 326 2135 πῦρ
366 2079 609 2134 ἐπαφίεσαν
647 2079 849 2135 ἑαυτούς,
893 2083 939 2123 οἳ
974 2078 1022 2122 δὲ
1059 2079 1132 2122 καὶ
1168 2088 1260 2130 τοῖς
1296 2080 1439 2136 ξίφεσι
1480 2083 1591 2138 χρώ-

240 2167 365 2206 μενοι
404 2152 638 2206 διάδρασιν
675 2152 813 2194 αὐτοῦ
855 2152 1098 2194 ἐποιοῦντο.
1160 2152 1315 2195 ὁπόσοι
1358 2149 1398 2194 δ’
1440 2154 1502 2202 εἰς
1541 2155 1590 2195 τὸ

239 2224 424 2264 κατόπιν
468 2223 744 2277 χωρήσαντες
788 2223 876 2280 ὁδῷ
921 2219 948 2279 ἦ
990 2222 1318 2278 ἀναβεβήκεσαν
1363 2222 1591 2279 ἐσώζοντο,

241 2294 287 2335 οἱ
308 2293 509 2348 Ῥωμαῖοι
540 2293 705 2343 πάντας
736 2295 933 2335 ἔκτειναν
970 2294 1166 2347 γυμνούς
1202 2291 1238 2335 τ’
1277 2294 1405 2343 ὄντας
1435 2293 1508 2336 καὶ
1538 2296 1591 2337 τὰ

241 2367 501 2421 φρονήματα
534 2363 869 2419 ἐκλελυμένους,
909 2361 1042 2406 οὐδὲν
1079 2370 1154 2418 τῆς
1191 2363 1400 2415 ἀπονοίας
1437 2365 1510 2407 διὰ
1541 2368 1590 2408 τὸ

1611 1244 1644 1269 15

1611 1599 1644 1625 20

1611 1952 1645 1978 25

1612 2306 1645 2332 30
