1732 2526
685 62 899 94 ΕῙΚΟΣΤΗ
1385 60 1470 101 289

125 176 215 221 ρεῖς
247 170 536 221 κατηγόρουν,
569 168 712 220 <127>
740 165 946 209 Ἰουδαῖοι
980 165 1027 209 δὲ
1060 167 1131 209 καὶ
1168 174 1243 221 τῆς
1281 168 1471 218 στάσεως

123 236 196 278 καὶ
239 244 314 291 τῆς
357 239 494 293 μάχης
538 239 704 286 αἰτίους
747 237 976 290 γεγονέναι
1022 241 1244 292 Σαμαρεῖς
1288 240 1472 293 ἔφασαν,

123 310 208 362 πρὸ
239 309 417 349 πάντων
445 306 492 349 δὲ
515 309 754 361 Κουμανὸν
782 308 941 360 δώροις
966 307 1040 349 ὑπ’
1072 309 1218 349 αὐτῶν
1243 308 1471 363 φθαρέντα

122 377 195 419 καὶ
250 380 649 432 παρασιωπήσαντα
700 379 776 419 τὸν
823 385 920 419 λτῶν
977 377 1266 433 ἀνῃρημένων
1317 381 1470 434 φόνον.

85 465 102 490 5
123 450 266 502 <128>
298 448 370 490 καὶ
403 449 689 501 Κουαδρᾶτος
722 448 912 496 ἀκούσας
952 448 1234 502 ὑπερτίθεται
1268 450 1348 503 τὴν
1379 452 1471 504 κρί-

122 530 215 573 σιν,
259 519 393 560 εἰπὼν
438 518 764 573 ἀποφανεῖσθαι
808 518 986 559 ἐπειδὰν
1032 520 1093 567 εἰς
1133 520 1213 572 τὴν
1250 517 1470 561 Ἰουδαίαν

120 591 475 644 παραγενόμενος
494 587 806 644 ἀκριβέστερον
832 588 994 645 ἐπιγνῷ
1021 590 1102 642 τὴν
1129 589 1357 643 ἀλήθειαν.
1399 589 1470 631 καὶ

121 662 167 702 οἳ
201 651 283 714 μὲν
321 659 492 715 ἀπῇσαν
530 661 763 714 ἄπρακτοι,
807 660 951 714 <129>
996 657 1093 714 μετ’
1142 661 1195 701 οὐ
1239 662 1382 702 πολὺν
1423 658 1470 701 δὲ

120 733 282 786 χρόνον
316 731 338 773 ὁ
373 731 661 784 Κουαδρᾶτος
692 727 796 783 ἧκεν
829 732 890 779 εἰς
922 730 1194 785 Σαμάρειαν,
1233 733 1343 772 ἔνθα
1377 732 1470 772 δια-

67 819 99 842 10
119 802 287 851 κούσας
323 802 490 851 αἰτίους
527 808 602 855 τῆς
648 807 836 856 ταραχῆς
873 800 1062 855 ὑπέλαβε
1101 800 1330 855 γεγονέναι
1369 803 1471 850 τοὺς

120 874 354 926 Σαμαρεῖς.
423 872 481 921 ὡς
513 869 560 913 δὲ
598 870 670 913 καὶ
704 869 932 914 Ἰουδαίων
970 872 1091 920 τινὰς
1130 874 1470 923 νεωτερίσαντας

89 972 92 974 v
120 944 300 996 ἔμαθεν,
334 941 666 996 ἀνεσταύρωσεν
700 942 776 991 οὓς
807 942 1042 995 Κουμανὸς
1069 944 1224 996 ἔλαβεν
1251 943 1470 996 αἰχμαλώ-

115 1028 232 1063 τους.
297 1013 441 1066 <130>
474 1012 681 1061 κάκεῖθεν
715 1014 776 1062 εἰς
808 1013 959 1066 κώμην
991 1013 1089 1054 τινὰ
1115 1015 1470 1067 παραγενόμενος

119 1084 278 1124 Λύδδα
305 1082 559 1137 λεγομένην,
591 1085 758 1133 πόλεως
783 1085 832 1125 τὸ
860 1083 1050 1137 ,μέγεθος
1072 1083 1151 1124 οὐκ
1174 1083 1468 1137 ἀποδέουσαν,

51 1169 99 1194 '15
119 1156 305 1202 καθίσας
350 1152 419 1195 ἐπὶ
462 1156 654 1208 βήματος
703 1154 785 1195 κάκ
830 1153 1039 1208 δευτέρου
1088 1161 1175 1195 τῶν
1221 1154 1468 1208 Σαμαρέων

119 1225 354 1273 διακούσας
393 1224 643 1265 διδάσκεται
682 1224 798 1277 παρά
836 1239 954 1273 τινος
992 1222 1233 1288 Σαμαρέωςἱ
1271 1224 1335 1264 ὅτι
1380 1231 1468 1265 τῶν

113 1293 344 1336 Ἰουδαίων
384 1310 448 1344 τις
485 1302 668 1349 πρῶτος,
707 1295 846 1348 ὄνομα
888 1296 1082 1348 Δόρτος,
1122 1297 1199 1335 καί
1232 1311 1346 1343 τινες
1385 1296 1468 1336 σὺν

119 1365 237 1422 αὐτῷ
271 1368 565 1418 νεωτερισταί,
597 1363 796 1418 τέτταρες
827 1366 904 1406 τὸν
933 1364 1142 1426 ἀριθμόν,
1168 1367 1364 1406 πείσειαν
1391 1367 1468 1406 τὸν

120 1437 252 1490 ὄχλον
286 1434 354 1476 ἐπὶ
392 1441 443 1489 τῇ
476 1433 699 1489 Ῥωμαίων
739 1434 986 1476 ἀποστάσει.
1050 1435 1194 1488 <131>
1238 1435 1469 1484 κάκείνους

66 1522 100 1547 20
120 1503 199 1560 μὲν
233 1506 255 1548 ὁ
288 1507 576 1560 Κουαδρᾶτος
614 1505 787 1560 ἀνελεῖν
827 1504 1104 1559 προσέταξεν,
1143 1507 1246 1554 τοὺς
1288 1503 1335 1546 δὲ
1367 1505 1468 1560 περὶ

114 1574 322 1618 Ἀνανίαν
355 1578 431 1618 τὸν
465 1575 666 1631 ἀρχιερέα
697 1575 769 1617 καὶ
800 1577 877 1617 τὸν
911 1577 1156 1629 στρατηγὸν
1170 1574 1364 1617 ’Ἁνανον
1393 1577 1467 1629 δή-

121 1659 198 1696 σας
225 1649 286 1696 εἰς
299 1646 467 1702 Ῥώμην
493 1645 730 1701 ἀνέπεμψε,
755 1645 854 1699 περὶ
880 1654 968 1688 τῶν
992 1645 1311 1700 πεπραγμένων
1333 1648 1466 1699 λόγον

119 1717 361 1771 ὑφέξοντας
398 1718 608 1774 Κλαυδίῳ
647 1719 849 1772 Καίσαρι.
912 1717 1056 1770 <132>
1101 1717 1268 1758 κελεύει
1311 1714 1361 1758 δὲ
1395 1716 1467 1758 καὶ

118 1796 209 1838 τοῖς
240 1796 328 1830 τῶν
361 1786 607 1842 Σαμαρέων
638 1789 828 1842 πρώτοις
858 1786 929 1829 καὶ
962 1794 1052 1836 τοῖς
1073 1784 1317 1837 Ἰουδαίων,
1350 1789 1466 1829 Κου-

65 1874 98 1899 25
119 1866 241 1916 μανῷ
283 1874 327 1900 τε
372 1864 430 1915 τῷ
466 1858 682 1915 ἐπιτρόπῳ
727 1857 797 1900 καὶ
842 1859 997 1912 Κέλερι
1035 1857 1277 1914 (χιλίαρχος
1323 1856 1361 1897 δ’
1411 1855 1467 1910 ἧν

120 1927 288 1985 οὗτος),
333 1928 396 1970 ἐπ’
440 1927 623 1978 Ἰταλίας
664 1928 837 1970 ἀπιέναι
880 1930 988 1983 πρὸς
1028 1930 1104 1970 τὸν
1153 1927 1466 1981 αὐτοκράτορα,

118 1999 472 2055 κριθησομένους
505 1998 567 2041 ἐπ’
608 1999 744 2041 αὐτοῦ
776 1998 874 2054 περὶ
907 2007 994 2040 τῶν
1019 2000 1128 2054 πρὸς
1154 1998 1371 2052 ἀλλήλους
1399 2000 1466 2052 ζη-

118 2073 299 2124 τήσεων.
363 2071 506 2123 <133>
546 2070 676 2118 αὐτὸς
714 2067 761 2110 δὲ
801 2070 947 2118 δείσας
991 2070 1048 2123 μὴ
1086 2071 1134 2111 τὸ
1172 2073 1342 2122 πλῆθος
1381 2077 1465 2110 τῶν

115 2138 343 2183 Ἰουδαίων
375 2141 506 2182 πάλιν
539 2141 852 2194 νεωτερίσειεν,
884 2141 946 2189 είς
978 2141 1058 2194 τὴν
1100 2147 1186 2181 τῶν
1221 2138 1465 2192 Ἱεροσολυ-

42 2224 101 2249 -30
120 2219 256 2266 μιτῶν
288 2213 418 2253 πόλιν
450 2211 708 2264 ἀφικνεῖται.
753 2210 1073 2265 καταλαμβάνει
1107 2210 1146 2251 δ’
1177 2209 1313 2263 αὐτὴν
1347 2211 1464 2264 εἰρη-

119 2280 363 2336 νευομένην
412 2280 483 2322 καὶ
533 2281 718 2335 πάτριον
777 2279 932 2335 ἑορτὴν
982 2286 1041 2336 τῷ
1092 2285 1183 2336 θεῷ
1238 2283 1464 2322 τελοῦσαν.

189 2357 357 2382 Ioszmms.
388 2358 440 2382 lV.
1208 2352 1251 2382 19
