<?xml version="1.0" encoding="UTF-8"?>
<!DOCTYPE html PUBLIC "-//W3C//DTD XHTML 1.0 Transitional//EN"
    "http://www.w3.org/TR/xhtml1/DTD/xhtml1-transitional.dtd">
<html xmlns="http://www.w3.org/1999/xhtml" xml:lang="en" lang="en">
 <head>
  <title>
</title>
<meta http-equiv="Content-Type" content="text/html;charset=utf-8" />
  <meta name='ocr-system' content='tesseract 3.04.00' />
  <meta name='ocr-capabilities' content='ocr_page ocr_carea ocr_par ocr_line ocrx_word'/>
</head>
<body>
  <div class='ocr_page' id='page_1' title='image "./flaviiiosephiope04joseuoft_0327.png"; bbox 0 0 1732 2526; ppageno 0'>
   <div class='ocr_carea' id='block_1_1' title="bbox 709 69 1488 111">
    <p class='ocr_par' dir='ltr' id='par_1_1' title="bbox 709 69 1488 111">
     <span class='ocr_line' id='line_1_1' title="bbox 709 69 1488 111; baseline 0.012 -9"><span class='ocrx_word' id='word_1_1' title='bbox 709 71 925 103; x_wconf 77' lang='grc' dir='ltr'><em>ΕΙΚοΣΤΗ</em></span> <span class='ocrx_word' id='word_1_2' title='bbox 1402 69 1488 111; x_wconf 84' lang='grc'><em>275</em></span> 
     </span>
    </p>
   </div>
   <div class='ocr_carea' id='block_1_2' title="bbox 66 173 1487 2207">
    <p class='ocr_par' dir='ltr' id='par_1_2' title="bbox 66 173 1487 2207">
     <span class='ocr_line' id='line_1_2' title="bbox 135 173 1487 232; baseline 0.001 -14"><span class='ocrx_word' id='word_1_3' title='bbox 135 177 216 219; x_wconf 88' lang='grc' dir='ltr'><em>οὐκ</em></span> <span class='ocrx_word' id='word_1_4' title='bbox 257 176 526 231; x_wconf 79' lang='grc' dir='ltr'><em>ἐξεβεβλήκει</em></span> <span class='ocrx_word' id='word_1_5' title='bbox 567 175 863 232; x_wconf 85' lang='grc' dir='ltr'><em>παντάπασιν)</em></span> <span class='ocrx_word' id='word_1_6' title='bbox 900 173 1114 227; x_wconf 81' lang='grc' dir='ltr'><em>Ἰουδαῖός</em></span> <span class='ocrx_word' id='word_1_7' title='bbox 1153 194 1216 227; x_wconf 83' lang='grc' dir='ltr'><em>τις</em></span> <span class='ocrx_word' id='word_1_8' title='bbox 1254 176 1398 232; x_wconf 75' lang='grc' dir='ltr'><em>ἕτερος</em></span> <span class='ocrx_word' id='word_1_9' title='bbox 1440 177 1487 219; x_wconf 88' lang='grc' dir='ltr'><em>ἐκ</em></span> 
     </span>
     <span class='ocr_line' id='line_1_3' title="bbox 133 243 1485 301; baseline 0.001 -12"><span class='ocrx_word' id='word_1_10' title='bbox 133 253 208 301; x_wconf 84' lang='grc' dir='ltr'><em>τῆς</em></span> <span class='ocrx_word' id='word_1_11' title='bbox 253 249 487 296; x_wconf 88' lang='grc' dir='ltr'><em>Γαλιλαίας</em></span> <span class='ocrx_word' id='word_1_12' title='bbox 531 246 817 301; x_wconf 78' lang='grc' dir='ltr'><em>ἀφικόμενος,</em></span> <span class='ocrx_word' id='word_1_13' title='bbox 864 243 1115 301; x_wconf 82' lang='grc' dir='ltr'><em>Ἐλεάζαρος</em></span> <span class='ocrx_word' id='word_1_14' title='bbox 1160 250 1317 301; x_wconf 81' lang='grc' dir='ltr'><em>ὄνομα,</em></span> <span class='ocrx_word' id='word_1_15' title='bbox 1367 249 1485 290; x_wconf 89' lang='grc' dir='ltr'><em>πάνυ</em></span> 
     </span>
     <span class='ocr_line' id='line_1_4' title="bbox 131 315 1484 372; baseline 0.001 -13"><span class='ocrx_word' id='word_1_16' title='bbox 131 317 231 372; x_wconf 85' lang='grc' dir='ltr'><em>περὶ</em></span> <span class='ocrx_word' id='word_1_17' title='bbox 274 318 326 359; x_wconf 81' lang='grc' dir='ltr'><em>τὰ</em></span> <span class='ocrx_word' id='word_1_18' title='bbox 369 318 529 372; x_wconf 86' lang='grc' dir='ltr'><em>πάτρια</em></span> <span class='ocrx_word' id='word_1_19' title='bbox 574 318 718 359; x_wconf 87' lang='grc' dir='ltr'><em>δοκῶν</em></span> <span class='ocrx_word' id='word_1_20' title='bbox 769 317 950 371; x_wconf 80' lang='grc' dir='ltr'><em>ἀκριβὴς</em></span> <span class='ocrx_word' id='word_1_21' title='bbox 1000 315 1136 371; x_wconf 79' lang='grc' dir='ltr'><em>εἶναι,</em></span> <span class='ocrx_word' id='word_1_22' title='bbox 1186 318 1484 372; x_wconf 75' lang='grc' dir='ltr'><em>προετρέψατο</em></span> 
     </span>
     <span class='ocr_line' id='line_1_5' title="bbox 131 385 1486 443; baseline 0.001 -13"><span class='ocrx_word' id='word_1_23' title='bbox 131 388 291 443; x_wconf 78' lang='grc' dir='ltr'><em>πρᾶξαι</em></span> <span class='ocrx_word' id='word_1_24' title='bbox 323 385 524 443; x_wconf 84' lang='grc' dir='ltr'><em>τοῦργον.</em></span> <span class='ocrx_word' id='word_1_25' title='bbox 575 388 688 442; x_wconf 80' lang='grc'>&lt;44&gt;</span> <span class='ocrx_word' id='word_1_26' title='bbox 721 386 812 429; x_wconf 82' lang='grc' dir='ltr'><em>ἐπεὶ</em></span> <span class='ocrx_word' id='word_1_27' title='bbox 839 388 921 442; x_wconf 85' lang='grc' dir='ltr'><em>γὰρ</em></span> <span class='ocrx_word' id='word_1_28' title='bbox 949 389 1156 441; x_wconf 76' lang='grc' dir='ltr'><em>εἰσῆλθεν</em></span> <span class='ocrx_word' id='word_1_29' title='bbox 1183 388 1486 443; x_wconf 79' lang='grc' dir='ltr'><em>ἀσπασόμενος</em></span> 
     </span>
     <span class='ocr_line' id='line_1_6' title="bbox 94 457 1485 513; baseline 0.002 -15"><span class='ocrx_word' id='word_1_30' title='bbox 94 459 288 513; x_wconf 84' lang='grc' dir='ltr'><em>5αὐτόν,</em></span> <span class='ocrx_word' id='word_1_31' title='bbox 331 457 403 500; x_wconf 87' lang='grc' dir='ltr'><em>καὶ</em></span> <span class='ocrx_word' id='word_1_32' title='bbox 445 458 654 512; x_wconf 86' lang='grc' dir='ltr'><em>κατέλαβε</em></span> <span class='ocrx_word' id='word_1_33' title='bbox 693 460 770 500; x_wconf 92' lang='grc' dir='ltr'><em>τὸν</em></span> <span class='ocrx_word' id='word_1_34' title='bbox 802 458 1021 508; x_wconf 63' lang='grc' dir='ltr'><em>,Μωυσέος</em></span> <span class='ocrx_word' id='word_1_35' title='bbox 1059 460 1199 513; x_wconf 89' lang='grc' dir='ltr'><em>νόμον</em></span> <span class='ocrx_word' id='word_1_36' title='bbox 1240 459 1485 513; x_wconf 81' lang='grc' dir='ltr'><em>ἀναγιγνώ-</em></span> 
     </span>
     <span class='ocr_line' id='line_1_7' title="bbox 131 525 1485 583; baseline 0 -12"><span class='ocrx_word' id='word_1_37' title='bbox 131 540 307 582; x_wconf 88' lang='grc' dir='ltr'><em>σκοντα,</em></span> <span class='ocrx_word' id='word_1_38' title='bbox 334 528 604 578; x_wconf 52' lang='grc' dir='ltr'><em>(λανθάνειέ</em></span> <span class='ocrx_word' id='word_1_39' title='bbox 631 525 767 581; x_wconf 81' lang='grc' dir='ltr'><em>εἶπεν,</em></span> <span class='ocrx_word' id='word_1_40' title='bbox 798 525 847 570; x_wconf 64' lang='lat' dir='ltr'><em>‘AE</em></span> <span class='ocrx_word' id='word_1_41' title='bbox 875 531 1072 582; x_wconf 83' lang='grc' dir='ltr'><em>βασιλεῦ,</em></span> <span class='ocrx_word' id='word_1_42' title='bbox 1097 529 1149 569; x_wconf 85' lang='grc' dir='ltr'><em>τὰ</em></span> <span class='ocrx_word' id='word_1_43' title='bbox 1175 529 1356 583; x_wconf 86' lang='grc' dir='ltr'><em>μέγιστα</em></span> <span class='ocrx_word' id='word_1_44' title='bbox 1382 531 1485 578; x_wconf 87' lang='grc' dir='ltr'><em>τοὺς</em></span> 
     </span>
     <span class='ocr_line' id='line_1_8' title="bbox 129 597 1483 654; baseline 0 -13"><span class='ocrx_word' id='word_1_45' title='bbox 129 601 293 653; x_wconf 83' lang='grc' dir='ltr'><em>νόμους</em></span> <span class='ocrx_word' id='word_1_46' title='bbox 323 598 394 640; x_wconf 86' lang='grc' dir='ltr'><em>καὶ</em></span> <span class='ocrx_word' id='word_1_47' title='bbox 427 597 484 640; x_wconf 85' lang='grc' dir='ltr'><em>δι’</em></span> <span class='ocrx_word' id='word_1_48' title='bbox 521 598 669 640; x_wconf 85' lang='grc' dir='ltr'><em>αὐτῶν</em></span> <span class='ocrx_word' id='word_1_49' title='bbox 702 601 778 641; x_wconf 91' lang='grc' dir='ltr'><em>τὸν</em></span> <span class='ocrx_word' id='word_1_50' title='bbox 810 601 921 641; x_wconf 88' lang='grc' dir='ltr'><em>θεὸν</em></span> <span class='ocrx_word' id='word_1_51' title='bbox 953 599 1136 641; x_wconf 83' lang='grc' dir='ltr'><em>ἀδικῶν·</em></span> <span class='ocrx_word' id='word_1_52' title='bbox 1177 599 1230 642; x_wconf 87' lang='grc' dir='ltr'><em>οὐ</em></span> <span class='ocrx_word' id='word_1_53' title='bbox 1262 601 1345 654; x_wconf 82' lang='grc' dir='ltr'><em>γὰρ</em></span> <span class='ocrx_word' id='word_1_54' title='bbox 1379 599 1483 641; x_wconf 79' lang='grc' dir='ltr'><em>ἀνα-</em></span> 
     </span>
     <span class='ocr_line' id='line_1_9' title="bbox 128 669 1483 725; baseline 0.001 -14"><span class='ocrx_word' id='word_1_55' title='bbox 128 671 390 724; x_wconf 76' lang='grc' dir='ltr'><em>γιγνώσκειν</em></span> <span class='ocrx_word' id='word_1_56' title='bbox 435 682 482 712; x_wconf 93' lang='grc' dir='ltr'><em>σε</em></span> <span class='ocrx_word' id='word_1_57' title='bbox 528 671 599 712; x_wconf 74' lang='grc' dir='ltr'><em>δεῖ</em></span> <span class='ocrx_word' id='word_1_58' title='bbox 638 672 777 725; x_wconf 91' lang='grc' dir='ltr'><em>μόνον</em></span> <span class='ocrx_word' id='word_1_59' title='bbox 821 671 1001 723; x_wconf 85' lang='grc' dir='ltr'><em>αὐτούς,</em></span> <span class='ocrx_word' id='word_1_60' title='bbox 1052 669 1162 712; x_wconf 80' lang='grc' dir='ltr'><em>ἀλλὰ</em></span> <span class='ocrx_word' id='word_1_61' title='bbox 1213 670 1285 711; x_wconf 81' lang='grc' dir='ltr'><em>καὶ</em></span> <span class='ocrx_word' id='word_1_62' title='bbox 1330 673 1483 724; x_wconf 85' lang='grc' dir='ltr'><em>πρότε-</em></span> 
     </span>
     <span class='ocr_line' id='line_1_10' title="bbox 127 736 1482 796; baseline 0.001 -14"><span class='ocrx_word' id='word_1_63' title='bbox 127 757 208 796; x_wconf 89' lang='grc' dir='ltr'><em>ρον</em></span> <span class='ocrx_word' id='word_1_64' title='bbox 240 741 292 782; x_wconf 79' lang='grc' dir='ltr'><em>τὰ</em></span> <span class='ocrx_word' id='word_1_65' title='bbox 322 743 678 795; x_wconf 82' lang='grc' dir='ltr'><em>προσταττόμενα</em></span> <span class='ocrx_word' id='word_1_66' title='bbox 709 749 854 782; x_wconf 79' lang='grc' dir='ltr'><em>ποιεῖν</em></span> <span class='ocrx_word' id='word_1_67' title='bbox 889 736 958 783; x_wconf 84' lang='grc' dir='ltr'><em>ὑπ’</em></span> <span class='ocrx_word' id='word_1_68' title='bbox 997 740 1154 782; x_wconf 81' lang='grc' dir='ltr'><em>αὐτῶν.</em></span> <span class='ocrx_word' id='word_1_69' title='bbox 1206 740 1331 796; x_wconf 85' lang='grc' dir='ltr'><em>μέχρι</em></span> <span class='ocrx_word' id='word_1_70' title='bbox 1364 744 1482 791; x_wconf 86' lang='grc' dir='ltr'><em>τίνος</em></span> 
     </span>
     <span class='ocr_line' id='line_1_11' title="bbox 72 809 1482 866; baseline 0.001 -15"><span class='ocrx_word' id='word_1_71' title='bbox 72 826 106 851; x_wconf 87' lang='lat'><em>10</em></span> <span class='ocrx_word' id='word_1_72' title='bbox 125 810 413 866; x_wconf 80' lang='grc' dir='ltr'><em>ἀπερίτμητος</em></span> <span class='ocrx_word' id='word_1_73' title='bbox 444 819 606 866; x_wconf 82' lang='grc' dir='ltr'><em>μενεΐς;</em></span> <span class='ocrx_word' id='word_1_74' title='bbox 640 811 756 865; x_wconf 78' lang='grc'>&lt;45&gt;</span> <span class='ocrx_word' id='word_1_75' title='bbox 789 809 884 852; x_wconf 82' lang='grc' dir='ltr'><em>ἀλλ’</em></span> <span class='ocrx_word' id='word_1_76' title='bbox 917 813 957 852; x_wconf 84' lang='grc' dir='ltr'><em>εί</em></span> <span class='ocrx_word' id='word_1_77' title='bbox 986 812 1113 865; x_wconf 86' lang='grc' dir='ltr'><em>μήπω</em></span> <span class='ocrx_word' id='word_1_78' title='bbox 1145 812 1225 853; x_wconf 89' lang='grc' dir='ltr'><em>τὸν</em></span> <span class='ocrx_word' id='word_1_79' title='bbox 1256 810 1356 865; x_wconf 83' lang='grc' dir='ltr'><em>περὶ</em></span> <span class='ocrx_word' id='word_1_80' title='bbox 1382 814 1482 854; x_wconf 85' lang='grc' dir='ltr'><em>τού-</em></span> 
     </span>
     <span class='ocr_line' id='line_1_12' title="bbox 125 881 1480 937; baseline 0 -13"><span class='ocrx_word' id='word_1_81' title='bbox 125 897 204 924; x_wconf 89' lang='grc' dir='ltr'><em>του</em></span> <span class='ocrx_word' id='word_1_82' title='bbox 242 884 382 937; x_wconf 90' lang='grc' dir='ltr'><em>νόμον</em></span> <span class='ocrx_word' id='word_1_83' title='bbox 420 881 636 936; x_wconf 81' lang='grc' dir='ltr'><em>ἀνέγνως,</em></span> <span class='ocrx_word' id='word_1_84' title='bbox 679 881 736 923; x_wconf 81' lang='grc' dir='ltr'><em>ἵν’</em></span> <span class='ocrx_word' id='word_1_85' title='bbox 781 883 902 937; x_wconf 77' lang='grc' dir='ltr'><em>εἰδῇς</em></span> <span class='ocrx_word' id='word_1_86' title='bbox 938 885 1003 931; x_wconf 89' lang='grc' dir='ltr'><em>τίς</em></span> <span class='ocrx_word' id='word_1_87' title='bbox 1028 881 1160 924; x_wconf 79' lang='grc' dir='ltr'><em>ἐστιν</em></span> <span class='ocrx_word' id='word_1_88' title='bbox 1200 882 1224 936; x_wconf 84' lang='grc' dir='ltr'>ἡ</span> <span class='ocrx_word' id='word_1_89' title='bbox 1264 883 1480 937; x_wconf 87' lang='grc' dir='ltr'><em>εὐσέβεια,</em></span> 
     </span>
     <span class='ocr_line' id='line_1_13' title="bbox 124 949 1479 1009; baseline 0.001 -16"><span class='ocrx_word' id='word_1_90' title='bbox 124 959 210 994; x_wconf 88' lang='grc' dir='ltr'><em>νῦν</em></span> <span class='ocrx_word' id='word_1_91' title='bbox 241 952 499 1006; x_wconf 82' lang='grc' dir='ltr'><em>ἀνάγνωθι.’</em></span> <span class='ocrx_word' id='word_1_92' title='bbox 564 953 679 1007; x_wconf 86' lang='grc'>&lt;46&gt;</span> <span class='ocrx_word' id='word_1_93' title='bbox 716 949 840 994; x_wconf 81' lang='grc' dir='ltr'><em>ταῦτ’</em></span> <span class='ocrx_word' id='word_1_94' title='bbox 876 953 1066 1002; x_wconf 81' lang='grc' dir='ltr'><em>ἀκούσας</em></span> <span class='ocrx_word' id='word_1_95' title='bbox 1105 953 1127 995; x_wconf 91' lang='grc' dir='ltr'>ὁ</span> <span class='ocrx_word' id='word_1_96' title='bbox 1159 955 1366 1006; x_wconf 88' lang='grc' dir='ltr'><em>βασιλεὺς</em></span> <span class='ocrx_word' id='word_1_97' title='bbox 1398 954 1479 1009; x_wconf 84' lang='grc' dir='ltr'><em>οὐχ</em></span> 
     </span>
     <span class='ocr_line' id='line_1_14' title="bbox 123 1021 1479 1078; baseline 0 -13"><span class='ocrx_word' id='word_1_98' title='bbox 123 1023 415 1078; x_wconf 80' lang='grc' dir='ltr'><em>ὑπερεβάλετο</em></span> <span class='ocrx_word' id='word_1_99' title='bbox 443 1025 522 1078; x_wconf 88' lang='grc' dir='ltr'><em>τὴν</em></span> <span class='ocrx_word' id='word_1_100' title='bbox 549 1023 722 1077; x_wconf 80' lang='grc' dir='ltr'><em>πρᾶξιν,</em></span> <span class='ocrx_word' id='word_1_101' title='bbox 748 1024 959 1077; x_wconf 83' lang='grc' dir='ltr'><em>μεταστὰς</em></span> <span class='ocrx_word' id='word_1_102' title='bbox 985 1021 1028 1064; x_wconf 85' lang='grc' dir='ltr'><em>δ’</em></span> <span class='ocrx_word' id='word_1_103' title='bbox 1053 1024 1116 1072; x_wconf 82' lang='grc' dir='ltr'><em>εἰς</em></span> <span class='ocrx_word' id='word_1_104' title='bbox 1142 1022 1292 1077; x_wconf 76' lang='grc' dir='ltr'><em>ἕτερον</em></span> <span class='ocrx_word' id='word_1_105' title='bbox 1320 1028 1479 1078; x_wconf 78' lang='grc' dir='ltr'><em>οἴκημα</em></span> 
     </span>
     <span class='ocr_line' id='line_1_15' title="bbox 123 1091 1478 1149; baseline 0.001 -14"><span class='ocrx_word' id='word_1_106' title='bbox 123 1092 195 1135; x_wconf 88' lang='grc' dir='ltr'><em>καὶ</em></span> <span class='ocrx_word' id='word_1_107' title='bbox 215 1095 293 1136; x_wconf 88' lang='grc' dir='ltr'><em>τὸν</em></span> <span class='ocrx_word' id='word_1_108' title='bbox 320 1095 471 1149; x_wconf 83' lang='grc' dir='ltr'><em>ἰατρὸν</em></span> <span class='ocrx_word' id='word_1_109' title='bbox 497 1095 860 1148; x_wconf 82' lang='grc' dir='ltr'><em>εἰσκαλεσάμενος</em></span> <span class='ocrx_word' id='word_1_110' title='bbox 886 1095 933 1135; x_wconf 89' lang='grc' dir='ltr'><em>τὸ</em></span> <span class='ocrx_word' id='word_1_111' title='bbox 964 1091 1245 1148; x_wconf 74' lang='grc' dir='ltr'><em>προσταχθὲν</em></span> <span class='ocrx_word' id='word_1_112' title='bbox 1273 1094 1478 1148; x_wconf 74' lang='grc' dir='ltr'><em>ἐπετέλει,</em></span> 
     </span>
     <span class='ocr_line' id='line_1_16' title="bbox 71 1162 1477 1219; baseline 0 -13"><span class='ocrx_word' id='word_1_113' title='bbox 71 1177 102 1202; x_wconf 85' lang='grc'><em>15</em></span> <span class='ocrx_word' id='word_1_114' title='bbox 122 1163 195 1206; x_wconf 87' lang='grc' dir='ltr'><em>καὶ</em></span> <span class='ocrx_word' id='word_1_115' title='bbox 226 1164 615 1219; x_wconf 81' lang='grc' dir='ltr'><em>μεταπεμψάμενος</em></span> <span class='ocrx_word' id='word_1_116' title='bbox 640 1166 719 1218; x_wconf 90' lang='grc' dir='ltr'><em>τήν</em></span> <span class='ocrx_word' id='word_1_117' title='bbox 747 1180 789 1206; x_wconf 91' lang='grc' dir='ltr'><em>τε</em></span> <span class='ocrx_word' id='word_1_118' title='bbox 816 1163 979 1218; x_wconf 88' lang='grc' dir='ltr'><em>μητέρα</em></span> <span class='ocrx_word' id='word_1_119' title='bbox 1005 1162 1077 1205; x_wconf 84' lang='grc' dir='ltr'><em>καὶ</em></span> <span class='ocrx_word' id='word_1_120' title='bbox 1104 1166 1181 1206; x_wconf 92' lang='grc' dir='ltr'><em>τὸν</em></span> <span class='ocrx_word' id='word_1_121' title='bbox 1208 1165 1477 1207; x_wconf 84' lang='grc' dir='ltr'><em>διδάσκαλον</em></span> 
     </span>
     <span class='ocr_line' id='line_1_17' title="bbox 117 1231 1477 1294; baseline 0 -18"><span class='ocrx_word' id='word_1_122' title='bbox 117 1233 323 1278; x_wconf 84' lang='grc' dir='ltr'><em>Ἀνανίαν</em></span> <span class='ocrx_word' id='word_1_123' title='bbox 356 1234 574 1289; x_wconf 84' lang='grc' dir='ltr'><em>ἐσήμηνεν</em></span> <span class='ocrx_word' id='word_1_124' title='bbox 611 1235 741 1284; x_wconf 86' lang='grc' dir='ltr'><em>αὐτὸς</em></span> <span class='ocrx_word' id='word_1_125' title='bbox 777 1234 1044 1294; x_wconf 81' lang='grc' dir='ltr'><em>πεπραχέναι</em></span> <span class='ocrx_word' id='word_1_126' title='bbox 1083 1231 1284 1288; x_wconf 83' lang='grc' dir='ltr'><em>τοῦργον.</em></span> <span class='ocrx_word' id='word_1_127' title='bbox 1351 1235 1477 1289; x_wconf 83' lang='lat'>&lt;47&gt;</span> 
     </span>
     <span class='ocr_line' id='line_1_18' title="bbox 122 1303 1476 1361; baseline 0 -13"><span class='ocrx_word' id='word_1_128' title='bbox 122 1308 223 1355; x_wconf 88' lang='grc' dir='ltr'><em>τοὺς</em></span> <span class='ocrx_word' id='word_1_129' title='bbox 244 1304 293 1354; x_wconf 54' lang='grc' dir='ltr'><em>,δ’</em></span> <span class='ocrx_word' id='word_1_130' title='bbox 326 1306 527 1360; x_wconf 79' lang='grc' dir='ltr'><em>ἔκπληξις</em></span> <span class='ocrx_word' id='word_1_131' title='bbox 559 1306 696 1355; x_wconf 86' lang='grc' dir='ltr'><em>εὐθὺς</em></span> <span class='ocrx_word' id='word_1_132' title='bbox 729 1308 854 1359; x_wconf 85' lang='grc' dir='ltr'><em>ε”λαβε</em></span> <span class='ocrx_word' id='word_1_133' title='bbox 888 1304 960 1347; x_wconf 86' lang='grc' dir='ltr'><em>καὶ</em></span> <span class='ocrx_word' id='word_1_134' title='bbox 992 1307 1130 1359; x_wconf 83' lang='grc' dir='ltr'><em>φόβος</em></span> <span class='ocrx_word' id='word_1_135' title='bbox 1162 1306 1257 1347; x_wconf 84' lang='grc' dir='ltr'><em>οὔτι</em></span> <span class='ocrx_word' id='word_1_136' title='bbox 1289 1303 1476 1361; x_wconf 77' lang='grc' dir='ltr'><em>μέτριος,</em></span> 
     </span>
     <span class='ocr_line' id='line_1_19' title="bbox 121 1376 1474 1431; baseline 0 -13"><span class='ocrx_word' id='word_1_137' title='bbox 121 1378 179 1431; x_wconf 83' lang='grc' dir='ltr'><em>μὴ</em></span> <span class='ocrx_word' id='word_1_138' title='bbox 253 1377 536 1431; x_wconf 81' lang='grc' dir='ltr'><em>τῆςπράξεως</em></span> <span class='ocrx_word' id='word_1_139' title='bbox 580 1378 642 1426; x_wconf 88' lang='grc' dir='ltr'><em>είς</em></span> <span class='ocrx_word' id='word_1_140' title='bbox 689 1379 868 1431; x_wconf 77' lang='grc' dir='ltr'><em>ἔλεγχον</em></span> <span class='ocrx_word' id='word_1_141' title='bbox 914 1376 1132 1430; x_wconf 81' lang='grc' dir='ltr'><em>ἐλθούσης</em></span> <span class='ocrx_word' id='word_1_142' title='bbox 1173 1377 1474 1419; x_wconf 81' lang='grc' dir='ltr'><em>κινδυνεύσειε</em></span> 
     </span>
     <span class='ocr_line' id='line_1_20' title="bbox 123 1444 1476 1502; baseline -0.001 -13"><span class='ocrx_word' id='word_1_143' title='bbox 123 1444 233 1501; x_wconf 73' lang='grc' dir='ltr'><em>μὲνὸ</em></span> <span class='ocrx_word' id='word_1_144' title='bbox 270 1449 476 1502; x_wconf 82' lang='grc' dir='ltr'><em>βασιλεὺς</em></span> <span class='ocrx_word' id='word_1_145' title='bbox 512 1448 592 1502; x_wconf 85' lang='grc' dir='ltr'><em>τὴν</em></span> <span class='ocrx_word' id='word_1_146' title='bbox 632 1446 776 1502; x_wconf 46' lang='grc' dir='ltr'><em>ἀρχὴνν</em></span> <span class='ocrx_word' id='word_1_147' title='bbox 804 1447 1066 1501; x_wconf 77' lang='grc' dir='ltr'><em>ἀποβαλεῖν,</em></span> <span class='ocrx_word' id='word_1_148' title='bbox 1105 1446 1186 1488; x_wconf 70' lang='grc' dir='ltr'><em>οὐκ</em></span> <span class='ocrx_word' id='word_1_149' title='bbox 1231 1446 1476 1502; x_wconf 84' lang='grc' dir='ltr'><em>ἀνασχομέ-</em></span> 
     </span>
     <span class='ocr_line' id='line_1_21' title="bbox 71 1517 1468 1573; baseline 0.001 -17"><span class='ocrx_word' id='word_1_150' title='bbox 71 1530 105 1556; x_wconf 84' lang='lat'><em>20</em></span> <span class='ocrx_word' id='word_1_151' title='bbox 123 1533 216 1559; x_wconf 86' lang='grc' dir='ltr'><em>νων</em></span> <span class='ocrx_word' id='word_1_152' title='bbox 289 1525 377 1560; x_wconf 87' lang='grc' dir='ltr'><em>τῶν</em></span> <span class='ocrx_word' id='word_1_153' title='bbox 421 1518 630 1572; x_wconf 86' lang='grc' dir='ltr'><em>ὑπηκόων</em></span> <span class='ocrx_word' id='word_1_154' title='bbox 680 1519 831 1573; x_wconf 77' lang='grc' dir='ltr'><em>ἄρχειν</em></span> <span class='ocrx_word' id='word_1_155' title='bbox 882 1518 1027 1559; x_wconf 87' lang='grc' dir='ltr'><em>αὐτῶν</em></span> <span class='ocrx_word' id='word_1_156' title='bbox 1078 1519 1221 1572; x_wconf 77' lang='grc' dir='ltr'><em>ἄνδρα</em></span> <span class='ocrx_word' id='word_1_157' title='bbox 1252 1525 1340 1559; x_wconf 86' lang='grc' dir='ltr'><em>τῶν</em></span> <span class='ocrx_word' id='word_1_158' title='bbox 1372 1517 1468 1572; x_wconf 88' lang='grc' dir='ltr'><em>παρ’</em></span> 
     </span>
     <span class='ocr_line' id='line_1_22' title="bbox 121 1586 1474 1643; baseline 0 -13"><span class='ocrx_word' id='word_1_159' title='bbox 121 1587 283 1643; x_wconf 81' lang='grc' dir='ltr'><em>ἑτέροις</em></span> <span class='ocrx_word' id='word_1_160' title='bbox 316 1590 509 1643; x_wconf 82' lang='grc' dir='ltr'><em>ζηλωτὴν</em></span> <span class='ocrx_word' id='word_1_161' title='bbox 544 1588 676 1641; x_wconf 83' lang='grc' dir='ltr'><em>ἐθῶν,</em></span> <span class='ocrx_word' id='word_1_162' title='bbox 708 1590 1044 1630; x_wconf 86' lang='grc' dir='ltr'><em>κινδυνεύσειαν</em></span> <span class='ocrx_word' id='word_1_163' title='bbox 1073 1586 1120 1630; x_wconf 72' lang='grc' dir='ltr'><em>δὲ</em></span> <span class='ocrx_word' id='word_1_164' title='bbox 1147 1589 1218 1630; x_wconf 81' lang='grc' dir='ltr'><em>καὶ</em></span> <span class='ocrx_word' id='word_1_165' title='bbox 1246 1587 1371 1630; x_wconf 85' lang='grc' dir='ltr'><em>αὐτοὶ</em></span> <span class='ocrx_word' id='word_1_166' title='bbox 1398 1594 1474 1642; x_wconf 86' lang='grc' dir='ltr'><em>τῆς</em></span> 
     </span>
     <span class='ocr_line' id='line_1_23' title="bbox 120 1657 1473 1714; baseline 0.001 -14"><span class='ocrx_word' id='word_1_167' title='bbox 120 1660 261 1708; x_wconf 88' lang='grc' dir='ltr'><em>αίτιάς</em></span> <span class='ocrx_word' id='word_1_168' title='bbox 305 1657 369 1700; x_wconf 88' lang='grc' dir='ltr'><em>ἐπ’</em></span> <span class='ocrx_word' id='word_1_169' title='bbox 417 1659 566 1708; x_wconf 79' lang='grc' dir='ltr'><em>αὐτοῖς</em></span> <span class='ocrx_word' id='word_1_170' title='bbox 605 1666 683 1700; x_wconf 92' lang='grc' dir='ltr'><em>τοῦ</em></span> <span class='ocrx_word' id='word_1_171' title='bbox 724 1659 1000 1714; x_wconf 83' lang='grc' dir='ltr'><em>πραχθέντος</em></span> <span class='ocrx_word' id='word_1_172' title='bbox 1040 1659 1310 1714; x_wconf 86' lang='grc' dir='ltr'><em>ἐνεχθείσης,</em></span> <span class='ocrx_word' id='word_1_173' title='bbox 1358 1660 1473 1713; x_wconf 79' lang='grc'>&lt;48&gt;</span> 
     </span>
     <span class='ocr_line' id='line_1_24' title="bbox 119 1726 1473 1784; baseline 0 -13"><span class='ocrx_word' id='word_1_174' title='bbox 119 1731 224 1779; x_wconf 87' lang='grc' dir='ltr'><em>θεὸς</em></span> <span class='ocrx_word' id='word_1_175' title='bbox 257 1727 296 1771; x_wconf 89' lang='grc' dir='ltr'><em>δ’</em></span> <span class='ocrx_word' id='word_1_176' title='bbox 332 1726 388 1783; x_wconf 81' lang='grc' dir='ltr'><em>ἧν</em></span> <span class='ocrx_word' id='word_1_177' title='bbox 426 1731 449 1773; x_wconf 87' lang='grc' dir='ltr'>ὁ</span> <span class='ocrx_word' id='word_1_178' title='bbox 487 1731 699 1771; x_wconf 85' lang='grc' dir='ltr'><em>κωλύσων</em></span> <span class='ocrx_word' id='word_1_179' title='bbox 738 1731 822 1783; x_wconf 80' lang='grc' dir='ltr'><em>ἄρα</em></span> <span class='ocrx_word' id='word_1_180' title='bbox 854 1732 956 1778; x_wconf 83' lang='grc' dir='ltr'><em>τοὺς</em></span> <span class='ocrx_word' id='word_1_181' title='bbox 993 1729 1174 1771; x_wconf 85' lang='grc' dir='ltr'><em>ἐκείνων</em></span> <span class='ocrx_word' id='word_1_182' title='bbox 1205 1733 1373 1784; x_wconf 85' lang='grc' dir='ltr'><em>φόβους</em></span> <span class='ocrx_word' id='word_1_183' title='bbox 1406 1729 1473 1771; x_wconf 89' lang='grc' dir='ltr'><em>ἐλ-</em></span> 
     </span>
     <span class='ocr_line' id='line_1_25' title="bbox 118 1798 1472 1855; baseline 0 -14"><span class='ocrx_word' id='word_1_184' title='bbox 118 1804 220 1842; x_wconf 79' lang='grc' dir='ltr'><em>θεῖν</em></span> <span class='ocrx_word' id='word_1_185' title='bbox 254 1798 322 1842; x_wconf 85' lang='grc' dir='ltr'><em>ἐπὶ</em></span> <span class='ocrx_word' id='word_1_186' title='bbox 354 1802 402 1842; x_wconf 91' lang='grc' dir='ltr'><em>τὸ</em></span> <span class='ocrx_word' id='word_1_187' title='bbox 435 1800 573 1850; x_wconf 88' lang='grc' dir='ltr'><em>τέλος·</em></span> <span class='ocrx_word' id='word_1_188' title='bbox 618 1803 803 1849; x_wconf 84' lang='grc' dir='ltr'><em>πολλοῖς·</em></span> <span class='ocrx_word' id='word_1_189' title='bbox 835 1801 918 1855; x_wconf 81' lang='grc' dir='ltr'><em>γὰρ</em></span> <span class='ocrx_word' id='word_1_190' title='bbox 951 1801 1088 1842; x_wconf 87' lang='grc' dir='ltr'><em>αὐτόν</em></span> <span class='ocrx_word' id='word_1_191' title='bbox 1126 1816 1170 1842; x_wconf 90' lang='grc' dir='ltr'><em>τε</em></span> <span class='ocrx_word' id='word_1_192' title='bbox 1202 1801 1279 1842; x_wconf 92' lang='grc' dir='ltr'><em>τὸν</em></span> <span class='ocrx_word' id='word_1_193' title='bbox 1307 1799 1472 1855; x_wconf 79' lang='grc' dir='ltr'><em>Ἰζάτην</em></span> 
     </span>
     <span class='ocr_line' id='line_1_26' title="bbox 66 1869 1470 1925; baseline -0.001 -13"><span class='ocrx_word' id='word_1_194' title='bbox 66 1882 98 1908; x_wconf 84' lang='lat'><em>25</em></span> <span class='ocrx_word' id='word_1_195' title='bbox 117 1873 408 1925; x_wconf 86' lang='grc' dir='ltr'><em>περιπεσόντα</em></span> <span class='ocrx_word' id='word_1_196' title='bbox 449 1871 674 1920; x_wconf 86' lang='grc' dir='ltr'><em>κινδύνοις</em></span> <span class='ocrx_word' id='word_1_197' title='bbox 713 1869 785 1911; x_wconf 85' lang='grc' dir='ltr'><em>καὶ</em></span> <span class='ocrx_word' id='word_1_198' title='bbox 825 1872 985 1919; x_wconf 83' lang='grc' dir='ltr'><em>παῖδας</em></span> <span class='ocrx_word' id='word_1_199' title='bbox 1025 1872 1129 1920; x_wconf 87' lang='grc' dir='ltr'><em>τοὺς</em></span> <span class='ocrx_word' id='word_1_200' title='bbox 1170 1870 1341 1912; x_wconf 83' lang='grc' dir='ltr'><em>ἐκείνου</em></span> <span class='ocrx_word' id='word_1_201' title='bbox 1384 1870 1470 1912; x_wconf 86' lang='grc' dir='ltr'><em>διέ-</em></span> 
     </span>
     <span class='ocr_line' id='line_1_27' title="bbox 119 1941 1469 1996; baseline -0.002 -12"><span class='ocrx_word' id='word_1_202' title='bbox 119 1953 281 1995; x_wconf 87' lang='grc' dir='ltr'><em>σωσεν,</em></span> <span class='ocrx_word' id='word_1_203' title='bbox 327 1941 368 1991; x_wconf 81' lang='grc' dir='ltr'><em>ἐξ</em></span> <span class='ocrx_word' id='word_1_204' title='bbox 409 1941 646 1996; x_wconf 74' lang='grc' dir='ltr'><em>ἀμηχάνων</em></span> <span class='ocrx_word' id='word_1_205' title='bbox 683 1943 823 1995; x_wconf 87' lang='grc' dir='ltr'><em>πόρον</em></span> <span class='ocrx_word' id='word_1_206' title='bbox 861 1943 922 1990; x_wconf 83' lang='grc' dir='ltr'><em>εἰς</em></span> <span class='ocrx_word' id='word_1_207' title='bbox 960 1943 1179 1995; x_wconf 84' lang='grc' dir='ltr'><em>σωτηρίαν</em></span> <span class='ocrx_word' id='word_1_208' title='bbox 1216 1942 1469 1995; x_wconf 84' lang='grc' dir='ltr'><em>παρασχών,</em></span> 
     </span>
     <span class='ocr_line' id='line_1_28' title="bbox 119 2010 1468 2068; baseline 0 -15"><span class='ocrx_word' id='word_1_209' title='bbox 119 2011 366 2061; x_wconf 83' lang='grc' dir='ltr'><em>ἐπιδεικνὺς</em></span> <span class='ocrx_word' id='word_1_210' title='bbox 405 2012 470 2053; x_wconf 84' lang='grc' dir='ltr'><em>ὅτι</em></span> <span class='ocrx_word' id='word_1_211' title='bbox 508 2019 598 2061; x_wconf 84' lang='grc' dir='ltr'><em>τοῖς</em></span> <span class='ocrx_word' id='word_1_212' title='bbox 635 2013 697 2061; x_wconf 85' lang='grc' dir='ltr'><em>εἰς</em></span> <span class='ocrx_word' id='word_1_213' title='bbox 734 2011 869 2053; x_wconf 85' lang='grc' dir='ltr'><em>αὐτὸν</em></span> <span class='ocrx_word' id='word_1_214' title='bbox 907 2011 1204 2065; x_wconf 80' lang='grc' dir='ltr'><em>ἀποβλέπουσι</em></span> <span class='ocrx_word' id='word_1_215' title='bbox 1242 2010 1314 2053; x_wconf 86' lang='grc' dir='ltr'><em>καὶ</em></span> <span class='ocrx_word' id='word_1_216' title='bbox 1347 2014 1468 2068; x_wconf 83' lang='grc' dir='ltr'><em>μόνῳ</em></span> 
     </span>
     <span class='ocr_line' id='line_1_29' title="bbox 117 2081 1468 2136; baseline -0.001 -12"><span class='ocrx_word' id='word_1_217' title='bbox 117 2084 453 2124; x_wconf 87' lang='grc' dir='ltr'><em>πεπιστευκόσιν</em></span> <span class='ocrx_word' id='word_1_218' title='bbox 495 2082 517 2124; x_wconf 89' lang='grc' dir='ltr'>ὁ</span> <span class='ocrx_word' id='word_1_219' title='bbox 562 2084 725 2136; x_wconf 86' lang='grc' dir='ltr'><em>καρπὸς</em></span> <span class='ocrx_word' id='word_1_220' title='bbox 766 2083 846 2123; x_wconf 85' lang='grc' dir='ltr'><em>οὐκ</em></span> <span class='ocrx_word' id='word_1_221' title='bbox 887 2081 1126 2123; x_wconf 84' lang='grc' dir='ltr'><em>ἀπόλλυται</em></span> <span class='ocrx_word' id='word_1_222' title='bbox 1144 2082 1191 2123; x_wconf 67' lang='grc' dir='ltr'><em>’ὁ</em></span> <span class='ocrx_word' id='word_1_223' title='bbox 1232 2088 1306 2136; x_wconf 85' lang='grc' dir='ltr'><em>τῆς</em></span> <span class='ocrx_word' id='word_1_224' title='bbox 1346 2082 1468 2123; x_wconf 89' lang='grc' dir='ltr'><em>εὐσε-</em></span> 
     </span>
     <span class='ocr_line' id='line_1_30' title="bbox 117 2155 248 2207; baseline 0 -13"><span class='ocrx_word' id='word_1_225' title='bbox 117 2155 248 2207; x_wconf 90' lang='grc' dir='ltr'><em>βείας.</em></span> 
     </span>
    </p>
   </div>
   <div class='ocr_carea' id='block_1_3' title="bbox 62 2220 1512 2278">
    <p class='ocr_par' dir='ltr' id='par_1_3' title="bbox 62 2220 1512 2278">
     <span class='ocr_line' id='line_1_31' title="bbox 62 2220 1512 2278; baseline -0.001 -13"><span class='ocrx_word' id='word_1_226' title='bbox 62 2235 97 2260; x_wconf 84' lang='lat'><em>30</em></span> <span class='ocrx_word' id='word_1_227' title='bbox 205 2223 321 2278; x_wconf 82' lang='lat'>&lt;49&gt;</span> <span class='ocrx_word' id='word_1_228' title='bbox 348 2222 456 2265; x_wconf 82' lang='grc' dir='ltr'><em>ἀλλὰ</em></span> <span class='ocrx_word' id='word_1_229' title='bbox 483 2230 616 2265; x_wconf 89' lang='grc' dir='ltr'><em>ταῦτα</em></span> <span class='ocrx_word' id='word_1_230' title='bbox 636 2220 716 2277; x_wconf 77' lang='grc' dir='ltr'><em>μὲν</em></span> <span class='ocrx_word' id='word_1_231' title='bbox 734 2223 922 2276; x_wconf 79' lang='grc' dir='ltr'><em>ὕστερον</em></span> <span class='ocrx_word' id='word_1_232' title='bbox 943 2221 1292 2277; x_wconf 77' lang='grc' dir='ltr'><em>ἀπαγγελοῦμεν,</em></span> <span class='ocrx_word' id='word_1_233' title='bbox 1311 2220 1465 2275; x_wconf 87' lang='grc' dir='ltr'><em>Ἑλένη</em></span> <span class='ocrx_word' id='word_1_234' title='bbox 1492 2232 1512 2263; x_wconf 86' lang='grc'>6</span> 
     </span>
    </p>
   </div>
   <div class='ocr_carea' id='block_1_4' title="bbox 117 2292 1465 2394">
    <p class='ocr_par' dir='ltr' id='par_1_4' title="bbox 117 2292 1465 2394">
     <span class='ocr_line' id='line_1_32' title="bbox 117 2292 1465 2349; baseline -0.001 -14"><span class='ocrx_word' id='word_1_235' title='bbox 117 2292 157 2335; x_wconf 83' lang='grc' dir='ltr'><em>δ’</em></span> <span class='ocrx_word' id='word_1_236' title='bbox 204 2294 231 2348; x_wconf 83' lang='grc' dir='ltr'>ἡ</span> <span class='ocrx_word' id='word_1_237' title='bbox 273 2300 351 2337; x_wconf 91' lang='grc' dir='ltr'><em>τοῦ</em></span> <span class='ocrx_word' id='word_1_238' title='bbox 389 2294 602 2349; x_wconf 85' lang='grc' dir='ltr'><em>βασιλέως</em></span> <span class='ocrx_word' id='word_1_239' title='bbox 639 2295 800 2348; x_wconf 82' lang='grc' dir='ltr'><em>μήτηρ,</em></span> <span class='ocrx_word' id='word_1_240' title='bbox 845 2294 991 2348; x_wconf 86' lang='grc' dir='ltr'><em>ὁρῶσα</em></span> <span class='ocrx_word' id='word_1_241' title='bbox 1032 2294 1083 2334; x_wconf 86' lang='grc' dir='ltr'><em>τὰ</em></span> <span class='ocrx_word' id='word_1_242' title='bbox 1122 2292 1202 2346; x_wconf 73' lang='grc' dir='ltr'><em>μὲν</em></span> <span class='ocrx_word' id='word_1_243' title='bbox 1240 2294 1347 2334; x_wconf 79' lang='grc' dir='ltr'><em>κατὰ</em></span> <span class='ocrx_word' id='word_1_244' title='bbox 1384 2293 1465 2346; x_wconf 87' lang='grc' dir='ltr'><em>τὴν</em></span> 
     </span>
     <span class='ocr_line' id='line_1_33' title="bbox 1177 2361 1250 2394; baseline 0 0"><span class='ocrx_word' id='word_1_245' title='bbox 1177 2361 1250 2394; x_wconf 70' lang='grc'><em>18*</em></span> 
     </span>
    </p>
   </div>
   <div class='ocr_carea' id='block_1_5' title="bbox 1725 198 1732 1017">
    <p class='ocr_par' dir='ltr' id='par_1_5' title="bbox 1725 198 1732 1017">
     <span class='ocr_line' id='line_1_34' title="bbox 1725 198 1732 1017; textangle 90"><span class='ocrx_word' id='word_1_246' title='bbox 1725 988 1728 1017; x_wconf 29' lang='grc' dir='ltr'><em>-.Α</em></span> <span class='ocrx_word' id='word_1_247' title='bbox 1726 962 1728 971; x_wconf 88' lang='grc'>-</span> <span class='ocrx_word' id='word_1_248' title='bbox 1726 839 1729 952; x_wconf 40' lang='grc' dir='ltr'><em>,-.,.,Δ</em></span> <span class='ocrx_word' id='word_1_249' title='bbox 1725 455 1732 825; x_wconf 27' lang='grc' dir='ltr'><em>μ-ῃὴ-..μῖ</em></span> <span class='ocrx_word' id='word_1_250' title='bbox 1727 336 1730 447; x_wconf 26' lang='grc' dir='ltr'><em>ᾲῗᾼᾼ</em></span> <span class='ocrx_word' id='word_1_251' title='bbox 1727 198 1732 324; x_wconf 35' lang='lat' dir='ltr'><em>⁴-VW-.*</em></span> 
     </span>
    </p>
   </div>
  </div>
 </body>
</html>
