1732 2526
31 820 64 845 10

30 1173 62 1198 15

29 1526 63 1550 ΞΟ

29 1877 62 1902 25

30 2229 65 2254 30

590 65 930 97 ΕΚΚΑῙΔΕΚΑΤΗ
1378 63 1434 104 59

88 171 238 226 φέρων
275 172 516 227 δισχιλίους
553 169 624 212 καὶ
661 173 974 220 πεντακοσίους
1012 173 1114 220 τοὺς
1157 171 1436 221 ἀπολωλότας

89 243 237 297 ἐ’λεγε.’

178 313 322 366 (351)
355 319 488 354 ταῦτα
521 315 687 366 μᾶλλον
721 310 854 352 ἐκίνει
880 311 956 352 τὸν
984 313 1199 366 Καίσαρα,
1229 311 1299 353 καὶ
1326 314 1434 366 πρὸς

87 384 164 425 τὸν
212 386 437 425 Συλλαῖον
482 381 759 437 ἐπιστραφεὶς
810 382 943 436 ὀργῆς
999 382 1153 435 μεστὸς
1206 381 1435 437 ἀνέκρινεν

87 453 242 496 ὁπόσοι
274 455 511 507 τεθνήκασι
543 460 630 494 τῶν
659 451 866 507 Ἀράβων.
929 451 1238 507 ἀπορουμένου
1278 451 1320 493 δ’
1358 453 1434 494 αὐ-

86 529 164 565 τοῦ
204 522 276 566 καὶ
313 527 619 578 πεπλανῆσθαι
659 522 878 577 λέγοντος,
917 523 964 564 αἵ
998 538 1042 564 τε
1081 527 1303 576 συνθῆκαι
1347 531 1433 565 τῶν

87 595 276 636 δανείων
307 594 686 648 ἀνεγιγνώσκοντο
719 592 791 635 καὶ
823 595 875 636 τὰ
913 601 1001 635 τῶν
1034 593 1263 648 ἡγεμόνων
1296 594 1432 649 γράμ-

85 680 212 719 ματα,
243 667 391 714 πόλεις
421 663 468 706 θ’
506 665 604 706 ὅσαι
636 666 687 707 τὰ
720 666 930 720 λῃστήρια
969 671 1247 720 κατῃτιῶντο.
1290 664 1434 718 <352>

84 733 155 776 καὶ
187 726 320 791 πέρας
351 737 413 785 εἰς
444 743 572 778 τοῦτο
606 735 784 790 μετέστη
807 737 978 790 Καῖσαρ
1010 735 1068 784 ὡς
1099 741 1176 776 τοῦ
1209 732 1289 789 μὲν
1315 738 1433 776 Συλ-

85 807 212 848 λαιόυ
245 813 521 860 καταγνῶναι
552 806 765 860 θάνατον,
784 804 963 861 “Ηρώδῃ
998 803 1046 847 δὲ
1079 805 1432 859 διαλλάττεσθαι,

84 877 319 930 μετάνοιαν
364 876 437 932 ἐφ’
485 871 551 926 οἷς
595 876 640 918 ἐκ
686 877 894 931 διαβολῆς
936 878 1197 931 πικρότερον
1242 878 1433 932 ἔγραψεν

83 946 200 1003 αὐτῷ
233 949 482 1001 πεπονθώς,
513 950 590 989 καί
617 963 657 988 τι
695 953 897 989 τοιοῦτον
936 948 1075 988 εἰπεῖν
1114 948 1175 996 εἰς
1206 948 1284 988 τὸν
1315 950 1432 988 Συλ-

83 1021 224 1072 λαῖον,
257 1018 315 1068 ὡς
346 1017 633 1072 ἀναγκάσειεν
660 1018 794 1060 αὐτὸν
820 1018 979 1068 ψευδεῖ
1001 1019 1118 1074 λόγῳ
1149 1019 1258 1072 πρὸς
1290 1018 1432 1071 ἄνδρα

82 1090 215 1143 φίλον
247 1088 568 1143 ἀγνωμονῆσαι.
615 1089 758 1142 <353>
789 1089 838 1130 τὸ
866 1085 914 1129 δὲ
941 1088 1132 1142 σύμπαν,
1165 1088 1187 1129 ὁ
1214 1085 1294 1142 μὲν
1315 1091 1432 1129 Συλ-

84 1162 204 1209 λαῖος
236 1158 504 1214 ἀνεπέμπετο
536 1161 610 1209 τὰς
642 1160 766 1209 δίκας
796 1158 868 1201 καὶ
900 1160 952 1200 τά
983 1157 1088 1214 χρέα
1113 1165 1203 1208 τοῖς
1235 1159 1432 1200 δεδανει-

25 1237 30 1241 ⁴
81 1232 207 1272 κόσιν
240 1229 501 1284 ἀποδώσων,
539 1228 628 1272 εἶθ’
664 1230 777 1272 οὕτω
822 1231 1221 1283 κολασθησόμενος.
1281 1227 1431 1285 Ἀρέτᾳ

83 1297 122 1342 δ’
171 1301 252 1343 οὐκ
292 1300 478 1356 εὐμενὴς
521 1298 576 1355 ἧν
620 1303 807 1355 Καῖσαρ,
853 1300 919 1342 ὅτι
960 1301 1040 1354 τὴν
1084 1299 1222 1355 ἀρχὴν
1263 1301 1320 1354 μὴ
1367 1297 1427 1341 δι’

82 1371 252 1413 ἐκείνου
297 1371 407 1413 ἀλλὰ
450 1370 551 1413 καθ’
603 1372 737 1413 αὑτὸν
782 1373 948 1426 ἔλαβεν.
1012 1370 1194 1424 ἐγνώκει
1237 1371 1320 1425 γὰρ
1359 1369 1430 1412 καὶ

81 1443 162 1496 τὴν
195 1440 401 1497 Ἀραβίαν
434 1441 612 1499 Ἡρώδῃ
652 1443 840 1496 διδόναι,
882 1443 1120 1484 διεκώλυσε
1160 1439 1208 1483 δὲ
1240 1442 1291 1483 τὰ
1323 1439 1425 1495 παρ’

85 1512 253 1555 ἐκείνου
291 1512 548 1568 πεμφθέντα
585 1513 827 1568 γράμματα.
890 1512 1035 1567 <354>
1073 1519 1164 1562 τοῖς
1201 1512 1283 1567 γὰρ
1329 1511 1428 1566 περὶ

82 1585 158 1625 τὸν
179 1582 406 1638 Ὄλυμπον
441 1582 514 1625 καὶ
547 1582 811 1638 ’ὅολόμνιον,
842 1583 1010 1638 ἐὐμενῆ
1044 1585 1246 1637 Καίσαρα
1287 1587 1429 1624 πυθο-

83 1653 245 1708 μένοις,
277 1654 415 1704 εὐθὺς
447 1653 596 1704 ἔδοξεν
629 1654 671 1705 ἐξ
706 1653 883 1708 ἐντολῆς
896 1652 1102 1709 (Ηρώδου
1132 1654 1183 1695 τὰ
1215 1652 1314 1709 περὶ
1341 1660 1429 1695 τῶν

82 1725 254 1766 παίδων
274 1725 502 1779 γράμματα
529 1723 601 1766 καὶ
626 1726 728 1774 τοὺς
755 1723 958 1779 ἐλέγχους
984 1724 1257 1765 ἀναδιδόναι.
1284 1724 1428 1778 <355>

83 1797 256 1849 Καῖσαρ
289 1794 327 1837 δ’
367 1794 586 1848 ἀναγνοὺς
616 1795 664 1836 τὸ
697 1792 778 1849 μὲν
803 1795 942 1850 ἀρχὴν
969 1795 1107 1849 ἄλλην
1139 1794 1429 1848 προστιθέναι

82 1864 256 1921 γέροντι
288 1865 360 1907 καὶ
392 1874 532 1916 κακῶς
563 1866 797 1921 πράττοντι
828 1867 880 1907 τὰ
912 1864 1010 1920 περὶ
1036 1867 1139 1915 τοὺς
1164 1866 1322 1914 παῖδας
1348 1865 1429 1906 οὐκ

84 1934 211 1993 ᾠήθη
254 1940 396 1986 καλῶς
433 1938 568 1992 ἔχειν,
609 1936 842 1991 δεξάμενος
883 1934 931 1978 δὲ
974 1938 1077 1986 τοὺς
1116 1933 1217 1991 παρ’
1261 1934 1427 1990 Ἀρέτα,

83 2006 155 2048 καὶ
193 2014 322 2050 τοῦτο
363 2009 502 2062 μόνον
541 2006 807 2062 ἐπιτιμήσας,
847 2007 904 2057 ὡς
943 2010 1178 2063 προπετείᾳ
1219 2009 1428 2062 χρήσαιτο

83 2083 143 2134 τῷ
174 2078 232 2132 μὴ
254 2075 367 2131 ’παρ’
403 2078 540 2120 αὐτοῦ
565 2079 646 2132 τὴν
672 2080 900 2132 βασιλείαν
926 2077 1158 2132 ἀναμεῖναι
1185 2080 1350 2132 λαβεῖν,
1376 2077 1428 2118 τά

83 2163 128 2189 τε
160 2149 281 2203 δῶρα
311 2150 560 2203 προσήκατο
592 2147 664 2190 καὶ
696 2149 776 2202 τὴν
807 2147 947 2204 ἀρχὴν
980 2147 1254 2202 ἐβεβαίωσεν.

171 2219 313 2273 <356>
337 2217 515 2274 εΗρώδῃ
549 2216 597 2260 δὲ
628 2219 786 2273 γράφει
814 2218 1143 2273 διηλλαγμένος,
1171 2218 1244 2260 ἐπί
1265 2233 1309 2260 τε
1335 2219 1481 2267 τοῖς11

178 2302 198 2341 ξ
224 2302 291 2333 356
317 2299 362 2334 cf.
389 2299 481 2334 Bell.
508 2298 586 2333 Iud.
613 2299 629 2332 Ι
655 2301 710 2343 27,
739 2303 768 2333 l.

1460 324 1478 354 9
