1732 2526
608 70 950 102 ΕΚΚΑΙΔΕΚΑΤΗ
1427 70 1453 110 3

101 175 326 231 θυγατέρα
352 179 609 231 Βερενίκην,
640 175 909 234 Ἀλεξάνδρῳ
937 174 984 217 δὲ
1011 178 1091 230 τὴν
1113 175 1349 232 Ἀρχελάου
1376 184 1454 220 τοῦ

102 247 413 289 Καππαδόκων
445 246 659 301 βασιλέως
690 248 945 301 Γλαφύραν.

190 318 306 371 <12>
339 324 473 360 ταῦτα
506 318 747 371 διοικήσας,
778 317 927 371 ἐπειδὴ
959 317 1032 359 καὶ
1061 320 1250 371 4Μᾶρκον
1278 316 1452 373 Ἀγρίπ-
1473 319 1500 360 2

99 403 187 429 παν
230 387 418 430 ἐπύθετο
462 387 860 430 καταπεπλευκέναι
903 388 1036 429 πάλιν
1075 388 1122 430 ἐκ
1163 395 1237 442 τῆς
1271 387 1452 440 Ἰταλίας

63 461 160 508 ὅείς
192 460 272 513 τὴν
301 455 470 513 Ἀσίαν,
511 458 728 514 ἐπειχθεὶς
764 460 873 513 πρὸς
910 459 1046 501 αὐτὸν
1084 458 1271 513 ἠξίωσεν
1308 464 1369 509 εἵς
1406 476 1452 502 τε

99 530 179 584 τὴν
223 532 451 584 βασιλείαν
495 530 632 572 αὐτοῦ
675 534 918 585 παρελθεῖν
961 529 1033 572 καὶ
1077 538 1226 585 τυχεῖν
1265 527 1327 572 ὧν
1363 531 1454 572 ἔδει

98 598 199 653 παρ’
250 599 412 655 ἀνδρὸς
456 599 584 650 ξένου
627 598 700 641 καὶ
743 602 888 654 φίλου.
957 600 1085 654 <13>
1129 600 1329 650 κάκεῖνος
1372 599 1452 655 μὲν

99 670 216 720 εἴξας
241 674 434 724 λιπαρῶς
459 670 713 725 ἐγκειμένου
740 667 844 724 ἧκεν
871 672 932 720 εἰς
956 672 1037 725 τὴν
1053 669 1289 713 Ἰουδαίαν·
1311 670 1452 726 ‘Hych-

99 742 178 796 δης
210 739 250 782 δ’
286 739 421 783 οὐδὲν
458 741 683 796 ἀρεσκείας
721 740 952 796 ἀπέλιπεν,
993 743 1042 783 ἐν
1079 758 1123 784 τε
1162 750 1255 792 ταῖς
1287 745 1454 785 νεοκτί-

47 826 80 851 10
100 823 217 862 στοις
247 814 430 854 πόλεσιν
461 813 786 868 ὑποδεχόμενος
823 813 979 866 αὐτόν,
1019 812 1092 855 καὶ
1130 813 1235 867 μετὰ
1267 819 1346 855 τοῦ
1378 814 1454 862 τὰς

98 884 367 933 κατασκευὰς
401 883 699 925 ἐπιδεικνύναι
724 889 870 925 πᾶσαν
900 883 1146 926 ἀπόλαυσιν
1180 885 1350 938 διαίτης
1380 883 1453 926 καὶ

97 957 380 1003 πολυτελείας
407 953 678 1004 ἐξαλλάττων
705 954 822 1011 αὐτῷ
850 953 922 995 καὶ
947 961 1039 1004 τοῖς
1064 957 1227 1008 φίλοις,
1259 956 1307 996 ε”ν
1332 970 1377 996 τε
1402 960 1453 1009 τῇ

99 1027 302 1079 Σεβαστῇ
329 1023 401 1066 καὶ
427 1027 671 1081 Καισαρείᾳ
696 1023 796 1078 περὶ
822 1026 900 1066 τὸν
926 1023 1082 1078 λιμένα
1108 1026 1185 1066 τὸν
1211 1023 1285 1066 ὑπ’
1317 1025 1454 1066 αὐτοῦ

99 1095 522 1150 κατεσκευασμένον,
564 1094 647 1137 κάν
685 1103 776 1145 τοῖς
813 1095 1046 1149 ἐρύμασιν,
1091 1095 1117 1136 ἃ
1154 1099 1338 1145 πολλαῖς
1376 1096 1453 1137 δα-

47 1179 79 1204 15
99 1166 259 1216 πάναις
297 1165 648 1223 ἐξῳκοδόμησεν,
686 1168 735 1208 τό
772 1162 810 1207 τ’
843 1162 1174 1221 Ἀλεξάνδρειον
1212 1165 1284 1208 καὶ
1309 1165 1452 1222 εΗρώ-

100 1237 223 1278 δειου
260 1235 332 1278 καὶ
370 1238 450 1291 τὴν
483 1234 731 1291 Ὑρκανίαν.
794 1237 907 1290 <14>
946 1234 1023 1290 ἠγε
1070 1235 1117 1278 δὲ
1161 1234 1233 1278 καὶ
1271 1238 1333 1286 εἰς
1372 1238 1453 1291 τὴν

98 1308 230 1348 πόλιν
261 1314 349 1348 τῶν
374 1305 760 1362 Ἱεροσολυμιτῶν,
797 1307 1080 1356 ὑπαντῶντός
1119 1322 1163 1348 τε
1196 1313 1274 1349 τοῦ
1308 1307 1450 1361 δήμου

98 1377 262 1427 παντὸς
299 1376 347 1419 ἐν
387 1376 592 1433 ἑορτώδει
631 1381 763 1432 στολῇ
801 1376 874 1419 καὶ
913 1375 1154 1432 δεχομένου
1195 1379 1272 1419 τὸν
1310 1378 1452 1432 ἄνδρα

100 1449 183 1490 σὺν
215 1448 463 1503 εὐφημίαις.
520 1446 758 1503 Ἀγρίππας
791 1445 838 1489 δὲ
870 1453 929 1504 τῷ
961 1451 1053 1504 θεῷ
1093 1445 1173 1502 μὲν
1206 1446 1451 1502 ἑκατόμβην

48 1533 80 1558 20
100 1518 358 1570 κατέθυσεν,
385 1519 523 1561 εἶστία
551 1516 598 1561 δὲ
624 1520 701 1560 τὸν
729 1519 885 1572 δῆμον,
911 1518 1095 1567 οὐδενὸς
1122 1526 1209 1560 τῶν
1235 1521 1453 1573 μεγίστων

99 1591 261 1643 πλήθει
294 1591 567 1643 λειπόμενον.
617 1590 732 1643 <15>
764 1589 895 1638 αὐτὸς
927 1585 985 1641 δ’,
1019 1588 1126 1630 ὅσον
1154 1587 1223 1630 ἐπὶ
1255 1594 1313 1645 τῷ
1345 1587 1449 1630 καθ’

100 1661 268 1714 Υἡδονὴν
310 1659 394 1701 κᾶν
437 1661 500 1701 ἔτι
543 1662 721 1709 πλειόυς
764 1658 988 1713 ἐπιμείνας
1031 1657 1212 1713 ἡμέρας,
1258 1660 1331 1701 διὰ
1374 1660 1452 1701 τὸν

100 1732 255 1785 καιρὸν
298 1731 519 1785 ἠπείγετο·
568 1731 646 1772 τὸν
690 1731 773 1785 γὰρ
817 1733 978 1783 πλοῦν,
1024 1729 1329 1784 ἐπιβαίνοντος
1373 1737 1452 1773 τοῦ

100 1809 333 1858 χειμῶνος,
372 1802 451 1844 οὐκ
489 1801 686 1856 ἐνόμιζεν
724 1800 898 1856 ἀσφαλῆ
939 1799 1208 1857 κομιζομένῳ
1240 1801 1374 1842 πάλιν
1408 1800 1450 1851 ἐξ

52 1885 85 1911 25
105 1872 297 1926 ἀνάγκης
329 1873 390 1922 εἰς
420 1873 501 1926 τὴν
528 1872 710 1916 Ἰωνίαν.

190 1944 305 1997 <16>
336 1942 503 1993 ἐκεῖνος
534 1940 614 1998 μὲν
646 1939 728 1985 οὖν
760 1941 955 1996 ἀπέπλει,
986 1945 1168 1991 πολλαῖς
1200 1941 1336 1983 αὐτὸν
1369 1941 1453 1982 δω-

102 2022 220 2069 ρεαῖς
261 2016 538 2068 τετιμηκότος
567 2011 773 2067 Ἡρώδου
817 2011 889 2054 καὶ
932 2020 1020 2055 τῶν
1065 2014 1148 2054 σὺν
1191 2012 1308 2069 αὐτῷ
1350 2014 1453 2062 τοὺς

103 2085 462 2140 ἐπισημοτάτους·
490 2084 513 2126 ὁ
535 2081 582 2126 δὲ
607 2086 813 2138 βασιλεὺς
837 2083 1043 2139 χειμάσας
1069 2082 1117 2125 ἐν
1142 2090 1233 2133 τοῖς
1259 2084 1452 2137 οἰκείοις,

104 2158 230 2210 ε’ἀρος
271 2156 471 2210 ἠπείγετο
517 2161 750 2210 συντυχεῖν
794 2154 933 2211 αὐτῷ,
982 2155 1063 2208 τὴν
1112 2155 1174 2204 εἰς
1217 2155 1452 2207 Βόσπορον

51 2239 84 2264 30
104 2228 233 2276 εἰδὼς
264 2229 493 2279 στρατείαν
524 2223 843 2281 προῃρημένον.
905 2225 1019 2278 <17>
1051 2223 1125 2266 καὶ
1155 2225 1347 2273 πλεύσας
1379 2224 1452 2264 διὰ

99 2296 252 2340 Ῥόδου
283 2296 356 2339 καὶ
387 2299 464 2339 Κῶ
496 2296 758 2352 προσέσχεν,
790 2295 889 2351 περὶ
921 2294 1097 2350 Λέσβον
1129 2296 1330 2349 οἰόμενος
1363 2294 1452 2336 ἐπι-

1193 2364 1239 2397 1*

1722 1426 1726 1440 -
1720 1319 1727 1411 ,„„„
