1732 2526
704 93 818 125 ΒΙΟΣ
1350 91 1435 133 337

90 200 230 241 δυνον
280 198 548 253 ἐξαγγέλλει·
598 197 723 253 ἠξίου
774 214 819 240 τε
863 201 1077 252 γενναίως
1120 200 1334 253 θνήσκειν
1379 200 1437 249 ὡς

90 271 333 324 στρατηγὸν
370 265 441 311 ὑπ’
485 269 640 323 αὐτοῦ,
681 267 787 324 πρὶν
826 270 880 323 δὴ
919 268 1069 310 ἐλθεῖν
1110 271 1212 319 τοὺς
1249 270 1437 325 ἐχθροὺς

89 339 417 393 ἀναγκάσοντας
466 339 493 394 ἢ
555 345 828 389 κτενοῦντας.
905 340 1059 394 <138>
1110 339 1132 381 ὃ
1184 338 1263 394 μὲν
1312 339 1429 382 ταῦτ’

89 412 256 464 ἔλεγεν,
301 410 384 464 ἐγὼ
427 408 474 452 δὲ
514 417 573 467 τῷ
615 414 706 467 θεῷ
747 410 799 452 τὰ
840 408 930 451 κατ’
976 410 1165 464 ἐμαυτὸν
1207 410 1439 464 ἐπιτρέψας

54 494 70 519 5
89 482 150 530 εἰς
181 482 229 523 τὸ
261 484 431 534 πλῆθος
463 481 678 535 ὡρμήθην
709 483 958 534 προελθεῖν.
1015 481 1225 534 μετενδὺς
1257 478 1339 522 οὗν
1366 480 1438 535 με’-

89 555 246 593 λαιναν
284 550 470 605 ἐσθῆτα,
512 549 584 592 καὶ
622 551 670 592 τὸ
710 550 837 605 ξίφος
874 550 1233 605 ἀπαρτησάμενος
1276 550 1321 592 ἐκ
1359 557 1436 592 τοῦ

88 620 292 676 αὐχένος,
332 618 433 662 καθ’
478 621 586 663 ὁδὸν
628 618 800 676 ἑτέραν,
844 616 868 676 ᾗ
910 619 1077 675 μηδένα
1118 637 1192 675 μοι
1233 628 1320 662 τῶν
1359 635 1436 663 πο-

87 694 250 746 λεμίων
288 691 573 733 ὑπαντιάσειν
612 690 757 748 ᾤ’μην,
802 690 900 747 ᾔειν
941 692 1003 739 εἰς
1034 692 1111 733 τὸν
1146 691 1436 746 ἱππόδρομον,

87 763 213 817 ἄφνω
250 778 295 803 τε
333 760 486 816 φανεὶς
523 760 595 803 καὶ
632 763 799 817 πρηνὴς
835 762 982 803 πεσὼν
1020 760 1090 802 καὶ
1132 762 1213 815 τὴν
1245 767 1327 815 γῆν
1361 762 1436 802 δά-

34 848 68 873 10
86 846 215 888 κρυσι
247 832 417 887 βρέχων
450 831 638 882 ἐλεεινὸς
670 831 798 882 ἔδοξα
829 838 976 874 πᾶσιν.
1032 831 1176 886 <139>
1209 831 1355 882 συνεὶς
1388 830 1435 874 δὲ

86 911 164 945 τοῦ
209 905 410 957 πλήθους
452 903 532 956 τὴν
574 903 840 957 μεταβολήν,
885 902 1103 944 διιστάναι
1144 903 1220 952 τὰς
1259 903 1434 956 γνώμας

86 974 231 1015 αὐτῶν
265 973 510 1028 ἐπειρώμην
540 974 624 1027 πρὸ
650 980 729 1015 τοῦ
757 975 858 1022 τοὺς
884 973 1061 1021 ὁπλίτας
1088 972 1171 1014 ἀπὸ
1198 978 1272 1026 τῆς
1297 974 1435 1022 οἰκίας

85 1043 379 1099 ὑποστρέψαι,
429 1042 500 1085 καὶ
546 1043 827 1098 συνεχώρουν
872 1040 951 1097 μὲν
996 1042 1164 1084 ἀδικεῖν
1209 1043 1267 1092 ὡς
1309 1042 1434 1085 αὐτοὶ

86 1117 360 1169 νομίζουσιν,
411 1113 596 1168 ἐδεόμην
642 1111 689 1155 δὲ
741 1112 912 1164 διδάξαι
961 1115 1178 1168 πρότερον
1228 1114 1289 1162 εἰς
1335 1115 1433 1155 τίνα

0 1177 2 1179 ‚
35 1199 67 1225 15
87 1187 236 1240 χρείαν
270 1183 513 1239 ἐφύλαττον
543 1184 595 1225 τὰ
628 1183 674 1225 ἐκ
699 1190 774 1238 τῆς
805 1183 1002 1239 ἁρπαγῆς
1032 1182 1301 1238 κομισθέντα
1333 1186 1434 1239 χρή-

87 1271 213 1310 ματα,
244 1253 317 1297 καὶ
348 1257 443 1296 τότε
476 1253 685 1308 γενέσθαι
718 1255 776 1304 ὡς
807 1255 1040 1297 κελεύοιεν.
1098 1254 1243 1308 <14Ο>
1275 1260 1354 1296 τοῦ
1387 1252 1434 1296 δὲ

87 1327 288 1379 πλήθους
329 1323 473 1379 λέγειν
513 1326 770 1375 κελεύοντος
811 1325 1007 1379 ἐπῆλθον
1046 1325 1091 1367 οἱ
1129 1325 1319 1378 ὁπλῖται,
1363 1325 1434 1366 καὶ

86 1397 361 1451 θεασάμενοί
394 1412 445 1450 με
483 1395 777 1451 προσέτρεχον
816 1396 874 1445 ὡς
914 1402 1180 1444 κτενοῦντες.
1242 1394 1434 1449 ἐπισχεῖν

89 1465 136 1508 δὲ
163 1473 242 1509 τοῦ
267 1468 468 1520 πλήθους
493 1467 748 1516 κελεύοντος
775 1465 1058 1520 ἐπείσθησαν,
1089 1466 1434 1520 προσδοκῶντες,

33 1552 68 1577 20
88 1537 265 1579 ἐπειδὰν
298 1537 554 1592 ὁμολογήσω
586 1538 695 1592 πρὸς
727 1536 886 1585 αὐτοὺς
916 1536 967 1577 τὰ
999 1537 1195 1591 χρήματα
1226 1542 1285 1593 τῷ
1311 1538 1434 1590 βασι-

87 1611 157 1649 λεῖ
184 1606 479 1663 τετηρηκέναι,
510 1608 567 1656 ὡς
599 1607 907 1662 ὡμολογηκότα
938 1606 1018 1659 τὴν
1043 1607 1287 1660 προδοσίαν
1313 1606 1434 1648 ἀναι-

88 1679 251 1733 ρήσειν.
314 1679 469 1732 <141>
513 1684 638 1732 σιγῆς
682 1674 764 1719 οὗν
808 1677 923 1732 παρὰ
963 1676 1140 1719 πάντων
1181 1676 1433 1731 γενομένης,

88 1747 277 1803 εᾶνδρεὲ
310 1745 434 1790 εἷπον
461 1748 713 1803 εὁμόφυλοι,
744 1752 902 1789 θανεῖν
929 1744 1009 1802 μὲν
1035 1748 1076 1788 εἰ
1101 1748 1272 1789 δίκαιόν
1301 1746 1433 1801 ἐστιν,

89 1818 142 1859 οὐ
184 1824 500 1873 παραιτοῦμαι,
542 1819 759 1872 βούλομαι
803 1816 844 1859 δ’
890 1818 1005 1872 ὅμως
1045 1819 1129 1871 πρὸ
1171 1824 1249 1859 τοῦ
1289 1821 1434 1859 τελευ-

34 1902 68 1928 25
87 1894 213 1942 τῆσαι
250 1890 331 1943 τὴν
370 1888 584 1943 ἀλήθειαν
621 1889 787 1944 φράσαι
824 1889 933 1943 πρὸς
972 1887 1095 1942 ὑμᾶς.
1157 1888 1313 1942 <142>
1354 1889 1433 1942 τὴν

87 1960 170 2013 γὰρ
207 1961 338 2000 πόλιν
375 1960 538 2014 ταύτην
575 1959 927 2014 φιλοξενωτάτην
966 1955 1104 1999 οὖσαν
1137 1957 1433 2012 ἐπιστάμενος,

86 2029 380 2084 πληθύουσάν
423 2045 468 2071 τε
511 2030 753 2085 προθύμως
796 2029 1019 2071 τοσούτων
1060 2027 1237 2083 ἀνδρῶν
1278 2032 1323 2071 οἳ
1359 2030 1434 2078 τὰς

88 2099 256 2142 ἑαυτῶν
287 2101 497 2155 πατρίδας
528 2101 837 2148 καταλιπόντες
868 2098 1080 2153 ἀφίκοντο
1118 2098 1326 2141 κοινωνοὶ
1358 2105 1434 2153 τῆς

87 2169 295 2225 ἡμετέρας
321 2172 550 2225 γενόμενοι
575 2171 723 2225 τύχης,
748 2169 1000 2224 ἐβουλήθην
1025 2172 1144 2224 τείχη
1170 2170 1432 2211 κατασκευά-

35 2253 70 2279 30
89 2252 161 2282 σαι
193 2239 240 2282 ἐκ
272 2247 360 2282 τῶν
391 2240 624 2295 χρημάτων
661 2241 851 2293 τούτων,
887 2237 986 2295 περὶ
1019 2235 1081 2281 ὧν
1112 2239 1138 2293 ἡ
1170 2237 1269 2293 παρ’
1308 2239 1433 2293 ὑμῶν

90 2310 208 2352 ἐστιν
241 2311 371 2365 ὀργή,
404 2309 732 2366 δαπανωμένων
763 2312 826 2360 εἰς
856 2311 935 2365 τὴν
968 2310 1225 2364 οἰκοδομίαν
1256 2309 1432 2352 αὐτῶνῖ

160 2385 330 2411 Iostrnvs.
359 2386 404 2411 IV
1176 2381 1219 2411 22
