1732 2526
186 55 274 98 252
677 55 1039 88 ΑΡΧΑΙοΛοΓΙΑΣ

187 162 322 218 μένου
354 163 462 204 κατὰ
493 161 625 216 θέαν,
663 162 721 211 ὡς
751 158 856 215 ἧκεν
888 160 958 203 ἐπὶ
988 162 1036 203 τὸ
1075 162 1259 215 χωρίον,
1297 161 1425 214 ἤρετο
1457 162 1549 202 τὸν·

187 234 460 289 στρατιώτην,
488 234 529 275 εί
560 233 633 274 διὰ
665 231 845 287 μελέτης
876 231 993 288 αὐτῷ
1020 233 1248 285 γεγόνοιεν
1280 231 1328 271 αἰ
1357 233 1536 285 σφαγαί,

186 303 213 359 ἢ
245 311 420 359 πρῶτον
449 305 538 359 ἔχοι
564 304 612 345 τὸ
640 303 780 357 ξίφος·
823 301 894 344 καὶ
922 301 1091 343 ἐκέλευε
1118 303 1310 356 κομίζειν
1337 297 1370 358 ᾧ
1399 301 1536 343 Γάιον

188 376 503 430 διαχειρίσαιτο
530 374 671 423 αὐτός.
725 375 911 427 θνήσκει
939 371 976 413 δ’
1008 372 1283 426 εὐδαιμονίας
1308 377 1407 426 μιᾶς
1431 375 1538 425 πλη-

186 451 266 499 γῆς
297 445 413 501 αὐτῷ
446 443 696 498 γενομένης.
758 443 901 496 <271>
933 445 1111 491 Λοῦπος
1150 440 1189 483 δ’
1229 442 1282 484 οὐ
1319 442 1436 484 πάνυ
1469 442 1537 483 δε-
1575 453 1591 478 5

188 515 288 566 ξιῶς
317 503 566 569 ύπεξῆλθεν
598 514 782 570 ἀθυμίᾳ,
815 512 886 555 καὶ
911 516 1091 567 πληγῶν
1116 514 1334 554 πλειόνων
1361 511 1539 567 γενομέ-

187 601 280 628 νων
313 586 386 627 διά
418 587 466 627 τὸ
500 588 702 639 μαλακῶς
733 586 811 626 τὸν
842 583 1059 639 τράχηλον
1090 591 1340 639 παρασχεῖν.
1394 583 1537 636 <272>

140 668 161 698 6
190 656 358 710 ὀλίγαις
399 653 438 697 δ’
484 655 672 709 ὕστερον
712 653 891 709 ἡμέραις
935 653 1183 708 ἐναγισμῶν
1230 653 1538 708 ἐνεστηκότων,

180 724 404 780 Ῥωμαίων
436 727 484 767 τὸ
516 729 687 778 πλῆθος
718 732 809 773 τοῖς
840 725 985 766 αὑτῶν
1017 723 1298 778 ἐπιφέροντες
1328 723 1400 766 καὶ
1434 727 1539 765 Χαι-

188 796 293 851 ρέαν
332 797 505 850 μοίραις
544 795 751 850 ἐτίμησαν
789 796 851 844 εἰς
887 796 935 836 τὸ
974 801 1061 849 πῦρ
1093 793 1363 849 τιθεμέναις,
1408 795 1538 836 ἵλεων
1560 805 1593 829 1⁴>

186 865 258 908 καὶ
302 867 464 920 ἄμηνιν
509 862 621 907 εἶναι
663 871 738 919 τῆς
779 866 840 914 εἰς
881 865 1015 906 αὐτὸν
1057 864 1308 920 ἀχαριστίας
1347 879 1539 920 παρακα-

187 940 379 986 λοῦντες.

276 1008 348 1049 καὶ
391 1004 556 1062 Χαιρέα
597 1003 677 1060 μὲν
721 1007 899 1060 τοιαύτη
945 1007 1122 1060 τελευτὴ
1167 1011 1245 1048 τοῦ
1289 1007 1390 1060 βιόυ
1435 1016 1540 1047 συν-
1582 1032 1586 1033 ⁷

187 1076 329 1134 ε’τυχε·
373 1078 517 1131 <273>
558 1079 752 1131 Σαβῖνος
797 1075 865 1129 δέ,
910 1077 1140 1118 Κλαυδίου
1185 1077 1242 1130 μὴ
1287 1077 1426 1130 μόνον
1466 1082 1541 1129 τῆς

188 1150 328 1198 αἰτίας
371 1148 673 1203 παραλύοντος
723 1147 857 1189 αὐτὸν
907 1146 1017 1188 ἀλλὰ
1061 1144 1133 1188 καὶ
1177 1147 1257 1200 τὴν
1302 1146 1440 1202 ἀρχὴν
1483 1146 1538 1199 ἣν
1559 1156 1591 1182 15

188 1216 304 1274 εἶχεν
337 1218 554 1274 ἐφιέντος,
592 1219 748 1259 ἄδικον
780 1218 926 1271 ἡγεῖτο
959 1218 1039 1271 τὴν
1071 1216 1292 1258 ἐκλειπίαν
1324 1223 1401 1271 τῆς
1431 1218 1539 1271 πρὸς

186 1291 291 1339 τοὺς
323 1290 690 1343 συνομωμοκότας
715 1290 913 1341 πίστεως,
946 1288 1126 1342 σφάττει
1153 1285 1198 1328 θ’
1232 1286 1387 1329 ἑαυτὸν
1420 1301 1539 1340 περι-

185 1361 334 1402 πεσὼν
371 1365 431 1416 τῷ
471 1359 606 1413 ξίφει,
646 1357 771 1414 μέχρι
810 1359 863 1412 δὴ
901 1357 972 1400 καὶ
1011 1359 1090 1412 τὴν
1128 1358 1280 1412 κώπην
1318 1363 1376 1414 τῷ
1410 1358 1539 1412 τραύ-

189 1447 290 1484 ματι
323 1433 571 1472 συνελθεῖν.

140 1501 167 1542 5
279 1502 435 1555 <274>
480 1501 702 1549 Κλαύδιος
743 1497 791 1541 δὲ
832 1506 910 1542 τοῦ
954 1505 1266 1553 στρατιωτικοῦ
1306 1506 1394 1541 πᾶν
1435 1499 1458 1541 ὅ
1499 1516 1538 1541 τι
1559 1511 1592 1536 20

190 1568 242 1625 ἧν
274 1571 470 1613 ὕποπτον
503 1570 549 1612 ἐκ
575 1577 654 1612 τοῦ
681 1570 801 1621 ὀξέος
827 1570 1254 1624 ἀποσκευασάμενος,
1286 1570 1538 1625 διάγραμμα

186 1644 418 1696 προυτίθει
450 1643 530 1696 τήν
562 1639 598 1682 τ’
631 1640 769 1696 ἀρχὴν
791 1637 1005 1697 Ἀγρίππᾳ
1037 1643 1242 1695 βεβαιῶν,
1275 1641 1330 1694 ἣν
1357 1640 1380 1682 ὁ
1408 1640 1540 1690 Γάιος

186 1711 389 1767 παρέσχε,
416 1712 488 1753 καὶ
516 1709 573 1752 δι’
605 1710 832 1765 ἐγκωμίων
859 1712 980 1764 ἄγων
1006 1712 1083 1753 τὸν
1109 1713 1308 1765 βασιλέα·
1341 1712 1539 1765 προσθή-

186 1798 267 1836 κην
299 1781 335 1824 τ’
379 1782 495 1838 αὐτῷ
534 1789 721 1823 ποιεῖται
758 1788 903 1823 πᾶσαν
941 1782 1021 1834 τὴν
1058 1781 1143 1824 ὑπὸ
1169 1780 1375 1836 Ἡρώδου
1417 1784 1538 1836 βασι-

186 1856 445 1906 λευθεῖσαν,
484 1852 531 1901 ὃς
562 1849 617 1905 ἧν
648 1852 822 1901 πάππος
854 1852 1004 1905 αὐτοῦ,
1032 1850 1251 1894 Ἰουδαίαν
1284 1850 1356 1894 καὶ
1388 1851 1533 1906 Σαμά-
1558 1863 1590 1888 25

187 1938 320 1978 ρειαν.
384 1922 456 1964 καὶ
499 1928 634 1964 ταῦτα
678 1919 757 1976 μὲν
802 1923 861 1972 ὡς
904 1923 1169 1977 ὀφειλόμενα
1211 1928 1262 1977 τῇ
1308 1923 1538 1975 οἰκειότητι

186 2000 265 2035 τοῦ
298 1992 454 2046 γένους
486 1992 714 2046 ἀπεδίδου,
746 1993 888 2047 <2ῖ5>
916 1991 1092 2047 Ἀβίλαν
1125 1990 1172 2034 δὲ
1201 1994 1281 2047 τὴν
1307 1994 1537 2033 Λυσανίου

185 2062 258 2105 καὶ
291 2061 414 2106 ὁπόσ’
454 2062 500 2104 ἐν
532 2069 590 2119 τῷ
619 2063 800 2121 Λιβάνῳ
834 2065 942 2118 ὄρει,
975 2063 1021 2105 ἐκ
1052 2070 1140 2105 τῶν
1172 2063 1308 2105 αὑτοῦ
1339 2065 1537 2118 προσετί-

187 2138 283 2188 θει,
321 2133 446 2187 ὅρκιά
484 2131 518 2174 τ’
558 2133 673 2189 αὐτῷ
711 2132 910 2187 τέμνεται
948 2135 1058 2189 πρὸς
1089 2134 1165 2176 τὸν
1193 2131 1435 2188 Ἀγρίππαν
1469 2132 1538 2174 ἐπὶ

186 2210 262 2259 τῆς
294 2204 456 2258 ἀγορᾶς
487 2202 618 2258 μέσης
651 2203 698 2245 ἐν
739 2210 789 2259 τῇ
814 2203 1038 2259 Ῥωμαίων
1070 2205 1207 2246 πόλει.
1269 2204 1413 2258 <276>
1442 2201 1536 2245 Ἀν-
1557 2214 1591 2240 30

283 2289 302 2327 ξ
329 2288 397 2318 274
423 2284 467 2320 cf.
494 2284 587 2319 ΒΘΗ.
615 2284 693 2319 Iud.
721 2284 753 2317 Π
782 2289 834 2328 117
862 2288 892 2319 5.
