<?xml version="1.0" encoding="UTF-8"?>
<!DOCTYPE html PUBLIC "-//W3C//DTD XHTML 1.0 Transitional//EN"
    "http://www.w3.org/TR/xhtml1/DTD/xhtml1-transitional.dtd">
<html xmlns="http://www.w3.org/1999/xhtml" xml:lang="en" lang="en">
 <head>
  <title>
</title>
<meta http-equiv="Content-Type" content="text/html;charset=utf-8" />
  <meta name='ocr-system' content='tesseract 3.04.00' />
  <meta name='ocr-capabilities' content='ocr_page ocr_carea ocr_par ocr_line ocrx_word'/>
</head>
<body>
  <div class='ocr_page' id='page_1' title='image "./flaviiiosephiope04joseuoft_0094.png"; bbox 0 0 1732 2526; ppageno 0'>
   <div class='ocr_carea' id='block_1_1' title="bbox 210 83 1070 123">
    <p class='ocr_par' dir='ltr' id='par_1_1' title="bbox 210 83 1070 123">
     <span class='ocr_line' id='line_1_1' title="bbox 210 83 1070 123; baseline 0 -8"><span class='ocrx_word' id='word_1_1' title='bbox 210 83 268 123; x_wconf 73' lang='lat'><em>42</em></span> <span class='ocrx_word' id='word_1_2' title='bbox 705 83 1070 116; x_wconf 73' lang='grc' dir='ltr'><em>ΑΡΧΑῑοΛοΓΙΑΣ</em></span> 
     </span>
    </p>
   </div>
   <div class='ocr_carea' id='block_1_2' title="bbox 210 188 1563 247">
    <p class='ocr_par' dir='ltr' id='par_1_2' title="bbox 210 188 1563 247">
     <span class='ocr_line' id='line_1_2' title="bbox 210 188 1563 247; baseline -0.001 -14"><span class='ocrx_word' id='word_1_3' title='bbox 210 189 398 241; x_wconf 76' lang='grc' dir='ltr'><em>ἀνέσεως</em></span> <span class='ocrx_word' id='word_1_4' title='bbox 429 195 488 247; x_wconf 76' lang='grc' dir='ltr'><em>τῷ</em></span> <span class='ocrx_word' id='word_1_5' title='bbox 516 191 696 244; x_wconf 87' lang='grc' dir='ltr'><em>σώματι,</em></span> <span class='ocrx_word' id='word_1_6' title='bbox 728 192 982 244; x_wconf 77' lang='grc' dir='ltr'><em>προσετίθει</em></span> <span class='ocrx_word' id='word_1_7' title='bbox 1015 190 1080 232; x_wconf 86' lang='grc' dir='ltr'><em>ὅτι</em></span> <span class='ocrx_word' id='word_1_8' title='bbox 1106 188 1177 231; x_wconf 87' lang='grc' dir='ltr'><em>καὶ</em></span> <span class='ocrx_word' id='word_1_9' title='bbox 1205 190 1423 243; x_wconf 85' lang='grc' dir='ltr'><em>συνεργὸν</em></span> <span class='ocrx_word' id='word_1_10' title='bbox 1451 190 1563 244; x_wconf 83' lang='grc' dir='ltr'><em>ἔχων</em></span> 
     </span>
    </p>
   </div>
   <div class='ocr_carea' id='block_1_3' title="bbox 208 258 1608 318">
    <p class='ocr_par' dir='ltr' id='par_1_3' title="bbox 208 258 1608 318">
     <span class='ocr_line' id='line_1_3' title="bbox 208 258 1608 318; baseline 0 -15"><span class='ocrx_word' id='word_1_11' title='bbox 208 263 284 303; x_wconf 89' lang='grc' dir='ltr'><em>τὸν</em></span> <span class='ocrx_word' id='word_1_12' title='bbox 317 261 513 315; x_wconf 80' lang='grc' dir='ltr'><em>ἀδελφὸν</em></span> <span class='ocrx_word' id='word_1_13' title='bbox 542 258 880 315; x_wconf 79' lang='grc' dir='ltr'><em>Ἀριστόβουλον</em></span> <span class='ocrx_word' id='word_1_14' title='bbox 912 261 1201 315; x_wconf 83' lang='grc' dir='ltr'><em>βουλεύσαιτο</em></span> <span class='ocrx_word' id='word_1_15' title='bbox 1236 259 1283 301; x_wconf 80' lang='grc' dir='ltr'><em>ἐν</em></span> <span class='ocrx_word' id='word_1_16' title='bbox 1315 262 1562 318; x_wconf 77' lang='grc' dir='ltr'><em>κυνηγεσίῳ</em></span> <span class='ocrx_word' id='word_1_17' title='bbox 1604 299 1608 303; x_wconf 94' lang='grc'><em>.</em></span> 
     </span>
    </p>
   </div>
   <div class='ocr_carea' id='block_1_4' title="bbox 151 329 1563 2367">
    <p class='ocr_par' dir='ltr' id='par_1_4' title="bbox 151 329 1563 2367">
     <span class='ocr_line' id='line_1_4' title="bbox 207 329 1563 388; baseline -0.001 -14"><span class='ocrx_word' id='word_1_18' title='bbox 207 334 395 388; x_wconf 86' lang='grc' dir='ltr'><em>λοχήσας</em></span> <span class='ocrx_word' id='word_1_19' title='bbox 427 332 601 374; x_wconf 76' lang='grc' dir='ltr'><em>ἀνελεῖν</em></span> <span class='ocrx_word' id='word_1_20' title='bbox 633 333 710 373; x_wconf 89' lang='grc' dir='ltr'><em>τὸν</em></span> <span class='ocrx_word' id='word_1_21' title='bbox 741 331 927 386; x_wconf 86' lang='grc' dir='ltr'><em>πατέρα,</em></span> <span class='ocrx_word' id='word_1_22' title='bbox 967 330 1039 373; x_wconf 81' lang='grc' dir='ltr'><em>καὶ</em></span> <span class='ocrx_word' id='word_1_23' title='bbox 1077 331 1260 386; x_wconf 77' lang='grc' dir='ltr'><em>φεύγειν</em></span> <span class='ocrx_word' id='word_1_24' title='bbox 1293 332 1354 380; x_wconf 85' lang='grc' dir='ltr'><em>εἰς</em></span> <span class='ocrx_word' id='word_1_25' title='bbox 1378 329 1563 386; x_wconf 81' lang='grc' dir='ltr'><em>Ῥώμην,</em></span> 
     </span>
     <span class='ocr_line' id='line_1_5' title="bbox 207 401 1562 459; baseline -0.001 -14"><span class='ocrx_word' id='word_1_26' title='bbox 207 403 386 445; x_wconf 80' lang='grc' dir='ltr'><em>ἐπειδὰν</em></span> <span class='ocrx_word' id='word_1_27' title='bbox 418 401 534 445; x_wconf 80' lang='grc' dir='ltr'><em>τοῦτ’</em></span> <span class='ocrx_word' id='word_1_28' title='bbox 573 402 689 459; x_wconf 76' lang='grc' dir='ltr'><em>αὐτῷ</em></span> <span class='ocrx_word' id='word_1_29' title='bbox 722 406 920 457; x_wconf 74' lang='grc' dir='ltr'><em>πραχθῇ,</em></span> <span class='ocrx_word' id='word_1_30' title='bbox 959 403 1039 456; x_wconf 88' lang='grc' dir='ltr'><em>τὴν</em></span> <span class='ocrx_word' id='word_1_31' title='bbox 1071 404 1301 456; x_wconf 88' lang='grc' dir='ltr'><em>βασιλείαν</em></span> <span class='ocrx_word' id='word_1_32' title='bbox 1334 402 1562 456; x_wconf 85' lang='grc' dir='ltr'><em>αἰτησόμε-</em></span> 
     </span>
     <span class='ocr_line' id='line_1_6' title="bbox 205 470 1560 528; baseline -0.001 -12"><span class='ocrx_word' id='word_1_33' title='bbox 205 491 293 524; x_wconf 89' lang='grc' dir='ltr'><em>νος.</em></span> <span class='ocrx_word' id='word_1_34' title='bbox 357 474 502 528; x_wconf 76' lang='grc'>&lt;250&gt;</span> <span class='ocrx_word' id='word_1_35' title='bbox 539 472 703 527; x_wconf 84' lang='grc' dir='ltr'><em>εὑρέθη</em></span> <span class='ocrx_word' id='word_1_36' title='bbox 745 470 793 514; x_wconf 74' lang='grc' dir='ltr'><em>δὲ</em></span> <span class='ocrx_word' id='word_1_37' title='bbox 830 471 903 514; x_wconf 85' lang='grc' dir='ltr'><em>καὶ</em></span> <span class='ocrx_word' id='word_1_38' title='bbox 940 472 1171 527; x_wconf 89' lang='grc' dir='ltr'><em>γράμματα</em></span> <span class='ocrx_word' id='word_1_39' title='bbox 1212 478 1290 514; x_wconf 89' lang='grc' dir='ltr'><em>τοῦ</em></span> <span class='ocrx_word' id='word_1_40' title='bbox 1322 475 1560 515; x_wconf 82' lang='grc' dir='ltr'><em>νεανίσκου</em></span> 
     </span>
     <span class='ocr_line' id='line_1_7' title="bbox 204 536 1560 599; baseline -0.001 -12"><span class='ocrx_word' id='word_1_41' title='bbox 204 546 314 599; x_wconf 89' lang='grc' dir='ltr'><em>πρὸς</em></span> <span class='ocrx_word' id='word_1_42' title='bbox 352 546 430 586; x_wconf 89' lang='grc' dir='ltr'><em>τὸν</em></span> <span class='ocrx_word' id='word_1_43' title='bbox 472 543 689 597; x_wconf 82' lang='grc' dir='ltr'><em>ἀδελφόν,</em></span> <span class='ocrx_word' id='word_1_44' title='bbox 735 541 782 583; x_wconf 82' lang='grc' dir='ltr'><em>ἐν</em></span> <span class='ocrx_word' id='word_1_45' title='bbox 824 536 891 592; x_wconf 80' lang='grc' dir='ltr'><em>οἷς</em></span> <span class='ocrx_word' id='word_1_46' title='bbox 933 541 1147 597; x_wconf 85' lang='grc' dir='ltr'><em>ἐμέμφετο</em></span> <span class='ocrx_word' id='word_1_47' title='bbox 1185 544 1262 585; x_wconf 88' lang='grc' dir='ltr'><em>τὸν</em></span> <span class='ocrx_word' id='word_1_48' title='bbox 1299 542 1463 599; x_wconf 80' lang='grc' dir='ltr'><em>πατέρα</em></span> <span class='ocrx_word' id='word_1_49' title='bbox 1502 545 1560 599; x_wconf 88' lang='grc' dir='ltr'><em>μὴ</em></span> 
     </span>
     <span class='ocr_line' id='line_1_8' title="bbox 205 610 1561 671; baseline -0.001 -14"><span class='ocrx_word' id='word_1_50' title='bbox 205 616 352 657; x_wconf 88' lang='grc' dir='ltr'><em>δίκαια</em></span> <span class='ocrx_word' id='word_1_51' title='bbox 377 622 537 668; x_wconf 89' lang='grc' dir='ltr'><em>ποιεῖν,</em></span> <span class='ocrx_word' id='word_1_52' title='bbox 562 610 829 671; x_wconf 77' lang='grc' dir='ltr'><em>Ἀντιπάτρῳ</em></span> <span class='ocrx_word' id='word_1_53' title='bbox 855 613 1003 669; x_wconf 84' lang='grc' dir='ltr'><em>χώραν</em></span> <span class='ocrx_word' id='word_1_54' title='bbox 1030 612 1308 668; x_wconf 80' lang='grc' dir='ltr'><em>ἀπονέμοντα</em></span> <span class='ocrx_word' id='word_1_55' title='bbox 1334 616 1561 670; x_wconf 88' lang='grc' dir='ltr'><em>πρόσοδον</em></span> 
     </span>
     <span class='ocr_line' id='line_1_9' title="bbox 205 683 1561 739; baseline -0.001 -11"><span class='ocrx_word' id='word_1_56' title='bbox 205 687 445 728; x_wconf 77' lang='grc' dir='ltr'><em>διακοσίων</em></span> <span class='ocrx_word' id='word_1_57' title='bbox 489 685 714 727; x_wconf 75' lang='grc' dir='ltr'><em>ταλάντων</em></span> <span class='ocrx_word' id='word_1_58' title='bbox 759 683 1000 739; x_wconf 79' lang='grc' dir='ltr'><em>φέρουσαν.</em></span> <span class='ocrx_word' id='word_1_59' title='bbox 1071 684 1229 737; x_wconf 78' lang='grc'>&lt;251&gt;</span> <span class='ocrx_word' id='word_1_60' title='bbox 1276 683 1346 726; x_wconf 82' lang='grc' dir='ltr'><em>ἐπὶ</em></span> <span class='ocrx_word' id='word_1_61' title='bbox 1389 686 1561 735; x_wconf 78' lang='grc' dir='ltr'><em>τούτοις</em></span> 
     </span>
     <span class='ocr_line' id='line_1_10' title="bbox 203 753 1559 813; baseline 0 -15"><span class='ocrx_word' id='word_1_62' title='bbox 203 756 341 806; x_wconf 83' lang='grc' dir='ltr'><em>εὐθὺς</em></span> <span class='ocrx_word' id='word_1_63' title='bbox 378 755 459 811; x_wconf 76' lang='grc' dir='ltr'><em>μὲν</em></span> <span class='ocrx_word' id='word_1_64' title='bbox 498 755 624 806; x_wconf 77' lang='grc' dir='ltr'><em>ἔδοξέ</em></span> <span class='ocrx_word' id='word_1_65' title='bbox 659 772 699 797; x_wconf 89' lang='grc' dir='ltr'><em>τι</em></span> <span class='ocrx_word' id='word_1_66' title='bbox 737 756 893 797; x_wconf 87' lang='grc' dir='ltr'><em>πιστὸν</em></span> <span class='ocrx_word' id='word_1_67' title='bbox 933 756 1048 810; x_wconf 79' lang='grc' dir='ltr'><em>ἔχειν</em></span> <span class='ocrx_word' id='word_1_68' title='bbox 1072 753 1295 810; x_wconf 45' lang='grc' dir='ltr'><em>(Ηρώδης,</em></span> <span class='ocrx_word' id='word_1_69' title='bbox 1340 756 1397 805; x_wconf 83' lang='grc' dir='ltr'><em>ὡς</em></span> <span class='ocrx_word' id='word_1_70' title='bbox 1436 754 1559 813; x_wconf 75' lang='grc' dir='ltr'><em>ᾤετο,</em></span> 
     </span>
     <span class='ocr_line' id='line_1_11' title="bbox 201 824 1558 882; baseline 0 -13"><span class='ocrx_word' id='word_1_71' title='bbox 201 834 276 881; x_wconf 82' lang='grc' dir='ltr'><em>τῆς</em></span> <span class='ocrx_word' id='word_1_72' title='bbox 313 828 419 869; x_wconf 70' lang='grc' dir='ltr'><em>κατὰ</em></span> <span class='ocrx_word' id='word_1_73' title='bbox 457 834 545 869; x_wconf 86' lang='grc' dir='ltr'><em>τῶν</em></span> <span class='ocrx_word' id='word_1_74' title='bbox 582 827 754 868; x_wconf 78' lang='grc' dir='ltr'><em>παίδων</em></span> <span class='ocrx_word' id='word_1_75' title='bbox 793 826 1000 876; x_wconf 79' lang='grc' dir='ltr'><em>ὑποψίας’</em></span> <span class='ocrx_word' id='word_1_76' title='bbox 1052 824 1124 867; x_wconf 85' lang='grc' dir='ltr'><em>καὶ</em></span> <span class='ocrx_word' id='word_1_77' title='bbox 1163 827 1396 880; x_wconf 88' lang='grc' dir='ltr'><em>συλλαβὼν</em></span> <span class='ocrx_word' id='word_1_78' title='bbox 1429 828 1558 882; x_wconf 79' lang='grc' dir='ltr'><em>ε”δησε</em></span> 
     </span>
     <span class='ocr_line' id='line_1_12' title="bbox 202 893 1558 953; baseline 0 -13"><span class='ocrx_word' id='word_1_79' title='bbox 202 900 279 941; x_wconf 87' lang='grc' dir='ltr'><em>τὸν</em></span> <span class='ocrx_word' id='word_1_80' title='bbox 308 894 613 953; x_wconf 80' lang='grc' dir='ltr'><em>Ἀλέξανδρον,</em></span> <span class='ocrx_word' id='word_1_81' title='bbox 676 893 809 947; x_wconf 78' lang='grc' dir='ltr'><em>αὖθις</em></span> <span class='ocrx_word' id='word_1_82' title='bbox 842 895 881 938; x_wconf 83' lang='grc' dir='ltr'><em>δ’</em></span> <span class='ocrx_word' id='word_1_83' title='bbox 921 897 1002 939; x_wconf 88' lang='grc' dir='ltr'><em>οὐκ</em></span> <span class='ocrx_word' id='word_1_84' title='bbox 1034 897 1148 939; x_wconf 84' lang='grc' dir='ltr'><em>ἀνίει</em></span> <span class='ocrx_word' id='word_1_85' title='bbox 1180 899 1365 952; x_wconf 90' lang='grc' dir='ltr'><em>χαλεπὸς</em></span> <span class='ocrx_word' id='word_1_86' title='bbox 1398 899 1475 952; x_wconf 81' lang='grc' dir='ltr'><em>ὤν,</em></span> <span class='ocrx_word' id='word_1_87' title='bbox 1506 899 1558 940; x_wconf 82' lang='grc' dir='ltr'><em>τὰ</em></span> 
     </span>
     <span class='ocr_line' id='line_1_13' title="bbox 200 962 1558 1024; baseline 0.001 -14"><span class='ocrx_word' id='word_1_88' title='bbox 200 966 281 1023; x_wconf 73' lang='grc' dir='ltr'><em>μὲν</em></span> <span class='ocrx_word' id='word_1_89' title='bbox 322 965 418 1010; x_wconf 81' lang='grc' dir='ltr'><em>οὐδ’</em></span> <span class='ocrx_word' id='word_1_90' title='bbox 457 962 522 1017; x_wconf 81' lang='grc' dir='ltr'><em>οἷς</em></span> <span class='ocrx_word' id='word_1_91' title='bbox 562 969 753 1022; x_wconf 76' lang='grc' dir='ltr'><em>ἤκουσεν</em></span> <span class='ocrx_word' id='word_1_92' title='bbox 795 968 907 1021; x_wconf 77' lang='grc' dir='ltr'><em>ἄγαν</em></span> <span class='ocrx_word' id='word_1_93' title='bbox 947 969 1245 1017; x_wconf 81' lang='grc' dir='ltr'><em>πεπιστευκώς</em></span> <span class='ocrx_word' id='word_1_94' title='bbox 1283 966 1558 1024; x_wconf 79' lang='grc' dir='ltr'><em>(ἀναλογιζο-</em></span> 
     </span>
     <span class='ocr_line' id='line_1_14' title="bbox 200 1035 1557 1097; baseline 0 -15"><span class='ocrx_word' id='word_1_95' title='bbox 200 1039 317 1097; x_wconf 84' lang='grc' dir='ltr'><em>μένῳ</em></span> <span class='ocrx_word' id='word_1_96' title='bbox 350 1040 433 1094; x_wconf 81' lang='grc' dir='ltr'><em>γὰρ</em></span> <span class='ocrx_word' id='word_1_97' title='bbox 467 1038 590 1089; x_wconf 80' lang='grc' dir='ltr'><em>ἄξιον</em></span> <span class='ocrx_word' id='word_1_98' title='bbox 623 1035 704 1093; x_wconf 70' lang='grc' dir='ltr'><em>μὲν</em></span> <span class='ocrx_word' id='word_1_99' title='bbox 737 1037 973 1093; x_wconf 78' lang='grc' dir='ltr'><em>ἐπιβουλῆς</em></span> <span class='ocrx_word' id='word_1_100' title='bbox 1005 1037 1048 1088; x_wconf 79' lang='grc' dir='ltr'><em>ἐξ</em></span> <span class='ocrx_word' id='word_1_101' title='bbox 1081 1038 1228 1080; x_wconf 85' lang='grc' dir='ltr'><em>αὐτῶν</em></span> <span class='ocrx_word' id='word_1_102' title='bbox 1267 1036 1400 1080; x_wconf 75' lang='grc' dir='ltr'><em>οὐδὲν</em></span> <span class='ocrx_word' id='word_1_103' title='bbox 1434 1039 1557 1093; x_wconf 84' lang='grc' dir='ltr'><em>ἐφαί-</em></span> 
     </span>
     <span class='ocr_line' id='line_1_15' title="bbox 198 1107 1557 1165; baseline 0 -13"><span class='ocrx_word' id='word_1_104' title='bbox 198 1126 315 1165; x_wconf 89' lang='grc' dir='ltr'><em>νετο,</em></span> <span class='ocrx_word' id='word_1_105' title='bbox 347 1109 530 1165; x_wconf 79' lang='grc' dir='ltr'><em>μέμψεις</em></span> <span class='ocrx_word' id='word_1_106' title='bbox 562 1107 609 1150; x_wconf 76' lang='grc' dir='ltr'><em>δὲ</em></span> <span class='ocrx_word' id='word_1_107' title='bbox 641 1108 711 1151; x_wconf 83' lang='grc' dir='ltr'><em>καὶ</em></span> <span class='ocrx_word' id='word_1_108' title='bbox 739 1107 936 1151; x_wconf 83' lang='grc' dir='ltr'><em>νεανικαὶ</em></span> <span class='ocrx_word' id='word_1_109' title='bbox 969 1112 1230 1164; x_wconf 88' lang='grc' dir='ltr'><em>φιλοτιμιάι,</em></span> <span class='ocrx_word' id='word_1_110' title='bbox 1261 1108 1333 1151; x_wconf 82' lang='grc' dir='ltr'><em>καὶ</em></span> <span class='ocrx_word' id='word_1_111' title='bbox 1365 1111 1413 1152; x_wconf 92' lang='grc' dir='ltr'><em>τὸ</em></span> <span class='ocrx_word' id='word_1_112' title='bbox 1446 1113 1557 1152; x_wconf 87' lang='grc' dir='ltr'><em>κτεί-</em></span> 
     </span>
     <span class='ocr_line' id='line_1_16' title="bbox 198 1179 1553 1237; baseline 0 -14"><span class='ocrx_word' id='word_1_113' title='bbox 198 1197 337 1223; x_wconf 91' lang='grc' dir='ltr'><em>ναντα</em></span> <span class='ocrx_word' id='word_1_114' title='bbox 386 1187 588 1236; x_wconf 83' lang='grc' dir='ltr'><em>φανερῶς</em></span> <span class='ocrx_word' id='word_1_115' title='bbox 638 1181 699 1229; x_wconf 85' lang='grc' dir='ltr'><em>εἰς</em></span> <span class='ocrx_word' id='word_1_116' title='bbox 747 1181 829 1234; x_wconf 89' lang='grc' dir='ltr'><em>τὴν</em></span> <span class='ocrx_word' id='word_1_117' title='bbox 872 1179 1041 1234; x_wconf 85' lang='grc' dir='ltr'><em>Ῥώμην</em></span> <span class='ocrx_word' id='word_1_118' title='bbox 1091 1180 1233 1234; x_wconf 83' lang='grc' dir='ltr'><em>ὁρμᾶν</em></span> <span class='ocrx_word' id='word_1_119' title='bbox 1283 1179 1553 1237; x_wconf 80' lang='grc' dir='ltr'><em>ἀπίθανον)·</em></span> 
     </span>
     <span class='ocr_line' id='line_1_17' title="bbox 198 1248 1555 1306; baseline 0 -12"><span class='ocrx_word' id='word_1_120' title='bbox 198 1253 344 1306; x_wconf 76' lang='grc'>&lt;252&gt;</span> <span class='ocrx_word' id='word_1_121' title='bbox 386 1252 511 1306; x_wconf 76' lang='grc' dir='ltr'><em>ἠξίου</em></span> <span class='ocrx_word' id='word_1_122' title='bbox 555 1248 603 1292; x_wconf 75' lang='grc' dir='ltr'><em>δὲ</em></span> <span class='ocrx_word' id='word_1_123' title='bbox 643 1249 714 1292; x_wconf 82' lang='grc' dir='ltr'><em>καὶ</em></span> <span class='ocrx_word' id='word_1_124' title='bbox 756 1253 904 1305; x_wconf 80' lang='grc' dir='ltr'><em>μεῖζόν</em></span> <span class='ocrx_word' id='word_1_125' title='bbox 946 1267 986 1292; x_wconf 89' lang='grc' dir='ltr'><em>τι</em></span> <span class='ocrx_word' id='word_1_126' title='bbox 1029 1253 1181 1305; x_wconf 80' lang='grc' dir='ltr'><em>λαβεῖν</em></span> <span class='ocrx_word' id='word_1_127' title='bbox 1223 1256 1297 1305; x_wconf 82' lang='grc' dir='ltr'><em>τῆς</em></span> <span class='ocrx_word' id='word_1_128' title='bbox 1337 1250 1436 1306; x_wconf 79' lang='grc' dir='ltr'><em>περὶ</em></span> <span class='ocrx_word' id='word_1_129' title='bbox 1478 1253 1555 1294; x_wconf 91' lang='grc' dir='ltr'><em>τὸν</em></span> 
     </span>
     <span class='ocr_line' id='line_1_18' title="bbox 197 1319 1555 1377; baseline -0.001 -12"><span class='ocrx_word' id='word_1_130' title='bbox 197 1323 299 1365; x_wconf 73' lang='grc' dir='ltr'><em>υἱὸν</em></span> <span class='ocrx_word' id='word_1_131' title='bbox 324 1324 601 1377; x_wconf 88' lang='grc' dir='ltr'><em>παρανομίας</em></span> <span class='ocrx_word' id='word_1_132' title='bbox 625 1323 878 1377; x_wconf 80' lang='grc' dir='ltr'><em>τεκμήριον,</em></span> <span class='ocrx_word' id='word_1_133' title='bbox 909 1320 980 1364; x_wconf 83' lang='grc' dir='ltr'><em>καὶ</em></span> <span class='ocrx_word' id='word_1_134' title='bbox 1008 1324 1237 1377; x_wconf 75' lang='grc' dir='ltr'><em>φιλόνικος</em></span> <span class='ocrx_word' id='word_1_135' title='bbox 1263 1319 1319 1376; x_wconf 76' lang='grc' dir='ltr'><em>ἦν</em></span> <span class='ocrx_word' id='word_1_136' title='bbox 1345 1322 1402 1376; x_wconf 87' lang='grc' dir='ltr'><em>μὴ</em></span> <span class='ocrx_word' id='word_1_137' title='bbox 1431 1322 1555 1373; x_wconf 80' lang='grc' dir='ltr'><em>δόξαι</em></span> 
     </span>
     <span class='ocr_line' id='line_1_19' title="bbox 197 1390 1554 1449; baseline 0.001 -14"><span class='ocrx_word' id='word_1_138' title='bbox 197 1401 424 1449; x_wconf 77' lang='grc' dir='ltr'><em>προπετῶς</em></span> <span class='ocrx_word' id='word_1_139' title='bbox 455 1394 506 1434; x_wconf 75' lang='grc' dir='ltr'><em>τὰ</em></span> <span class='ocrx_word' id='word_1_140' title='bbox 539 1393 677 1447; x_wconf 83' lang='grc' dir='ltr'><em>δεσμὰ</em></span> <span class='ocrx_word' id='word_1_141' title='bbox 709 1392 1042 1447; x_wconf 76' lang='grc' dir='ltr'><em>κατεγνωκέναι.</em></span> <span class='ocrx_word' id='word_1_142' title='bbox 1098 1400 1185 1434; x_wconf 86' lang='grc' dir='ltr'><em>τῶν</em></span> <span class='ocrx_word' id='word_1_143' title='bbox 1219 1390 1267 1434; x_wconf 73' lang='grc' dir='ltr'><em>δὲ</em></span> <span class='ocrx_word' id='word_1_144' title='bbox 1295 1394 1439 1447; x_wconf 89' lang='grc' dir='ltr'><em>φίλων</em></span> <span class='ocrx_word' id='word_1_145' title='bbox 1465 1401 1554 1436; x_wconf 82' lang='grc' dir='ltr'><em>τῶν</em></span> 
     </span>
     <span class='ocr_line' id='line_1_20' title="bbox 193 1460 1555 1520; baseline 0.001 -15"><span class='ocrx_word' id='word_1_146' title='bbox 193 1460 483 1520; x_wconf 77' lang='grc' dir='ltr'><em>Ἀλεξάνδρου</em></span> <span class='ocrx_word' id='word_1_147' title='bbox 515 1466 763 1519; x_wconf 82' lang='grc' dir='ltr'><em>βασανίζων</em></span> <span class='ocrx_word' id='word_1_148' title='bbox 796 1466 899 1514; x_wconf 86' lang='grc' dir='ltr'><em>τοὺς</em></span> <span class='ocrx_word' id='word_1_149' title='bbox 931 1463 979 1505; x_wconf 81' lang='grc' dir='ltr'><em>ἐν</em></span> <span class='ocrx_word' id='word_1_150' title='bbox 1010 1463 1142 1518; x_wconf 86' lang='grc' dir='ltr'><em>τέλει,</em></span> <span class='ocrx_word' id='word_1_151' title='bbox 1186 1463 1444 1519; x_wconf 83' lang='grc' dir='ltr'><em>διέφθειρεν</em></span> <span class='ocrx_word' id='word_1_152' title='bbox 1477 1465 1555 1507; x_wconf 85' lang='grc' dir='ltr'><em>αὐ-</em></span> 
     </span>
     <span class='ocr_line' id='line_1_21' title="bbox 197 1531 1552 1592; baseline 0.001 -15"><span class='ocrx_word' id='word_1_153' title='bbox 197 1543 285 1577; x_wconf 86' lang='grc' dir='ltr'><em>τῶν</em></span> <span class='ocrx_word' id='word_1_154' title='bbox 329 1535 410 1577; x_wconf 87' lang='grc' dir='ltr'><em>οὐκ</em></span> <span class='ocrx_word' id='word_1_155' title='bbox 455 1535 653 1589; x_wconf 87' lang='grc' dir='ltr'><em>ὀλίγους,</em></span> <span class='ocrx_word' id='word_1_156' title='bbox 698 1532 831 1577; x_wconf 78' lang='grc' dir='ltr'><em>οὐδὲν</em></span> <span class='ocrx_word' id='word_1_157' title='bbox 875 1536 1077 1584; x_wconf 81' lang='grc' dir='ltr'><em>εἰπόντας</em></span> <span class='ocrx_word' id='word_1_158' title='bbox 1122 1531 1183 1576; x_wconf 80' lang='grc' dir='ltr'><em>ὧν</em></span> <span class='ocrx_word' id='word_1_159' title='bbox 1225 1534 1391 1585; x_wconf 82' lang='grc' dir='ltr'><em>ἐκεῖνος</em></span> <span class='ocrx_word' id='word_1_160' title='bbox 1433 1534 1552 1592; x_wconf 72' lang='grc' dir='ltr'><em>ᾤετο.</em></span> 
     </span>
     <span class='ocr_line' id='line_1_22' title="bbox 199 1603 1554 1661; baseline 0.001 -13"><span class='ocrx_word' id='word_1_161' title='bbox 199 1607 355 1660; x_wconf 75' lang='lat'>&lt;253&gt;</span> <span class='ocrx_word' id='word_1_162' title='bbox 406 1609 571 1660; x_wconf 79' lang='grc' dir='ltr'><em>πολλῆς</em></span> <span class='ocrx_word' id='word_1_163' title='bbox 616 1603 664 1647; x_wconf 73' lang='grc' dir='ltr'><em>δὲ</em></span> <span class='ocrx_word' id='word_1_164' title='bbox 708 1612 783 1660; x_wconf 79' lang='grc' dir='ltr'><em>τῆς</em></span> <span class='ocrx_word' id='word_1_165' title='bbox 826 1607 888 1655; x_wconf 85' lang='grc' dir='ltr'><em>είς</em></span> <span class='ocrx_word' id='word_1_166' title='bbox 933 1607 982 1647; x_wconf 91' lang='grc' dir='ltr'><em>τὸ</em></span> <span class='ocrx_word' id='word_1_167' title='bbox 1026 1611 1231 1648; x_wconf 84' lang='grc' dir='ltr'><em>τοιοῦτον</em></span> <span class='ocrx_word' id='word_1_168' title='bbox 1276 1604 1554 1661; x_wconf 80' lang='grc' dir='ltr'><em>ἑτοιμότητος</em></span> 
     </span>
     <span class='ocr_line' id='line_1_23' title="bbox 199 1672 1554 1732; baseline 0.001 -14"><span class='ocrx_word' id='word_1_169' title='bbox 199 1678 333 1731; x_wconf 79' lang='grc' dir='ltr'><em>οὔσης</em></span> <span class='ocrx_word' id='word_1_170' title='bbox 369 1675 443 1718; x_wconf 83' lang='grc' dir='ltr'><em>καὶ</em></span> <span class='ocrx_word' id='word_1_171' title='bbox 481 1679 626 1732; x_wconf 88' lang='grc' dir='ltr'><em>φόβου</em></span> <span class='ocrx_word' id='word_1_172' title='bbox 665 1675 736 1718; x_wconf 81' lang='grc' dir='ltr'><em>καὶ</em></span> <span class='ocrx_word' id='word_1_173' title='bbox 768 1682 958 1732; x_wconf 77' lang='grc' dir='ltr'><em>ταραχῆς</em></span> <span class='ocrx_word' id='word_1_174' title='bbox 989 1675 1088 1732; x_wconf 86' lang='grc' dir='ltr'><em>περὶ</em></span> <span class='ocrx_word' id='word_1_175' title='bbox 1126 1678 1174 1718; x_wconf 90' lang='grc' dir='ltr'><em>τὸ</em></span> <span class='ocrx_word' id='word_1_176' title='bbox 1206 1679 1456 1732; x_wconf 89' lang='grc' dir='ltr'><em>βασίλειον,</em></span> <span class='ocrx_word' id='word_1_177' title='bbox 1492 1672 1554 1728; x_wconf 82' lang='grc' dir='ltr'><em>εἷς</em></span> 
     </span>
     <span class='ocr_line' id='line_1_24' title="bbox 196 1746 1553 1802; baseline 0.001 -14"><span class='ocrx_word' id='word_1_178' title='bbox 196 1763 260 1797; x_wconf 90' lang='grc' dir='ltr'><em>τις</em></span> <span class='ocrx_word' id='word_1_179' title='bbox 291 1755 379 1789; x_wconf 86' lang='grc' dir='ltr'><em>τῶν</em></span> <span class='ocrx_word' id='word_1_180' title='bbox 411 1746 654 1801; x_wconf 87' lang='grc' dir='ltr'><em>νεωτέρων,</em></span> <span class='ocrx_word' id='word_1_181' title='bbox 687 1748 745 1797; x_wconf 88' lang='grc' dir='ltr'><em>ὡς</em></span> <span class='ocrx_word' id='word_1_182' title='bbox 779 1747 826 1789; x_wconf 83' lang='grc' dir='ltr'><em>ἐν</em></span> <span class='ocrx_word' id='word_1_183' title='bbox 858 1754 952 1797; x_wconf 86' lang='grc' dir='ltr'><em>ταῖς</em></span> <span class='ocrx_word' id='word_1_184' title='bbox 984 1746 1193 1801; x_wconf 78' lang='grc' dir='ltr'><em>ἀνάγκαις</em></span> <span class='ocrx_word' id='word_1_185' title='bbox 1226 1746 1418 1802; x_wconf 82' lang='grc' dir='ltr'><em>ἐγένετο,</em></span> <span class='ocrx_word' id='word_1_186' title='bbox 1459 1749 1553 1790; x_wconf 91' lang='grc' dir='ltr'><em>δια-</em></span> 
     </span>
     <span class='ocr_line' id='line_1_25' title="bbox 196 1815 1552 1875; baseline 0.001 -15"><span class='ocrx_word' id='word_1_187' title='bbox 196 1816 382 1872; x_wconf 88' lang='grc' dir='ltr'><em>πέμπειν</em></span> <span class='ocrx_word' id='word_1_188' title='bbox 428 1820 508 1873; x_wconf 82' lang='grc' dir='ltr'><em>ἕφη</em></span> <span class='ocrx_word' id='word_1_189' title='bbox 551 1825 642 1868; x_wconf 86' lang='grc' dir='ltr'><em>τοῖς</em></span> <span class='ocrx_word' id='word_1_190' title='bbox 683 1817 732 1860; x_wconf 81' lang='grc' dir='ltr'><em>ἐν</em></span> <span class='ocrx_word' id='word_1_191' title='bbox 766 1817 904 1874; x_wconf 84' lang='grc' dir='ltr'><em>Ῥώμῃ</em></span> <span class='ocrx_word' id='word_1_192' title='bbox 949 1819 1095 1873; x_wconf 88' lang='grc' dir='ltr'><em>φίλοις</em></span> <span class='ocrx_word' id='word_1_193' title='bbox 1134 1820 1211 1861; x_wconf 90' lang='grc' dir='ltr'><em>τὸν</em></span> <span class='ocrx_word' id='word_1_194' title='bbox 1248 1815 1552 1875; x_wconf 79' lang='grc' dir='ltr'><em>Ἀλέξανδρον,</em></span> 
     </span>
     <span class='ocr_line' id='line_1_26' title="bbox 198 1888 1551 1946; baseline 0.001 -16"><span class='ocrx_word' id='word_1_195' title='bbox 198 1888 405 1939; x_wconf 76' lang='grc' dir='ltr'><em>ἀξιοῦντα</em></span> <span class='ocrx_word' id='word_1_196' title='bbox 443 1892 664 1943; x_wconf 83' lang='grc' dir='ltr'><em>κληθῆναι</em></span> <span class='ocrx_word' id='word_1_197' title='bbox 702 1893 868 1931; x_wconf 81' lang='grc' dir='ltr'><em>θᾶττον</em></span> <span class='ocrx_word' id='word_1_198' title='bbox 906 1889 992 1931; x_wconf 82' lang='grc' dir='ltr'><em>ὑπὸ</em></span> <span class='ocrx_word' id='word_1_199' title='bbox 1026 1891 1265 1946; x_wconf 86' lang='grc' dir='ltr'><em>Καίσαρος·</em></span> <span class='ocrx_word' id='word_1_200' title='bbox 1315 1892 1429 1945; x_wconf 77' lang='grc' dir='ltr'><em>ἔχειν</em></span> <span class='ocrx_word' id='word_1_201' title='bbox 1468 1891 1551 1946; x_wconf 77' lang='grc' dir='ltr'><em>γὰρ</em></span> 
     </span>
     <span class='ocr_line' id='line_1_27' title="bbox 197 1958 1551 2016; baseline 0.001 -16"><span class='ocrx_word' id='word_1_202' title='bbox 197 1959 315 2016; x_wconf 77' lang='grc' dir='ltr'><em>αὐτῷ</em></span> <span class='ocrx_word' id='word_1_203' title='bbox 353 1959 513 2015; x_wconf 81' lang='grc' dir='ltr'><em>πρᾶξιν</em></span> <span class='ocrx_word' id='word_1_204' title='bbox 555 1958 620 2001; x_wconf 78' lang='grc' dir='ltr'><em>ἐπ’</em></span> <span class='ocrx_word' id='word_1_205' title='bbox 666 1959 801 2002; x_wconf 85' lang='grc' dir='ltr'><em>αὐτὸν</em></span> <span class='ocrx_word' id='word_1_206' title='bbox 844 1959 1168 2015; x_wconf 87' lang='grc' dir='ltr'><em>συνισταμένην</em></span> <span class='ocrx_word' id='word_1_207' title='bbox 1208 1966 1421 2015; x_wconf 86' lang='grc' dir='ltr'><em>μηνῦσαι,</em></span> <span class='ocrx_word' id='word_1_208' title='bbox 1460 1963 1551 2003; x_wconf 85' lang='grc' dir='ltr'><em>Μι-</em></span> 
     </span>
     <span class='ocr_line' id='line_1_28' title="bbox 196 2029 1550 2087; baseline 0.002 -16"><span class='ocrx_word' id='word_1_209' title='bbox 196 2031 416 2084; x_wconf 79' lang='grc' dir='ltr'><em>θριδάτην</em></span> <span class='ocrx_word' id='word_1_210' title='bbox 448 2032 524 2072; x_wconf 90' lang='grc' dir='ltr'><em>τὸν</em></span> <span class='ocrx_word' id='word_1_211' title='bbox 557 2029 740 2084; x_wconf 87' lang='grc' dir='ltr'><em>βασιλέα</em></span> <span class='ocrx_word' id='word_1_212' title='bbox 773 2031 977 2086; x_wconf 83' lang='grc' dir='ltr'><em>Πάρθων</em></span> <span class='ocrx_word' id='word_1_213' title='bbox 1018 2038 1097 2073; x_wconf 87' lang='grc' dir='ltr'><em>τοῦ</em></span> <span class='ocrx_word' id='word_1_214' title='bbox 1135 2032 1296 2085; x_wconf 89' lang='grc' dir='ltr'><em>πατρὸς</em></span> <span class='ocrx_word' id='word_1_215' title='bbox 1326 2030 1550 2087; x_wconf 75' lang='grc' dir='ltr'><em>ᾑρημένου</em></span> 
     </span>
     <span class='ocr_line' id='line_1_29' title="bbox 195 2098 1549 2158; baseline 0.001 -15"><span class='ocrx_word' id='word_1_216' title='bbox 195 2102 304 2143; x_wconf 81' lang='grc' dir='ltr'><em>κατὰ</em></span> <span class='ocrx_word' id='word_1_217' title='bbox 336 2099 559 2155; x_wconf 89' lang='grc' dir='ltr'><em>Ῥωμαίων</em></span> <span class='ocrx_word' id='word_1_218' title='bbox 598 2104 750 2155; x_wconf 89' lang='grc' dir='ltr'><em>φίλον·</em></span> <span class='ocrx_word' id='word_1_219' title='bbox 801 2098 915 2143; x_wconf 79' lang='grc' dir='ltr'><em>εἶναι</em></span> <span class='ocrx_word' id='word_1_220' title='bbox 958 2100 997 2143; x_wconf 86' lang='grc' dir='ltr'><em>δ’</em></span> <span class='ocrx_word' id='word_1_221' title='bbox 1043 2101 1160 2158; x_wconf 75' lang='grc' dir='ltr'><em>αὐτῷ</em></span> <span class='ocrx_word' id='word_1_222' title='bbox 1200 2100 1274 2143; x_wconf 85' lang='grc' dir='ltr'><em>καὶ</em></span> <span class='ocrx_word' id='word_1_223' title='bbox 1315 2102 1549 2157; x_wconf 86' lang='grc' dir='ltr'><em>φάρμακον</em></span> 
     </span>
     <span class='ocr_line' id='line_1_30' title="bbox 151 2170 1549 2226; baseline 0.001 -12"><span class='ocrx_word' id='word_1_224' title='bbox 151 2185 170 2214; x_wconf 80' lang='lat'>5</span> <span class='ocrx_word' id='word_1_225' title='bbox 198 2171 246 2214; x_wconf 84' lang='grc' dir='ltr'><em>ἐν</em></span> <span class='ocrx_word' id='word_1_226' title='bbox 262 2170 503 2214; x_wconf 79' lang='grc' dir='ltr'><em>Ἀσκάλωνι</em></span> <span class='ocrx_word' id='word_1_227' title='bbox 528 2171 944 2226; x_wconf 84' lang='grc' dir='ltr'><em>κατεσκευασμένον.</em></span> <span class='ocrx_word' id='word_1_228' title='bbox 987 2172 1130 2226; x_wconf 76' lang='grc'>&lt;254&gt;</span> <span class='ocrx_word' id='word_1_229' title='bbox 1156 2173 1328 2222; x_wconf 87' lang='grc' dir='ltr'><em>τούτοις</em></span> <span class='ocrx_word' id='word_1_230' title='bbox 1353 2172 1549 2215; x_wconf 81' lang='grc' dir='ltr'><em>ἐπίστευ-</em></span> 
     </span>
     <span class='ocr_line' id='line_1_31' title="bbox 197 2241 1549 2299; baseline 0.001 -14"><span class='ocrx_word' id='word_1_231' title='bbox 197 2253 273 2286; x_wconf 86' lang='grc' dir='ltr'><em>σεν</em></span> <span class='ocrx_word' id='word_1_232' title='bbox 311 2241 534 2298; x_wconf 60' lang='grc' dir='ltr'><em>“Ηρώδης,</em></span> <span class='ocrx_word' id='word_1_233' title='bbox 583 2245 659 2284; x_wconf 91' lang='grc' dir='ltr'><em>καί</em></span> <span class='ocrx_word' id='word_1_234' title='bbox 698 2258 797 2284; x_wconf 90' lang='grc' dir='ltr'><em>τινα</em></span> <span class='ocrx_word' id='word_1_235' title='bbox 841 2245 1130 2298; x_wconf 80' lang='grc' dir='ltr'><em>παραμυθίαν</em></span> <span class='ocrx_word' id='word_1_236' title='bbox 1173 2249 1248 2298; x_wconf 80' lang='grc' dir='ltr'><em>τῆς</em></span> <span class='ocrx_word' id='word_1_237' title='bbox 1290 2247 1549 2299; x_wconf 85' lang='grc' dir='ltr'><em>προπετείας</em></span> 
     </span>
     <span class='ocr_line' id='line_1_32' title="bbox 291 2323 885 2367; baseline 0.002 -9"><span class='ocrx_word' id='word_1_238' title='bbox 291 2328 310 2366; x_wconf 64' lang='grc' dir='ltr'><strong><em>ξ</em></strong></span> <span class='ocrx_word' id='word_1_239' title='bbox 336 2327 405 2358; x_wconf 73' lang='grc'><em>254</em></span> <span class='ocrx_word' id='word_1_240' title='bbox 432 2324 476 2359; x_wconf 83' lang='lat' dir='ltr'><em>cf.</em></span> <span class='ocrx_word' id='word_1_241' title='bbox 504 2323 594 2358; x_wconf 82' lang='lat' dir='ltr'>Bell.</span> <span class='ocrx_word' id='word_1_242' title='bbox 622 2324 700 2358; x_wconf 78' lang='lat' dir='ltr'>Iud.</span> <span class='ocrx_word' id='word_1_243' title='bbox 728 2324 744 2357; x_wconf 91' lang='grc' dir='ltr'><strong>Ι</strong></span> <span class='ocrx_word' id='word_1_244' title='bbox 770 2327 825 2367; x_wconf 76' lang='lat'><em>24,</em></span> <span class='ocrx_word' id='word_1_245' title='bbox 853 2327 885 2359; x_wconf 83' lang='lat' dir='ltr'><em>S.</em></span> 
     </span>
    </p>
   </div>
   <div class='ocr_carea' id='block_1_5' title="bbox 1580 843 1612 868">
    <p class='ocr_par' dir='ltr' id='par_1_5' title="bbox 1580 843 1612 868">
     <span class='ocr_line' id='line_1_33' title="bbox 1580 843 1612 868; baseline 0 0"><span class='ocrx_word' id='word_1_246' title='bbox 1580 843 1612 868; x_wconf 92' lang='lat'><em>10</em></span> 
     </span>
    </p>
   </div>
   <div class='ocr_carea' id='block_1_6' title="bbox 1574 1196 1609 1222">
    <p class='ocr_par' dir='ltr' id='par_1_6' title="bbox 1574 1196 1609 1222">
     <span class='ocr_line' id='line_1_34' title="bbox 1574 1196 1609 1222; baseline 0 0"><span class='ocrx_word' id='word_1_247' title='bbox 1574 1196 1609 1222; x_wconf 86' lang='lat'><em>15</em></span> 
     </span>
    </p>
   </div>
   <div class='ocr_carea' id='block_1_7' title="bbox 1573 1549 1608 1576">
    <p class='ocr_par' dir='ltr' id='par_1_7' title="bbox 1573 1549 1608 1576">
     <span class='ocr_line' id='line_1_35' title="bbox 1573 1549 1608 1576; baseline 0.029 -1"><span class='ocrx_word' id='word_1_248' title='bbox 1573 1549 1608 1576; x_wconf 82' lang='lat'><em>20</em></span> 
     </span>
    </p>
   </div>
   <div class='ocr_carea' id='block_1_8' title="bbox 1571 1903 1606 1929">
    <p class='ocr_par' dir='ltr' id='par_1_8' title="bbox 1571 1903 1606 1929">
     <span class='ocr_line' id='line_1_36' title="bbox 1571 1903 1606 1929; baseline 0 0"><span class='ocrx_word' id='word_1_249' title='bbox 1571 1903 1606 1929; x_wconf 83' lang='lat'><em>25</em></span> 
     </span>
    </p>
   </div>
   <div class='ocr_carea' id='block_1_9' title="bbox 1567 2257 1602 2283">
    <p class='ocr_par' dir='ltr' id='par_1_9' title="bbox 1567 2257 1602 2283">
     <span class='ocr_line' id='line_1_37' title="bbox 1567 2257 1602 2283; baseline 0 0"><span class='ocrx_word' id='word_1_250' title='bbox 1567 2257 1602 2283; x_wconf 88' lang='lat'><em>30</em></span> 
     </span>
    </p>
   </div>
  </div>
 </body>
</html>
