1732 2526
223 68 308 110 15ss
717 67 1080 109 APXAlvomAz

224 157 454 229 γίγνονται
479 178 744 225 πολυτελεῖς.
806 175 885 229 τὴν
912 172 951 216 δ’
990 173 1129 230 ἀρχήν
1163 172 1235 229 (οὐ
1267 173 1350 228 γὰρ
1383 175 1572 215 κατελεί-
1612 211 1616 214 .

223 260 327 288 πετο
359 244 536 302 παῖδας)
565 245 763 301 Τιβέριος
788 245 1056 299 παραλαβὼν
1081 245 1341 298 προσθήκην
1370 243 1574 300 ἐπαρχίας

223 324 411 359 ποιεῖται
442 322 518 371 τῆς
538 317 718 372 Σύρων,
743 318 846 365 τοὺς
878 315 1027 370 μέντοι
1052 317 1220 371 φόρους
1245 314 1443 357 ἐκέλευσε
1471 318 1573 357 συλ-

222 386 488 442 λεγομένους
521 386 568 429 ἐν
594 394 644 442 τῇ
671 388 900 443 τετραρχίᾳ
926 393 976 442 τῇ
1005 386 1176 428 ἐκείνου
1204 385 1418 442 γενομένῃ
1450 401 1574 427 κατα-

222 461 442 500 τίθεσθαι.

310 529 455 583 <109>
501 527 548 570 ἐν
597 528 737 584 τούτῳ
789 525 837 569 δὲ
888 528 1194 578 στασιάζουσιν
1234 526 1409 582 Ἀρέτας
1453 524 1500 569 θ’
1551 527 1574 570 ὁ

224 604 439 653 Πετραῖος
475 600 681 653 βασιλεὺς
719 596 792 639 καὶ
826 596 1028 653 “Ηρώδης
1067 599 1140 640 διὰ
1177 600 1386 653 τοιαύτην
1418 599 1574 640 αἰτίαν.

215 670 418 725 “Ηρώδης
451 669 473 712 ὁ
506 669 740 724 τετράρχης
771 676 903 723 γαμεῖ
931 670 1010 723 τὴν
1037 667 1189 723 Ἀρέτα
1229 668 1470 724 θυγατέρα,
1500 667 1574 711 καὶ

223 747 363 795 συνῆν
395 742 558 796 χρόνον
590 740 672 793 ἤδη
706 740 859 781 πολύ-ν.
922 742 1208 794 στελλόμενος
1241 740 1279 782 δ’
1319 739 1387 782 ε’πὶ
1413 738 1576 795 Ῥώμης

223 812 451 865 κατάγεται
485 808 753 866 ε’ν“Ηρώδου
786 809 983 865 ἀδελφοῦ
1010 811 1138 860 ὄντος
1169 811 1248 866 οὐχ
1282 811 1574 866 ὁμομητρίου·

224 883 270 925 ἐκ
302 883 384 936 γὰρ
417 887 493 935 τῆς
524 884 731 936 Σίμωνος
761 888 840 923 τοῦ
872 880 1106 936 ἀρχιερέως
1137 883 1360 937 θυγατρὸς
1373 880 1577 937 “Ηρώδης

224 953 431 1008 ἐγεγόνει.
494 953 639 1006 <11Ο>
673 951 877 1007 ἐρασθεὶς
915 950 963 993 δὲ
994 950 1273 1008 Ἡρωδιάδος
1310 959 1385 1007 τῆς
1415 953 1575 995 τούτου

224 1025 432 1078 γυναικός
477 1022 695 1078 (θυγάτηρ
742 1021 780 1064 δ’
830 1020 885 1077 ἦν
925 1021 1289 1078 Ἀριστοβούλου,
1333 1021 1406 1066 καὶ
1447 1020 1577 1073 οὗτος

224 1094 415 1150 ἁδελφὸς
458 1093 624 1147 αὐτῶν,
664 1092 877 1149 Ἀγρίππα
922 1093 966 1135 δ’
1023 1093 1193 1150 ἀδελφὴ
1238 1101 1316 1137 τοῦ
1360 1094 1573 1150 μεγάλου)

224 1169 363 1221 τολμᾷ
406 1166 551 1218 λόγων
596 1165 812 1206 ἅπτεσθαι
850 1162 949 1219 περὶ
994 1165 1158 1219 γάμων.
1220 1164 1292 1206 καὶ
1338 1163 1577 1219 δεξαμένης

226 1239 448 1290 συνθῆκαι
474 1237 702 1289 γίγνονται
723 1239 1041 1289 μετοικιεϊσθαι
1060 1237 1169 1289 πρὸς
1189 1235 1323 1278 αὐτὸν
1345 1233 1463 1278 ὁπότ’
1492 1234 1575 1278 ἀπὸ

219 1305 383 1361 Ῥώμης
425 1304 737 1361 παραγένοιτο·
778 1303 835 1360 ἦν
879 1304 918 1347 δ’
957 1305 1004 1348 ἐν
1042 1313 1135 1355 ταῖς
1177 1307 1422 1360 συνθήκαις
1467 1306 1576 1348 ὥστε

225 1376 298 1420 καὶ
329 1383 408 1419 τοῦ
436 1375 586 1431 Ἀρέτα
617 1377 697 1430 τὴν
728 1374 953 1431 θυγατέρα
994 1374 1208 1431 ἐκβαλεῖν,
1271 1378 1417 1431 <111>
1448 1375 1521 1418 καὶ
1553 1376 1575 1419 ὃ

226 1446 306 1502 μὲν
339 1449 400 1497 είς
431 1447 510 1501 τὴν
536 1445 704 1501 Ῥώμην
737 1448 870 1500 ἔπλει,
902 1452 1037 1488 ταῦτα
1069 1446 1361 1502 συνθέμενος·
1407 1446 1499 1490 ἐπεὶ
1533 1446 1571 1489 δ’

227 1518 492 1573 ἐπανεχώρει
548 1517 898 1571 διαπραξάμενος
948 1516 996 1558 ἐν
1045 1523 1096 1572 τῇ
1146 1516 1286 1574 Ῥώμῃ
1342 1517 1411 1572 ἐφ’
1468 1520 1576 1575 ἅπερ

227 1591 420 1643 ἔσταλτο,
457 1588 483 1642 ἡ
523 1591 651 1643 γυνή,
687 1589 884 1638 πύστεως
921 1588 1029 1643 αὐτῇ
1061 1595 1149 1630 τῶν
1190 1590 1300 1644 πρὸς
1329 1590 1410 1643 τὴν
1435 1587 1578 1645 Ἡρω-

228 1660 359 1702 διάδα
393 1663 631 1713 συνθηκῶν
664 1658 916 1714 γενομένης,
941 1658 1047 1714 πρὶν
1075 1660 1286 1710 ἔκπυστος
1314 1660 1432 1717 αὐτῷ
1458 1659 1578 1715 γενέ-

228 1735 336 1774 σθαι
367 1731 419 1772 τὰ
451 1730 593 1772 πάντα
627 1729 897 1785 ἐκμαθοῦσα,
928 1731 1096 1772 κελεύει
1125 1730 1311 1785 πέμπειν
1344 1731 1481 1786 αὑτὴν
1508 1731 1578 1774 ε’πὶ

226 1804 568 1857 Μαχαιροῦντος
612 1802 845 1856 (μεθόριον
891 1799 930 1843 δ’
981 1799 1071 1842 ἐστὶ
1112 1808 1187 1855 τῆς
1230 1817 1274 1843 τε
1313 1800 1465 1855 Ἀρέτα
1505 1801 1578 1844 καὶ

219 1871 425 1927 “Ηρώδου
459 1871 625 1927 ἀρχῆς),
656 1873 838 1926 γνώμην
871 1871 951 1914 οὐκ
983 1871 1253 1926 ἐκφαίνουσα
1290 1872 1371 1926 τὴν
1409 1870 1576 1926 ἑαυτῆς.

227 1943 372 1997 <112>
415 1941 487 1984 καὶ
525 1941 728 1997 (Ηρώδης
772 1941 1007 1997 ἐξέπεμψε,
1045 1939 1183 1997 μηδὲν
1222 1939 1453 1998 ᾐσθῆσθαι
1495 1943 1577 1998 τὴν

227 2015 469 2066 ἄνθρωπον
500 2014 775 2067 προσδοκῶν.
843 2013 869 2067 ἣ
909 2011 973 2066 δέ,
1022 2013 1366 2067 προαπεστάλκει
1404 2013 1488 2067 γὰρ
1530 2012 1577 2055 ἐκ

227 2087 431 2133 πλείονος
475 2085 536 2133 εἰς
579 2085 656 2126 τὸν
699 2086 1021 2139 Μαχαιροῦντα
1065 2083 1143 2140 (τῷ
1182 2082 1380 2139 Ἡρώδῃ)
1428 2089 1487 2140 τῷ
1532 2099 1577 2126 τε

227 2153 357 2209 πατρὶ
384 2154 515 2209 αὐτῆς
540 2154 746 2208 ὑποτελῆ,
771 2155 951 2197 πάντων
977 2156 1039 2204 εἰς
1063 2155 1144 2209 τὴν
1170 2154 1431 2209 ὁδοιπορίαν
1458 2153 1576 2208 ἡτοι-

228 2223 463 2280 μασμένων
488 2225 573 2267 ὑπὸ
600 2232 678 2267 τοῦ
706 2232 967 2280 στρατηγοῦ,
994 2226 1081 2280 ἅμα
1107 2241 1152 2267 τε
1178 2231 1322 2280 παρῆν
1348 2223 1421 2266 καὶ
1441 2224 1578 2280 ἀφορ-

228 2302 360 2351 μᾶται
404 2297 466 2346 εἰς
509 2297 590 2351 τὴν
628 2294 836 2352 Ἀραβίαν
886 2297 1044 2352 κομιδῇ
1095 2303 1183 2338 τῶν
1233 2303 1487 2352 στρατηγῶν
1532 2296 1579 2338 ἐκ

1596 827 1629 852 10

1596 1180 1630 1206 15

1597 1534 1632 1561 20

1596 1887 1631 1914 25

1597 2240 1633 2267 30
