1732 2526
70 841 104 866 10

30 1192 102 1218 -15

72 1546 105 1571 20

596 87 1003 121 οΚΤΩΚΑΙΔΕΚΑΤΠ
1390 86 1473 128 175

124 195 419 244 πεπιστευκὼς
456 200 535 236 τοῦ
572 198 684 236 θεοῦ
715 194 763 235 τὸ
806 191 874 234 ἐπ’
912 193 1060 243 αὐτοῖς
1090 193 1474 249 ἀποφανούμενον.

125 265 279 318 <212>
322 266 535 318 οἰώνισμα
574 261 615 305 δ’
653 260 734 305 οὖν
774 263 889 319 αὐτῷ
929 264 1161 317 προύκειτο
1205 266 1265 314 εἰς
1303 264 1473 307 ἐκεῖνον

124 335 244 388 ἥξειν
276 335 357 389 τὴν
388 334 647 389 ἡγεμονίαν,
689 333 735 383 ὃς
772 334 880 375 κατὰ
912 334 992 387 τὴν
1026 333 1235 376 ἐπιοῦσαν
1269 334 1472 388 ἀφίκοιτο

124 406 234 459 πρὸς
265 405 400 446 αὐτὸν
431 406 653 459 πρότερος.
716 409 850 445 ταῦτα
884 402 1139 458 διανοηθεὶς
1170 403 1325 458 πέμπει
1357 406 1473 459 παρὰ

124 481 201 516 τοῦ
246 475 412 517 υἱωνοῦ
456 476 533 517 τὸν
576 475 880 528 παιδαγωγόν,
931 475 1122 515 κελεύων
1165 474 1250 516 ὑπὸ
1295 476 1473 530 πρώτην

125 546 244 599 ὥραν
276 546 400 599 ἄγειν
432 547 509 587 τὸν
541 546 677 586 παῖδα
710 545 767 594 ὡς
799 545 957 598 αὐτόν,
989 547 1367 599 καταμελήσεσθαι
1399 550 1481 598 τῆς-

125 618 383 670 στρατηγίας
414 616 490 657 τὸν
521 617 633 658 θεὸν
658 615 995 670 ὑπολαμβάνων.
1054 615 1076 657 ὃ
1111 611 1149 656 δ’
1181 615 1473 670 ἀντεψήφιζεν

123 685 260 727 αὐτοῦ
301 686 380 740 τὴν
423 688 710 741 χειροτονίαν.
772 686 929 740 <213>
971 685 993 728 ὃ
1037 684 1118 740 μὲν
1157 687 1210 740 δὴ
1249 684 1367 728 ταῦτ’
1407 685 1474 727 ἐν-

123 755 446 811 τεθυμημένος,
496 755 589 798 ἐπεὶ
639 756 816 812 τάχιστα
865 755 1004 811 ἡμέρα
1053 753 1129 810 ἧν,
1179 756 1347 798 κελεύει
1396 758 1473 798 τὸν

123 827 301 869 Εὔοδον
333 828 552 869 εἰσκαλεῖν
584 834 670 868 τῶν
701 828 874 869 παίδων
906 828 983 869 τὸν
1014 829 1209 881 παρόντα
1245 829 1473 881 πρότερον.

123 897 316 948 ἐξελθὼν
349 895 387 939 δ’
428 897 605 951 ἐκεῖνος,
639 896 711 939 καὶ
742 899 819 940 τὸν
853 897 989 940 Γάιον
1021 899 1104 953 πρὸ
1137 905 1216 940 τοῦ
1250 899 1472 952 δωματίου

122 969 378 1022 καταλαβών
419 967 460 1024 (6
500 969 582 1022 γὰρ
629 966 826 1023 Τιβέριος
868 968 920 1010 οὐ
958 975 1103 1024 παρῆν
1141 969 1360 1023 μετεώρου
1399 974 1475 1022 τῆς

123 1044 288 1093 τροφῆς
319 1038 436 1096 αὐτῷ
475 1038 733 1094 γενομένης,
770 1038 868 1094 ᾔδει
901 1037 940 1080 δ’
979 1039 1001 1081 6
1035 1040 1207 1088 Εὔοδος
1246 1036 1378 1080 οὐδὲν
1411 1035 1474 1080 ὧν

123 1107 326 1163 ἐβούλετο
361 1109 383 1151 6
417 1109 647 1166 δεσπότης)
682 1110 823 1151 ‘uastae
852 1108 922 1151 σε”
955 1121 1091 1164 φησιν
1125 1109 1162 1152 ‘6
1196 1108 1368 1164 πατήρ,’
1399 1107 1472 1150 καὶ

123 1180 353 1233 εἰσήγαγεν
380 1179 526 1222 αὐτόν.
577 1180 720 1234 <214>
757 1178 956 1234 Τιβέριος
983 1177 1021 1221 δ’
1053 1180 1112 1238 ὡς
1138 1183 1294 1221 θεᾶται
1321 1179 1473 1233 Γάιον,

122 1251 216 1292 τότε
255 1257 429 1306 πρῶτον
470 1252 532 1300 εἰς
569 1253 748 1293 ἔννοιαν
786 1249 933 1292 ἐλθὼν
976 1257 1055 1293 τοῦ
1086 1253 1215 1292 θειου
1247 1256 1321 1304 τῆς
1354 1249 1473 1300 ε’ξου-

123 1322 233 1375 σιάς,
265 1320 337 1363 καὶ
368 1322 449 1376 τὴν
481 1321 571 1363 κατ’
608 1321 743 1364 αὐτὸν
774 1337 1014 1376 ηγεμονιαν
1051 1325 1275 1370 παντελῶς
1307 1320 1474 1375 ἀφῃρη-

122 1390 259 1446 μένην
285 1391 523 1446 ἐπικυροῦν
545 1386 610 1441 οἷς
635 1394 876 1447 ψηφίσαιτο
902 1392 1131 1446 δυνάμεως
1157 1391 1330 1434 ἐκεῖθεν
1356 1386 1473 1432 αὐτω

123 1463 181 1516 μὴ
207 1461 578 1518 παραγενομένης,
610 1463 751 1505 πολλα
778 1463 831 1516 δὴ
858 1463 1200 1518 κατωλοφύρατο
1234 1462 1368 1503 αὑτὸν
1395 1476 1475 1515 μεν

125 1539 204 1575 τοῦ
231 1529 297 1588 ἐφ’
329 1527 394 1582 οἷς
418 1534 758 1587 προβουλεύσειε
785 1539 952 1588 κυροῦν
986 1531 1271 1588 ἀφῃρημένον
1297 1533 1345 1573 τὸ
1372 1531 1475 1585 κρά-

126 1619 217 1655 τος,
255 1604 400 1657 <215>
438 1602 642 1658 Τιβέριον
682 1601 729 1645 δὲ
767 1604 844 1645 τὸν
874 1603 1062 1657 υἱωνόν,
1100 1603 1157 1652 ὡς
1193 1608 1267 1656 τῆς
1303 1617 1347 1643 τε
1374 1600 1473 1643 Ῥω-

126 1675 267 1727 μαίων
299 1672 432 1728 ἀρχῆς
464 1673 575 1727 ὁμοῦ
609 1673 839 1727 διαμάρτοι
872 1671 943 1714 καὶ
975 1679 1048 1727 τῆς
1078 1675 1292 1728 σωτηρίας
1322 1688 1474 1727 κεχρη-

127 1742 281 1798 μένον,
327 1744 399 1785 διὰ
444 1745 491 1785 τὸ
537 1742 603 1785 ἐπ’
651 1745 796 1785 ἄλλων
841 1746 1123 1799 κρειττόνων,
1169 1744 1248 1785 οὐκ
1292 1743 1474 1785 ἀνεκτὸν

126 1812 481 1868 εἰσηγησομένων
508 1815 588 1868 τὴν
615 1816 996 1869 συναναστροφήν,
1030 1817 1253 1856 κείσεσθαι
1286 1815 1366 1868 τὴν
1391 1824 1474 1855 σω-

75 1898 107 1923 25
127 1887 282 1939 τηρίαν
321 1884 459 1941 αὐτῷ,
496 1890 574 1926 τοῦ
613 1891 853 1938 συγγενοῦς
890 1885 947 1939 μὴ
982 1884 1169 1939 ὠφελεῖν
1207 1882 1503 1939 δυναμένου,-

128 1957 254 2013 φόβῳ
285 1970 329 1997 τε
362 1954 434 1996 καὶ
471 1957 587 2009 μίσει
626 1961 703 1997 τοῦ
744 1953 1029 2009 ἐφεστηκότος
1058 1953 1335 2010 χρησομένου
1366 1956 1474 2009 πρὸς

128 2025 286 2080 αὐτόν,
322 2027 374 2068 τὰ
413 2023 492 2081 μὲν
526 2025 583 2075 ὡς
620 2026 973 2080 προσεδρεύοντα
1004 2031 1054 2081 τῇ
1087 2025 1217 2081 ἀρχῇ,
1255 2026 1307 2067 τὰ
1340 2024 1379 2067 δ’
1416 2026 1474 2075 ὡς

129 2095 514 2152 ἀντεπιβουλεύειν
552 2095 661 2150 ὑπέρ
698 2111 742 2138 τε
780 2101 855 2150 τῆς
893 2098 1105 2151 σωτηρίας
1144 2095 1217 2138 καὶ
1248 2103 1324 2150 τῆς
1357 2095 1473 2138 ἀντι-

129 2169 300 2221 λήψεως
339 2175 424 2210 τῶν
461 2167 729 2221 πραγμάτων
767 2167 824 2220 μὴ
866 2166 1160 2222 ἀφησόμενον.
1223 2158 1377 2221 <216>
1418 2163 1473 2220 ἧν

75 2249 108 2275 3ο
129 2235 177 2279 δὲ
218 2236 290 2279 καὶ
331 2239 669 2293 γενεθλιαλογίᾳ
716 2235 914 2291 Τιβέριος
953 2238 1004 2279 τὰ
1046 2237 1231 2292 μάλιστα
1273 2238 1473 2291 προσκεί-

130 2323 274 2363 μενος,
305 2309 413 2350 κατὰ
444 2309 495 2350 τὰ
527 2307 862 2362 κατορθούμενα
894 2307 1026 2361 αὐτῆς
1057 2309 1263 2362 μειζόνως
1293 2314 1381 2348 τῶν
1412 2307 1473 2355 εἰς
