1732 2526
177 63 233 103 46
668 62 1034 95 ΑΡΧΑΙΟΛΟΓΙΑΣ

176 171 448 212 πονούντων.
513 169 630 224 ὅμως
662 168 710 212 δὲ
742 168 832 211 κατ’
872 169 1007 225 ἀρχὰς
1039 167 1134 223 μέν,
1161 169 1242 211 οὐκ
1275 167 1527 223 ἐπιτρέπον-

176 256 250 290 τος
281 246 360 282 τοῦ
392 238 620 295 βασιλέως,
653 240 884 296 ἀπείχοντο
917 248 1006 282 τῶν
1038 241 1101 289 εἰς
1132 241 1235 289 τοὺς
1275 242 1527 295 περιοίκους
1569 262 1573 266 ·

176 311 472 366 ἀδικημάτων,
500 310 573 353 καὶ
603 313 743 366 πολλὴ
778 312 850 353 διὰ
882 308 998 352 τοῦτ’
1036 308 1092 365 ἧν
1118 309 1296 361 εὐδοξία
1328 316 1404 365 τῆς
1435 309 1525 352 ἐπι-

176 384 349 437 μελείας
374 380 570 437 ”Ηρώδῃ·
605 382 749 437 <273>
781 382 1053 431 πλεύσαντος
1079 379 1122 423 δ’
1159 383 1220 431 εἰς
1252 382 1330 436 τὴν
1344 378 1526 436 Ῥώμην,

177 453 246 494 ὅτε
279 451 351 494 καὶ
384 459 462 494 τοῦ
499 454 657 502 παιδὸς
689 451 981 507 Ἀλεξάνδρου
1013 454 1245 508 κατηγόρει
1286 450 1358 493 καὶ
1389 467 1526 508 παρα-

175 525 426 578 θησόμενος
439 522 726 579 Ἀντίπατρον
758 525 835 566 τὸν
866 524 967 565 υἱὸν
999 524 1298 579 παρεληλύθει
1320 525 1526 578 Καίσαρι,

176 596 311 647 λόγον
345 594 402 644 ὡς
428 593 665 644 ἀπολωλὼς
691 599 756 649 εἴη
785 595 1113 648 διασπείροντες
1139 595 1185 636 οἱ
1207 596 1284 636 τὸν
1314 593 1526 649 Τράχωνα

176 666 411 720 νεμόμενοι
442 671 517 719 τῆς
547 663 583 707 τ’
628 665 764 720 ἀρχῆς
802 663 1051 719 ἀπέστησαν
1089 663 1161 706 καὶ
1197 665 1330 707 πάλιν
1373 663 1442 706 ἐπὶ
1473 665 1526 706 τὰ

176 738 350 791 συνήθη
397 735 484 792 (τὸ)
528 738 631 785 τοὺς
673 736 1006 791 πλησιοχώρους
1055 734 1224 777 ἀδικεῖν
1271 735 1525 790 ἐτράποντο.

174 805 320 861 <274>
358 808 454 848 τότε
492 804 573 861 μὲν
612 803 694 848 οὖν
733 806 894 855 αὐτοὺς
933 807 979 848 οἱ
1013 804 1248 861 στρατηγοὶ
1286 813 1365 848 τοῦ
1403 809 1525 861 βασι-

175 875 282 926 λέως
308 876 498 927 ἀπόντος
523 877 830 934 ἐχειρώσαντο·
863 875 963 932 περὶ
979 877 1308 932 τετταράκοντα
1336 876 1388 918 δέ
1409 892 1527 927 τινες

175 946 433 1004 ἀρχιλῃσταὶ
465 949 574 990 κατὰ
607 947 706 998 δεός
731 956 819 990 τῶν
846 948 1082 1002 ἡλωκότων
1109 946 1307 998 ἐξέλιπον
1334 945 1414 1002 μὲν
1446 949 1526 1002 τὴν

173 1019 336 1074 χώραν,
368 1019 514 1073 <275>
545 1020 606 1069 εἰς
639 1017 686 1061 δὲ
718 1020 798 1073 τὴν
815 1017 1025 1074 Ἀραβίαν
1052 1018 1388 1075 ἀφορμήσαντες
1408 1022 1525 1060 Συλ-

173 1091 301 1131 λαίου
348 1088 590 1144 δεξαμένου
629 1091 736 1144 μετὰ
779 1091 860 1145 τὴν
905 1089 1146 1145 ἀποτυχίαν
1190 1097 1269 1132 τοῦ
1306 1091 1525 1144 Σαλώμης

174 1160 331 1214 γάμου,
364 1161 499 1202 τόπον
530 1159 566 1201 τ’
607 1160 800 1215 ἐρυμνὸν
834 1160 1006 1203 ἐκείνου
1046 1161 1203 1210 δόντος
1241 1158 1420 1217 ᾤκισαν,
1452 1159 1524 1201 καὶ

173 1229 508 1285 κατατρέχοντες
546 1231 600 1273 οὐ
638 1233 778 1286 μόνον
815 1233 895 1286 τὴν
928 1230 1151 1273 Ἰουδαίαν
1191 1230 1301 1272 ἀλλὰ
1339 1229 1410 1272 καὶ
1442 1231 1523 1285 τὴν

172 1303 344 1355 Κοίλην
376 1304 550 1357 Συρίαν
583 1302 756 1344 ἅπασαν
789 1300 1008 1358 ἐλῄζοντο,
1038 1301 1305 1357 παρέχοντος
1337 1302 1523 1358 ὁρμητή-

175 1388 248 1426 ρια
279 1379 357 1414 τοῦ
390 1374 618 1414 Συλλαίου
650 1371 722 1414 καὶ
754 1381 897 1424 κακῶς
926 1380 1134 1416 ποιοῦσιν
1165 1374 1330 1415 ἄδειαν.
1376 1372 1523 1427 <276>

166 1440 370 1497 Ἠρώδης
409 1441 450 1485 δ’
495 1443 753 1485 ἐπανελθὼν
792 1443 876 1486 ἀπὸ
914 1450 990 1499 τῆς
1019 1442 1184 1499 (Ρώμης
1225 1446 1338 1498 ε”γνω
1381 1445 1523 1486 πολλὰ

173 1521 261 1556 τῶν
301 1515 474 1556 οἰκείων
512 1514 629 1572 αὑτῷ
669 1514 966 1570 κεκακωμένα·
1004 1513 1076 1557 καὶ
1117 1522 1205 1557 τῶν
1237 1513 1317 1570 μὲν
1350 1519 1522 1571 λῃστῶν

175 1584 383 1639 ἐγκρατὴς
422 1586 474 1628 οὐ
514 1586 760 1640 δυνάμενος
797 1585 1007 1640 γενέσθαι
1049 1586 1122 1628 διὰ
1160 1587 1240 1640 τὴν
1278 1586 1522 1641 ἀσφάλειαν

173 1655 228 1709 ἣν
256 1655 302 1697 ἐκ
333 1661 407 1710 τῆς
439 1663 527 1698 τῶν
556 1653 753 1712 Ἀράβων
784 1659 1050 1713 προστασίας
1083 1656 1359 1712 ἐπορίσαντο,
1399 1660 1523 1711 χαλε-

173 1733 265 1776 πῶς
297 1723 336 1768 δ’
373 1728 485 1782 ἔχων
518 1728 649 1777 αὐτὸς
679 1735 768 1769 τῶν
794 1727 1090 1783 ἀδικημάτων,
1117 1727 1416 1783 ἐκπεριελθὼν
1445 1729 1523 1770 τὸν

181 1797 391 1852 Τράχωνα
410 1800 513 1848 τοὺς
534 1799 724 1848 οἰκείους
743 1798 889 1841 αὐτῶν
910 1798 1170 1854 ἀπέσφαξεν.
1206 1799 1350 1853 <277>
1377 1798 1522 1841 ἐντεῦ-

173 1872 256 1908 θεν
290 1867 449 1910 ἐκεῖνοι
481 1867 552 1910 καὶ
584 1873 753 1924 μᾶλλον
789 1871 899 1925 πρὸς
937 1870 1071 1925 ὀργὰς
1109 1867 1170 1911 ὧν
1203 1869 1522 1924 ἐπεπόνθεσαν,

174 1939 301 1988 ὄντος
333 1939 482 1989 αὐτοῖς
512 1939 584 1981 καὶ
616 1942 757 1995 νόμου
794 1941 936 1982 πάντα
972 1942 1137 1996 τρόπον
1174 1939 1387 1991 ἐπεξιέναι
1419 1942 1522 1990 τοὺς

174 2016 262 2051 τῶν
288 2010 462 2052 οἰκείων
488 2018 655 2065 φονεῖς,
681 2010 1015 2066 ἀνυποτιμήτως
1047 2012 1126 2066 τὴν
1139 2010 1346 2067 “Ηρώδου
1377 2017 1521 2053 πᾶσαν

174 2081 355 2134 ἄγοντες
385 2079 458 2122 καὶ
489 2079 697 2136 φέροντες
730 2080 967 2124 διετέλουν.
1032 2081 1196 2131 ἐκεῖνος
1228 2079 1276 2123 δὲ
1303 2081 1520 2135 διελέγετο

173 2148 272 2206 περὶ
316 2151 485 2192 τούτων
526 2159 616 2201 τοῖς
656 2154 880 2207 Καίσαρος
920 2152 1102 2207 ἡγεμόσι
1141 2155 1431 2210 Σατουρνίνῳ
1475 2168 1519 2194 τε

1546 821 1579 845 10

1546 1173 1578 1199 15

1542 1528 1576 1553 20

1542 1881 1575 1906 25

173 2220 240 2263 καὶ
272 2220 530 2279 ’ὅολομνίῳ,
563 2220 631 2263 ἐπὶ
663 2222 840 2264 κολάσει
872 2226 975 2273 τοὺς
1013 2224 1173 2279 λῃστὰς
1205 2222 1519 2278 ἐξαιτούμενος.
1538 2235 1573 2261 30

174 2293 317 2347 <278>
350 2292 460 2334 ὅθεν
492 2294 555 2334 ἔτι
587 2291 658 2334 καὶ
690 2296 860 2348 μᾶλλον
892 2295 1082 2349 ἰσχυρῶς
1120 2293 1310 2348 ἐχόντων
1342 2295 1520 2343 πλείους
