1732 2526
199 73 287 114 276
692 73 1053 106 APXAIOAOPIAE

196 183 424 235 βασιλείαν
464 181 799 235 εἰρηνευόμενα,
840 182 917 222 τὸν
950 177 988 222 δ’
1026 181 1127 222 υἱὸν
1166 179 1300 234 αὑτῆς
1332 180 1561 235 μακάριον·

197 250 269 293 καὶ
300 251 417 306 παρὰ
450 257 554 292 πᾶσι
596 252 785 305 ζηλωτὸν
822 249 894 292 καὶ
931 259 1021 301 τοῖς
1059 249 1322 293 ἀλλοεθνέσι
1362 251 1434 292 διὰ
1465 251 1547 305 τὴν

199 321 245 363 ἐκ
276 325 388 363 θεοῦ
421 317 651 376 πρόνοιαν,
685 321 924 376 ἐπιθυμίαν
952 323 1075 376 ἔσχεν
1108 323 1169 370 εἰς
1200 322 1281 376 τὴν
1305 319 1550 375 Ἱεροσολυ-

198 399 335 446 μιτῶν
361 393 491 434 πόλιν
518 391 761 447 ἀφικομένη
788 393 836 434 τὸ
856 398 990 434 πᾶσιν
1012 391 1266 447 ἀνθρώποις
1285 393 1551 447 περιβόητον

200 463 319 517 ἱερὸν
351 468 431 504 τοῦ
461 467 573 505 θεοῦ
604 468 907 518 προσκυνῆσαι
945 461 1016 504 καὶ
1048 464 1358 518 χαριστηρίους
1389 464 1551 511 θυσίας
1587 476 1603 501 5

197 541 530 588 προσενεγκεῖν,
569 533 708 575 ἐδεῖτό
746 549 789 575 τε
828 539 907 575 τοῦ
945 535 1101 583 παιδὸς
1133 532 1372 589 ἐπιτρέψαι.
1435 533 1551 586 <50>
1603 578 1605 580 ,

197 609 276 645 τοῦ
316 602 364 646 δὲ
401 605 518 646 πάνυ
556 605 799 659 προθύμως
830 611 879 659 τῇ
919 604 1049 659 μητρὶ
1080 605 1393 660 παρακαλούσῃ
1424 619 1553 645 κατα-

198 675 437 723 νεύσαντος
474 673 545 716 καὶ
584 675 754 728 πολλὴν
790 676 1074 729 παρασκευὴν
1112 683 1200 717 τῶν
1241 676 1302 724 εἰς
1333 675 1412 728 τὴν
1446 674 1551 716 ἀπο-

199 745 359 798 στολὴν
412 743 756 799 ἑτοιμασαμένου
806 744 878 786 καὶ
928 747 1122 800 χρήματα
1172 749 1352 787 πλεῖστα
1397 746 1553 794 δόντος

197 817 450 869 καταβαίνει
485 817 547 865 εἰς
581 816 661 870 τὴν
689 814 1052 870 Ἱεροσολυμιτῶν
1087 818 1238 870 πόλιν,
1273 814 1551 870 προπέμπον-
1572 829 1606 854 10

198 901 272 934 τος
304 884 373 926 ἐπὶ
405 888 519 927 πολὺ
558 893 636 928 τοῦ
674 887 841 935 παιδός.
904 886 1018 940 <51>
1050 888 1246 940 γίγνεται
1285 882 1324 927 δ’
1361 885 1494 940 αὐτῆς
1524 885 1551 940 ἡ

198 954 343 1011 ἄφιξις
379 957 496 998 πάνυ
536 956 823 1012 συμφέρουσα
860 964 951 1006 τοῖς
975 955 1345 1011 Ἱεροσολυμίταις
1385 955 1458 997 καὶ
1490 956 1552 1005 εἰς

198 1026 250 1067 τὰ
277 1026 464 1080 μάλιστα
489 1030 697 1082 χρησίμη·
744 1030 875 1082 λιμοῦ
902 1028 985 1083 γὰρ
1013 1027 1158 1069 αὐτῶν
1182 1027 1262 1081 τὴν
1288 1029 1419 1068 πόλιν
1445 1026 1554 1068 κατὰ

197 1098 275 1138 τὸν
307 1099 464 1152 καιρὸν
498 1097 667 1139 ἐκεῖνον
699 1098 922 1148 πιέζοντος
952 1096 1025 1139 καὶ
1065 1101 1242 1140 πολλῶν
1273 1094 1347 1138 ὑπ’
1385 1096 1555 1146 ἐνδείας

199 1166 500 1222 ἀναλωμάτων
545 1167 879 1223 φθειρομένων,
924 1168 949 1222 ἡ
994 1167 1166 1223 βασιλὶς
1200 1166 1352 1222 Ἑλένη
1397 1166 1554 1222 πέμπει
1574 1181 1606 1207 15

198 1238 321 1287 τινὰς
353 1241 440 1279 τῶν
474 1236 628 1291 ἑαυτῆς
660 1240 763 1288 τοὺς
794 1236 874 1293 μὲν
904 1240 965 1288 εἰς
990 1240 1071 1294 τὴν
1092 1237 1424 1294 Ἀλεξάνδρειαν
1449 1241 1554 1280 πολ-

199 1311 289 1349 λῶν
317 1315 439 1350 σῖτον
467 1308 777 1363 ὠνησομένους
802 1309 1052 1365 χρημάτων,
1083 1311 1186 1359 τοὺς
1212 1305 1250 1351 δ’
1282 1311 1343 1359 εἰς
1367 1310 1554 1365 Κύπρον

201 1379 396 1434 ἰσχάδων
434 1381 602 1434 φόρτον
642 1383 867 1434 οἴσοντας,
906 1381 1020 1434 <52>
1059 1381 1116 1430 ὡς
1155 1379 1203 1421 δὲ
1240 1381 1373 1422 πάλιν
1410 1377 1555 1433 ἦλθον

201 1447 363 1504 ταχέως
394 1451 657 1504 κομίζοντες,
689 1457 780 1499 τοῖς
806 1449 1127 1506 ἀπορουμένοις
1153 1449 1343 1505 διένειμε
1369 1451 1555 1506 τροφήν,

198 1518 271 1561 καὶ
303 1522 511 1574 μεγίστην
549 1520 682 1574 αὑτῆς
718 1523 894 1575 μνήμην
932 1523 994 1571 εἰς
1030 1520 1097 1563 ἀεὶ
1129 1519 1436 1576 διαβοωμένην
1466 1526 1542 1575 τῆς
1561 1536 1594 1560 20

200 1590 398 1639 εὐποιίας
435 1591 594 1645 ταύτης
631 1592 694 1641 εἰς
731 1593 780 1633 τὸ
819 1598 906 1633 πᾶν
938 1591 1062 1646 ἡμῶν
1095 1593 1228 1641 ε”θνος
1259 1589 1554 1633 καταλέλοιπε.

201 1661 317 1714 <53>
349 1663 606 1715 πυθόμενος
639 1659 686 1703 δὲ
717 1660 790 1703 καὶ
823 1662 845 1704 ὁ
884 1670 985 1711 παῖς
1017 1662 1149 1717 αὐτῆς
1175 1660 1335 1717 Ἰζάτης
1372 1662 1424 1703 τὰ
1455 1659 1555 1715 περὶ

199 1732 277 1772 τὸν
319 1732 447 1785 λιμὸν
491 1733 653 1786 ἔπεμψε
695 1732 835 1774 πολλὰ
877 1735 1073 1788 χρήματα
1114 1740 1205 1782 τοῖς
1241 1732 1430 1786 πρώτοις
1466 1738 1554 1772 τῶν

193 1798 579 1856 Ἱεροσολυμιτῶν,
619 1802 645 1843 ἃ
678 1810 769 1852 τοῖς
807 1802 976 1844 ἐνδεέσι
1010 1801 1334 1857 διανεμηθέντα
1365 1802 1555 1851 πολλοὺς

200 1877 275 1924 τῆς
320 1870 366 1912 ἐκ
410 1877 489 1913 τοῦ
533 1875 663 1926 λιμοῦ
702 1873 1004 1928 σφοδροτάτης
1043 1872 1235 1928 ἀνάγκης
1276 1872 1554 1926 ἀνεκτήσατο.
1575 1886 1608 1911 25

201 1941 312 1982 ἀλλὰ
358 1942 440 1996 γὰρ
486 1942 511 1983 ἃ
556 1944 727 1993 τούτοις
769 1951 860 1993 τοῖς
903 1946 1160 1998 βασιλεῦσιν
1204 1944 1266 1992 εἰς
1305 1944 1384 1997 τὴν
1424 1944 1554 1984 πόλιν

199 2011 323 2065 ἡμῶν
368 2012 514 2066 ἀγαθὰ
555 2012 816 2069 πέπρακται,
860 2013 932 2056 καὶ
971 2015 1067 2056 ὅσοι
1105 2015 1276 2063 τούτοις
1315 2013 1361 2056 ἐκ
1397 2013 1556 2067 ταύτης

201 2084 331 2136 πόροι
364 2082 679 2138 συνελέγησαν,
711 2086 816 2139 μετὰ
847 2092 983 2127 ταῦτα
1016 2086 1284 2140 δηλώσομεν.

153 2152 179 2192 3
291 2153 406 2207 <54>
434 2153 455 2195 ὁ
484 2151 531 2194 δὲ
558 2162 646 2195 τῶν
667 2149 870 2209 Πάρθων
890 2157 1096 2210 βασιλεὺς
1115 2154 1381 2211 Ἀρτάβανος
1400 2154 1555 2196 αἰσθό-

200 2237 331 2276 μενος
362 2225 465 2273 τοὺς
497 2225 633 2266 αὑτοῦ
666 2226 885 2279 σατράπας
919 2225 1158 2280 ἐπιβουλὴν
1187 2223 1251 2266 ἐπ’
1285 2224 1421 2266 αὐτὸν
1450 2235 1553 2266 συν-
1573 2237 1606 2263 80
1670 2244 1671 2252 κ

200 2296 466 2348 τεθεικότας,
491 2293 640 2349 μένειν
665 2294 768 2349 παρ’
798 2296 946 2346 αὐτοῖς
972 2294 1164 2351 ἀσφαλὲς
1189 2295 1269 2351 οὐχ
1297 2296 1414 2351 ὁρῶν
1441 2297 1554 2349 ἔγνω
