1732 2526
605 87 1013 120 OKTRKAIAEKATH
1408 85 1491 126 159

147 198 248 237 λίαν
279 201 354 248 τῆς
369 190 599 236 ’διτελλιόυ
631 195 855 248 στρατείας
880 193 1016 247 φάναι
1043 194 1241 247 μηχανὴν
1269 193 1349 235 οὐκ
1378 190 1492 235 εἶναι

145 272 205 322 τῷ
238 270 405 322 στρατῷ
439 271 514 318 τῆς
539 263 607 306 ἐπὶ
635 263 806 318 Πέτρας
833 264 1019 305 εἰσόδου.
1083 264 1375 317 τεθνήξεσθαι
1408 265 1491 318 γὰρ

146 344 233 377 τῶν
253 336 483 390 ἡγεμόνων
509 334 535 389 ἢ
561 336 639 376 τὸν
665 337 872 387 πολεμεῖν
891 334 1173 388 κελεύσαντα,
1194 334 1219 388 ἢ
1240 336 1316 375 τὸν
1338 336 1490 390 γνώμῃ

143 412 195 461 τῇ
229 405 399 448 ἐκείνου
432 403 693 460 ὡρμημένον
726 405 1045 457 διακονεῖσθαι,
1078 404 1103 458 ἢ
1136 403 1203 459 ἐφ’
1241 404 1293 446 ὃν
1319 404 1490 458 γένοιτο

111 490 126 516 5
145 476 170 530 ἡ
202 477 452 531 παρασκευὴ
485 483 563 517 τοῦ
596 476 926 529 στρατεύματος.

233 547 378 601 <126>
410 544 482 587 καὶ
510 544 734 595 ’ὃιτέλλιος
765 543 843 600 μὲν
876 543 941 586 ἐπ’
974 544 1238 600 Ἀντιοχείας
1270 545 1491 600 ἀνεχώρψ

144 629 234 671 σεν,
263 614 497 672 Ἀγρίππας
529 613 571 657 δ’
609 617 631 658 ὁ
659 615 1001 672 Ἀριστοβούλου
1031 617 1141 670 υἱός,
1168 615 1353 672 ἐνιαυτῷ
1385 617 1491 669 πρό-

142 703 270 743 τερον
297 688 322 742 ἢ
348 690 599 741 τελευτῆσαι
627 687 843 741 Τιβέριον,
871 685 939 728 ἐπὶ
953 686 1115 741 Ῥώμης
1141 688 1281 728 ἄνεισι
1313 686 1491 742 πράξων

142 774 182 800 τι
214 759 331 812 παρὰ
363 764 422 815 τῷ
456 758 762 813 αὐτοκράτορι,
795 757 1023 812 δυνάμεώς
1054 773 1173 807 τινος
1206 757 1322 814 αὐτῷ
1355 772 1491 811 παρα-

89 843 122 868 10
143 828 394 884 γενομένης.
457 829 601 883 <127>
633 829 849 883 βούλομαι
892 825 973 870 οὖν
1011 830 1150 870 εἰπεῖν
1183 827 1252 869 ἐπὶ
1284 829 1491 882 μακρότε-

143 915 222 955 ρον
260 902 364 954 περί
397 915 440 941 τε
474 898 680 954 Ἠρώδου
724 897 794 940 καὶ
833 898 991 953 γένους
1028 899 1164 941 αὐτοῦ
1202 899 1260 947 ὡς
1303 897 1490 952 ἐγένετο,

142 971 230 1025 ἅμα
257 968 336 1025 μὲν
362 969 435 1012 καὶ
462 971 535 1012 διὰ
561 972 608 1012 τὸ
636 970 816 1024 ἀνήκειν
842 977 892 1025 τῇ
922 971 1091 1026 ἱστορία
1116 971 1193 1012 τὸν
1218 968 1316 1021 περὶ
1344 968 1490 1010 αὐτῶν

142 1043 289 1095 λόγον,
329 1042 416 1095 ἅμα
462 1039 509 1082 δὲ
553 1039 624 1081 καὶ
662 1041 936 1094 παράστασιν
975 1042 1089 1094 ἔχειν
1128 1046 1206 1081 τοῦ
1244 1041 1389 1093 θείου,
1433 1038 1490 1088 ὡς

142 1109 275 1153 οὐδὲν
309 1112 472 1166 ὠφελεῖ
499 1113 674 1165 πληθὺς
706 1109 804 1153 οὐδ’
837 1112 946 1165 ἄλλη
973 1127 1037 1160 τις
1064 1110 1171 1164 ἀλκὴ
1198 1116 1286 1150 τῶν
1313 1108 1490 1163 ἀνθρώ-

36 1196 42 1211 -·
87 1195 120 1220 15
140 1197 238 1232 ποις
276 1180 676 1236 ε’πιτετηδευμένων
716 1183 816 1236 δίχα
853 1189 941 1223 τῶν
978 1182 1087 1236 πρὸς
1127 1182 1175 1222 τὸ
1207 1184 1336 1222 θεῖον
1369 1179 1489 1221 εὐσε-
1522 1235 1525 1238 ‚

138 1255 286 1308 βειῶν,
323 1253 468 1307 <128>
501 1256 546 1294 εἴ
574 1251 612 1306 γ’
647 1252 769 1301 ἐντὸς
795 1251 950 1294 ἑκατὸν
977 1251 1086 1293 ἐτῶν
1114 1249 1171 1292 δι’
1197 1251 1303 1292 ὅλου
1325 1248 1488 1303 συνέβη

137 1325 252 1378 πλὴν
300 1324 464 1378 ὀλίγων
517 1321 693 1379 (πολλοὶ
745 1321 784 1364 δ’
838 1320 970 1379 ἦσαν)
1028 1324 1336 1377 διαφθαρῆναι
1385 1322 1490 1370 τοὺς

141 1395 338 1450 Ἠρώδου
377 1393 636 1448 ἀπογόνους.
710 1392 837 1448 φέροι
883 1391 925 1435 δ’
976 1394 1030 1434 ἄν
1080 1409 1121 1434 τι
1164 1390 1267 1433 κάπὶ
1314 1402 1489 1446 σωφρο-

138 1472 278 1522 νισμῷ
311 1471 390 1507 τοῦ
428 1466 710 1519 ἀνθρωπείου
749 1463 904 1517 γένους
942 1465 990 1505 τὸ
1030 1464 1109 1518 τὴν
1143 1464 1385 1517 δυστυχίαν
1414 1461 1490 1502 αὐ-

87 1549 119 1574 2.)
140 1543 227 1578 τῶν
260 1540 436 1590 μαθεῖν,
470 1536 613 1589 <129>
647 1536 734 1589 ἅμα
768 1532 815 1576 δὲ
847 1533 919 1576 καὶ
951 1536 1028 1576 τὸν
1055 1532 1299 1589 Ἀγρίππαν
1339 1534 1490 1586 διηγή-

141 1611 305 1648 σασθαι
334 1607 562 1661 θαύματος
594 1605 832 1655 ἀξιώτατον
868 1604 1176 1660 γεγενημένον,
1216 1604 1262 1653 ὃς
1295 1602 1341 1645 ἐκ
1372 1603 1490 1644 πάνυ

141 1678 335 1731 ἰδιώτου,
380 1675 452 1718 καὶ
489 1676 606 1730 παρὰ
640 1683 784 1717 πᾶσαν
824 1675 956 1726 δόξαν
994 1683 1082 1717 τῶν
1118 1676 1301 1717 εἰδότων
1340 1674 1490 1727 αὐτόν,
1521 1722 1523 1724 ,

140 1746 209 1789 ἐπὶ
235 1745 409 1789 τοσόνδ’
447 1746 618 1801 ηὐξήθη
658 1746 897 1801 δυνάμεως.
960 1751 1127 1802 εἴρηται
1179 1743 1259 1800 μὲν
1303 1741 1385 1787 οὖν
1416 1743 1490 1786 καὶ

138 1820 354 1873 πρότερον
404 1817 503 1873 περὶ
549 1818 715 1871 αὐτῶν,
766 1818 1027 1872 λεχθήσεται
1079 1815 1130 1858 δέ
1171 1832 1244 1871 μοι
1288 1814 1361 1857 καὶ
1405 1821 1489 1856 νῦν

87 1900 121 1926 25
141 1888 342 1945 ἀκριβῶς.

229 1959 376 2014 <130>
402 1957 582 2014 (Ηρώδῃ
613 1965 671 2015 τῷ
704 1959 876 2017 μεγάλῳ
913 1957 1155 2013 θυγατέρες
1193 1957 1239 2000 ἐκ
1279 1957 1487 2012 Μαριάμ-

140 2046 222 2085 μης
252 2035 329 2084 τῆς
353 2028 569 2085 (Υρκανοῦ
600 2031 824 2084 θυγατρὸς
856 2032 1082 2084 γίγνονται
1115 2030 1211 2083 δύο,
1240 2027 1487 2082 Σαλαμψιὼ

140 2098 220 2154 μὲν
251 2100 277 2154 ἡ
311 2099 449 2155 ἑτέρα,
488 2101 512 2155 ἣ
551 2108 750 2154 γαμεῖται
791 2102 1010 2157 Φασαήλῳ
1044 2105 1105 2157 ’τῷ
1140 2099 1272 2153 αὐτῆς
1304 2098 1488 2154 ἀνεψιῷ,

142 2173 380 2226 Φασαήλου
412 2170 537 2213 παιδὶ
564 2173 658 2214 ὄντι
683 2177 762 2213 τοῦ
776 2169 980 2226 Ἡρώδου
1006 2170 1219 2225 ἀδελφοῦ,
1247 2170 1489 2217 δεδωκότος

87 2252 121 2278 30
141 2241 278 2296 αὐτὴν
316 2244 610 2297 τοῦνπατρός·
649 2242 830 2296 Κύπρος
874 2240 916 2283 δ’
956 2239 1222 2297 Ἀντιπάτρῳ
1267 2238 1339 2281 καὶ
1377 2238 1486 2290 αὐτὴ

237 2326 255 2365 ς
282 2325 349 2357 126
377 2322 421 2358 ef.
447 2322 540 2358 ΒΘΗ.
566 2322 643 2357 Iud.
669 2322 702 2356 Π
729 2326 759 2366 9,
788 2326 817 2357 6.
