1732 2526
55 868 88 892 10

51 1221 86 1246 15

51 1927 84 1951 25

48 2280 81 2304 ἰώ

610 113 950 146 ΕΚΚΑῙΔΕΚΑΤΙΙ
1400 112 1425 153 6
1435 113 1456 153 7

110 219 393 276 ἐπιτηροῦσιν
444 219 603 269 αὐτοὺς
651 218 722 261 καὶ
765 220 874 274 πρὸς
917 219 1045 275 χάριν
1089 221 1458 275 καταμηνύουσιν.

111 291 267 345 <4ΟΟ>
313 291 335 333 ὁ
381 289 529 345 μέντοι
573 291 712 344 πατὴρ
759 288 854 332 οὐδ’
900 289 1112 345 ἐντροπῆς
1155 292 1298 332 ἔοικεν
1342 291 1459 341 ἄξιος

109 364 348 415 φαίνεσθαι
398 367 477 403 τοῦ
526 359 625 416 περὶ
677 360 872 410 ἐκείνους
921 360 1210 414 ἀσεβήματος,
1262 361 1308 411 ὃς
1358 362 1458 403 οὔτε

109 434 255 474 πίστιν
288 431 522 486 ἐπιβουλῆς
554 430 714 486 ἐναργῆ
748 432 896 486 λαβὼν
924 432 1024 473 οὔτε
1056 433 1336 487 παρασκευὴν
1370 432 1459 474 ἐπι-

109 504 344 557 χειρήσεως
387 501 580 557 ἐλέγχειν
626 504 738 556 ἔχων
782 502 1020 557 ἐτόλμησεν
1065 502 1317 544 ἀποκτεῖναι
1358 505 1459 552 τοὺς

110 572 152 623 ἐξ
186 573 323 615 αὑτοῦ
354 573 542 628 φύντας,
584 571 788 626 ἀρίστους
825 570 905 627 μὲν
943 574 995 614 τὰ
1029 574 1205 627 σώματα
1236 571 1308 614 καὶ
1339 587 1459 626 περι-

108 645 332 698 ποθήτους
362 649 468 685 πᾶσι
499 651 591 693 τοῖς
623 642 889 698 ἀλλοτριόις,
923 643 1002 686 οὐκ
1035 642 1302 693 ἀποδέοντας
1335 641 1374 684 δ’
1412 643 1458 685 ἐν

107 720 198 762 τοῖς
230 712 590 768 ἐπιτηδεύμασιν,
611 763 614 765 ¹
633 717 676 754 εἴ
707 728 792 755 που
830 718 978 769 θηρᾶν
1018 713 1042 768 ἢ
1076 714 1375 768 γυμνάζεσθαι
1406 714 1458 755 τὰ

106 782 310 838 πολέμων
343 783 367 838 ἢ
400 783 546 837 λέγειν
577 781 686 837 ὑπὲρ
724 791 812 825 τῶν
845 784 1122 838 ἐμπεσόντων
1160 785 1266 826 ἔδει·
1312 785 1458 838 <401>

108 854 276 896 τούτων
320 855 403 908 γὰρ
449 853 652 896 ἁπάντων
697 862 921 909 μετεῖχον,
966 853 1250 909 Ἀλέξανδρος
1295 852 1342 896 δὲ
1386 854 1458 896 καὶ

107 917 275 978 μᾶλλον
316 924 339 967 ὁ
379 926 686 981 πρεσβύτερος.
748 926 870 980 ἢρκει
911 925 1017 980 γάρ,
1057 927 1098 967 εἰ
1136 924 1206 967 καὶ
1248 924 1458 979 κατέγνω,

105 994 178 1036 καὶ
218 997 378 1046 ζῶντας
416 996 531 1050 ὅμως
570 995 616 1037 ἐν
656 997 833 1050 δεσμοῖς
870 996 895 1050 ἢ
929 997 1227 1047 ξενιτεύοντας
1268 995 1350 1038 ἀπὸ
1383 1003 1458 1050 τῆς

105 1064 240 1121 ἀρχῆς
272 1067 407 1121 ἔχειν,
448 1066 642 1120 μεγάλην
674 1066 918 1121 ἀσφάλειαν
951 1067 1067 1124 αὑτῷ
1099 1066 1456 1125 περιβεβλημένῳ

104 1136 184 1190 τὴν
210 1136 432 1191 Ῥωμαίων
465 1137 677 1191 δύναμιν,
719 1134 776 1178 δι’
813 1137 868 1190 ἣν
908 1135 1040 1179 οὐδὲν
1080 1136 1176 1179 οὐδ’
1213 1137 1255 1187 ἐξ
1289 1137 1455 1192 ἐφόδου

105 1205 176 1248 καὶ
221 1209 296 1264 βίᾳ
338 1211 501 1249 παθεῖν
545 1206 743 1249 ἐδύνατο.
816 1209 972 1262 <402>
1016 1209 1064 1250 τὸ
1110 1206 1152 1249 δ’
1203 1207 1455 1250 ἀποκτεῖναι

105 1278 213 1332 ταχὺ
253 1275 325 1319 καὶ
365 1279 474 1332 πρὸς
513 1277 682 1332 ἡδονὴν
722 1284 801 1320 τοῦ
842 1285 1054 1328 νικῶντος
1095 1278 1229 1321 αὐτὸν
1268 1279 1456 1334 πάθους,

105 1347 307 1402 ἀσεβείας
337 1350 572 1404 τεκμήριον
605 1348 948 1403 ἀνυποτιμήτου,
979 1347 1051 1390 καὶ
1077 1355 1151 1403 τῆς
1181 1349 1350 1403 ἡλικίας
1382 1350 1455 1392 οὔ·

106 1430 183 1473 σης
221 1417 268 1460 ἐν
306 1420 435 1473 γήραι
473 1425 686 1461 τοσοῦτον
725 1418 972 1474 ἐξήμαρτεν.
1036 1419 1181 1473 <403>
1223 1421 1249 1473 ἥ
1282 1436 1329 1473 γε
1369 1422 1455 1475 μὴν

104 1490 299 1543 παρολκὴ
343 1487 415 1530 καὶ
459 1490 506 1530 τὸ
550 1491 753 1544 χρονίζον
799 1489 878 1530 οὐκ
923 1488 978 1530 ἂν
1026 1489 1142 1546 αὐτῷ
1188 1492 1455 1545 συγγνώμην

51 1574 64 1598 2
105 1560 202 1601 τινὰ
234 1557 372 1614 φέροι.
423 1561 529 1614 ταχὺ
562 1557 641 1613 μὲν
667 1560 751 1614 γὰρ
778 1558 1043 1613 ἐκπλαγέντα
1069 1559 1140 1601 καὶ
1167 1560 1455 1615 κεκινημένον

104 1636 298 1685 χωρῆσαι
330 1631 438 1683 πρός
469 1646 509 1671 τι
547 1637 635 1671 τῶν
675 1629 870 1683 ἀτόπων,
912 1631 953 1671 εί
981 1629 1053 1672 καὶ
1088 1630 1313 1687 δυσχερές,
1355 1630 1447 1673 ἀλλ’

104 1699 171 1742 ἀεὶ
203 1703 465 1755 συμβαῖνον·
511 1700 558 1742 ἐν
599 1700 818 1742 ἐπιστάσει
861 1699 908 1742 δὲ
946 1699 1018 1742 καὶ
1056 1703 1201 1756 μήκει,
1245 1695 1454 1753 πολλάκις

103 1768 184 1826 μὲν
216 1770 467 1826 ὁρμηθέντα
493 1771 702 1821 πολλάκις
728 1769 775 1812 δὲ
801 1773 1091 1827 μελλήσαντα,
1123 1774 1170 1814 τὸ
1203 1776 1453 1815 τελευταῖον

103 1841 346 1895 ὑποστῆναι
389 1841 461 1883 καὶ
506 1842 831 1897 διαπράξασθαι
874 1843 1081 1897 φονώσης
1124 1842 1195 1885 καὶ
1241 1845 1453 1899 δυσμετα-

103 1914 284 1967 κινήτου
316 1919 457 1968 ψυχῆς
488 1912 571 1954 ἀπὸ
604 1920 691 1954 τῶν
722 1915 948 1968 χειρόνων.
1005 1914 1150 1968 <4Ο4>
1185 1914 1376 1968 ἐδήλωσε
1404 1912 1452 1956 δὲ

102 1981 174 2025 καὶ
205 1991 297 2033 τοῖς
329 1980 476 2038 αὖθις,
508 1983 588 2026 οὐκ
615 1983 912 2038 ἀποσχόμενος
938 1982 1042 2026 οὐδὲ
1068 1992 1157 2026 τῶν
1183 1987 1452 2040 περιλοίπων

103 2054 235 2104 ὅσους
268 2053 409 2096 ἐδόκει
440 2054 696 2109 φιλτάτους,
729 2052 796 2109 ἐφ’
835 2049 899 2104 οἷς
929 2055 977 2096 τὸ
1010 2053 1091 2109 μὲν
1124 2056 1296 2097 δίκαιον
1330 2057 1450 2097 ἔλατ-

102 2140 178 2167 τον
223 2124 359 2167 ἐποίει
405 2129 736 2179 συμπαθεῖσθαι
777 2126 880 2174 τοὺς
921 2124 1272 2180 ἀπολλυμένους,
1315 2127 1363 2168 τὸ
1407 2126 1446 2167 δ’

103 2195 222 2250 ὠμὸν
255 2195 409 2249 ὅμοιον
435 2192 490 2249 ἦν
516 2201 575 2252 τῷ
601 2193 701 2250 μηδ’
734 2193 914 2237 ἐκείνων
946 2197 1207 2254 φεισαμένῳ.
1258 2195 1449 2251 διέξιμεν

104 2263 142 2306 6³
179 2262 289 2321 ὑπὲρ
322 2265 468 2308 αὐτῶν
501 2263 598 2320 ἑξῆς
629 2264 941 2320 ἀφηγούμενοι.
