1732 2526
221 50 306 91 328
779 47 1008 81 ΙΩΣΗΠΟΤ

228 156 453 211 Τιβεριάδι
485 159 670 209 θερμοῖς
700 155 831 196 ὕδασι
859 159 933 208 τῆς
958 159 1037 195 τοῦ
1065 153 1261 207 σώματος
1287 151 1413 194 ἕνεκα
1437 156 1571 207 θερα-

221 229 356 276 πειάς.
417 226 531 279 <86>
569 225 698 279 κάγὼ»
730 222 869 279 μηδὲν
906 224 1181 272 ὑποπτεύσας
1218 222 1399 277 πράξειν
1436 223 1572 265 αὐτὸν

221 298 433 352 πονηρόν,
459 296 541 338 οὐκ
562 295 777 338 ἐκώλυσα·
809 296 919 350 πρὸς
940 292 987 336 δὲ
1007 293 1080 336 καὶ
1107 301 1197 343 τοῖς
1216 300 1290 348 τῆς
1315 294 1573 348 Τιβεριάδος

222 369 302 422 τὴν
347 368 566 421 διοίκησιν
610 364 684 408 ὑπ’
737 365 843 420 ἐμοῦ
887 364 1247 419 πεπιστευμένοις
1290 362 1381 405 κατ’
1433 365 1573 418 ὄνομα

223 438 378 493 γράφω
410 438 648 479 κατάλυσιν
682 436 906 491 ἑτοιμάσαι
945 443 1003 493 τῷ
1035 435 1215 491 Ἰωάννῃ
1247 433 1318 476 καὶ
1350 442 1440 484 τοῖς
1471 434 1573 489 ἀφι-

223 508 422 563 ξομένοις
455 510 537 550 σὺν
570 509 702 564 αὐτῷ,
734 507 910 548 πάντων
943 522 987 548 τε
1019 514 1106 548 τῶν
1140 505 1398 559 ἐπιτηδείων
1431 504 1575 559 ἀφθο-

223 581 326 621 νίαν
351 586 604 634 παρασχεῖν.
666 577 887 633 διέτριβον
915 576 962 619 δὲ
988 578 1095 619 κατὰ
1120 578 1198 619 τὸν
1224 578 1378 630 καιρὸν
1405 575 1576 618 ἐκεῖνον

226 649 273 692 ἐν
299 650 421 705 κώμῃ
448 656 523 703 τῆς
550 650 783 698 Γαλιλαίας
814 648 840 701 ἣ
866 648 1239 703 προσαγορεύεται
1266 647 1403 688 Κανά.
1462 647 1577 701 (87)

226 720 248 762 ὁ
295 718 342 761 δὲ
375 719 581 773 Ἰωάννης
625 719 890 773 ἀφικόμενος
933 720 995 767 εἰς
1038 719 1118 773 τὴν
1166 717 1402 773 Τιβεριέων
1445 719 1576 759 πόλιν

227 792 376 832 ἔπειθε
414 792 516 839 τοὺς
554 789 821 843 ἀνθρώπους
859 788 1131 838 ἀποστάντας
1167 795 1242 842 τῆς
1278 790 1387 841 πρός
1423 803 1474 841 με
1507 788 1576 828 πί-

227 872 360 910 στεως
386 863 709 915 προστίθεσθαι
737 860 866 916 αὐτῷ.
919 858 991 901 καὶ
1017 857 1173 901 πολλοὶ
1200 859 1279 912 τὴν
1305 857 1579 912 παράκλησιν

226 930 365 985 ἡδέως
398 929 620 984 ἐδέξαντο,
661 929 887 984 νεωτέρων
928 929 1250 983 ἐπιθυμοῦντες
1283 927 1350 970 ἀεὶ
1380 928 1581 984 πραγμά-

1596 806 1630 829 10

227 1017 315 1043 των
348 1003 420 1043 καὶ
452 1002 584 1056 φύσει
615 1002 723 1055 πρὸς
754 1001 996 1055 μεταβολὰς
1026 999 1279 1054 ἐπιτηδείως
1305 1001 1476 1054 ἔχοντες
1506 997 1601 1040 καὶι

230 1072 405 1114 στάσεσι
448 1074 691 1127 χαίροντες·
736 1072 861 1125 <88>
901 1071 1087 1125 μάλιστα
1129 1068 1177 1111 δὲ
1213 1068 1403 1119 Ἰοῦστος
1442 1068 1515 1111 καὶ
1556 1069 1579 1112 ὁ

229 1143 369 1197 πατὴρ
397 1142 533 1184 αὐτοῦ
554 1145 719 1191 Πίστος
746 1142 1005 1197 ὡρμήκεσαν
1031 1140 1297 1190 ἀποστάντες
1321 1140 1428 1195 ἐμοῦ
1446 1151 1579 1195 προσ-

229 1215 439 1254 τίθεσθαι
476 1218 535 1269 τςό
570 1211 766 1267 Ἰωάννῃ.
830 1213 1073 1253 διεκώλυσα
1112 1210 1149 1252 δ’
1196 1211 1356 1260 αὐτοὺς
1392 1211 1581 1265 φθάσας.

231 1283 358 1337 <89>
396 1280 473 1336 ’ἧκε
511 1283 593 1337 γὰρ
632 1283 815 1336 ἄγγελός
853 1299 928 1336 μοι
965 1283 1082 1334 παρὰ
1114 1284 1249 1335 Σίλα,
1290 1281 1342 1322 ὃν
1384 1280 1468 1334 ἐγὼ
1507 1297 1582 1322 κα-

231 1353 464 1395 θεστάκειν
490 1359 565 1407 τῆς
597 1353 856 1407 Τιβεριάδος
882 1354 1141 1407 στρατηγόν,
1168 1353 1225 1401 ὡς
1249 1359 1476 1405 προεῖπον,
1502 1353 1582 1406 τὴν

232 1431 320 1465 τῶν
371 1422 607 1477 Τιβεριέων
658 1425 837 1477 γνώμην
887 1422 1174 1476 ἀπαγγέλλων
1223 1420 1330 1477 κάμὲ
1376 1423 1584 1464 σπεύδειν

231 1498 514 1549 παρακαλῶν·
541 1495 844 1548 βραδύνοντος
870 1494 952 1547 γὰρ
979 1493 1064 1535 ὑπὸ
1090 1494 1170 1547 τὴν
1197 1492 1357 1548 ἑτέρων
1381 1492 1583 1543 ἐξουσίαν

232 1567 500 1619 γενήσεσθαι
531 1566 611 1619 τὴν
643 1566 786 1606 πόλιν.
841 1565 956 1618 <9Ο>
988 1563 1181 1618 ἐντυχὼν
1214 1560 1295 1606 οὖν
1326 1572 1418 1612 τοῖς
1449 1564 1583 1618 γράμἢ

234 1647 339 1689 μασι
371 1642 449 1677 τοῦ
483 1638 612 1688 Σίλα,
644 1633 716 1675 καὶ
750 1636 1004 1683 διακοσίους
1037 1634 1270 1688 ἀναλαβὼν
1302 1634 1488 1688 ἄνδρας,
1522 1633 1577 1676 δι’

235 1706 338 1759 ὅλης
377 1712 453 1759 τῆς
489 1706 647 1754 νυκτὸς
683 1706 762 1759 τὴν
799 1707 983 1759 πορείαν
1022 1704 1284 1759 ἐποιούμην,
1327 1703 1586 1759 προπέμψας

235 1777 423 1830 ἄγγελον
455 1777 532 1817 τὸν
562 1776 642 1829 τὴν
676 1775 784 1829 ἐμὴν
815 1777 1062 1829 παρουσίαν
1088 1783 1178 1824 τοῖς
1204 1775 1252 1817 ἐν
1277 1781 1327 1830 τῇ
1361 1775 1586 1830 Τιβεριάδι

237 1852 531 1901 σημανοῦντα.
582 1846 694 1898 <91>
727 1845 822 1902 πρῲ
850 1843 897 1886 δὲ
929 1846 1243 1900 πλησιάζοντός
1274 1860 1359 1899 μου
1384 1850 1434 1899 τῇ
1460 1846 1584 1887 πόλει

235 1919 284 1958 τὸ
326 1919 497 1970 πλῆθος
537 1916 817 1969 ὑπηντίαζεν,
857 1914 929 1957 καὶ
964 1912 1171 1969 Ἰωάννης
1209 1916 1291 1956 σὺν
1329 1915 1493 1964 αὐτοῖς·
1540 1916 1586 1965 ὃς

236 1986 308 2028 καὶ
351 1988 467 2028 πάνυ
509 2002 561 2040 με
605 1985 931 2040 τεταραγμένως
971 1985 1296 2040 ἀσπασάμενος,
1340 1986 1487 2035 δείσας
1527 1989 1585 2041 μὴ

238 2059 299 2107 εἰς
331 2059 508 2111 ἔλεγχον
541 2057 677 2098 αὐτοῦ
709 2063 784 2110 τῆς
815 2056 1010 2110 πράξεως
1042 2054 1311 2109 ἀφικομένης
1342 2054 1587 2098 ἀπολέσθαι

237 2128 525 2181 κινδυνεύσῃ,
562 2127 815 2181 ὑπεχώρησε
854 2127 958 2181 μετὰ
991 2127 1186 2180 σπουδῆς
1223 2127 1284 2175 εἰς
1315 2127 1395 2180 τὴν
1429 2125 1586 2169 ἑαυτοῦ

238 2198 487 2240 κατάλυσιν.
545 2197 657 2250 <92>
690 2197 808 2250 κάγὼ
843 2195 889 2239 δὲ
923 2199 1159 2251 γενόμενος
1184 2196 1291 2238 κατὰ
1317 2198 1364 2238 τὸ
1391 2197 1587 2252 στάδιον,

334 2283 352 2321 ξ
379 2282 422 2312 86
451 2278 494 2312 cf.
520 2277 613 2312 Bell.
639 2277 717 2312 Iud.
745 2277 778 2311 Π
804 2281 859 2321 21,
888 2282 919 2312 6,

1602 1156 1635 1181 15

1605 1860 1639 1886 25

1606 2211 1643 2237 30
