1732 2526
178 2011 198 2041 6

233 53 318 93 168
723 53 1089 88 ΑΡΧΑΙΟΛΟΓΙΑΣ

230 160 468 214 ὑπολαβὼν
505 160 632 214 ἤρετο
672 160 750 213 τὴν
789 160 932 200 αἰτίαν
970 166 1049 202 τοῦ
1089 159 1377 214 ἀπρομηθοῦς
1409 159 1470 208 είς
1501 159 1610 213 τὴν,

231 232 456 285 διαφυγὴν
495 237 631 272 κακοῦ
670 237 749 271 τοῦ
788 229 1084 285 ἐφεστηκότος.
1146 228 1217 271 καὶ
1251 230 1318 283 ὅς,
1360 229 1581 284 “μειζόνως

229 302 313 356 γὰρ
359 300 414 343 ἂν
456 300 652 355 ἀδικοίης
695 300 762 355 με’
805 297 917 354 εἶπε,
963 300 1136 350 εταύτας
1177 299 1427 354 ἀπαγαγών.
1489 307 1582 349 ταῖς

229 369 311 427 μὲν
344 373 425 426 γὰρ
458 373 542 426 ἤδη
575 373 900 427 πληρωθείσαις
930 377 1008 412 τοῦ
1034 372 1213 425 αἵματος
1239 369 1388 412 οὐκέθ’
1422 371 1582 425 ὁμοίως

230 443 388 493 ἔπειξις
421 444 553 498 ὄχλον
585 458 659 496 μοι
690 449 945 497 παρασχεῖν,
978 440 1088 483 ἀλλά
1120 455 1179 497 πῃ
1206 439 1277 482 καὶ
1305 440 1580 496 ἀνίσχουσιν·
1619 456 1635 482 5

232 514 280 554 αἱ
310 511 349 555 δ’
381 513 640 569 ἀκραιφνεῖς
671 518 729 568 τῷ
763 510 855 554 κατ’
888 512 1021 562 αὐτὰς
1046 516 1158 568 λιμῷ
1185 515 1485 554 συνελθοῦσαι
1511 510 1582 553 καὶ

229 584 496 639 τετρυμένον
534 585 617 638 ἤδη
655 583 1079 637 παραλαμβάνουσαι
1115 582 1197 624 κᾶν
1240 581 1413 640 ὀλέθρῳ
1445 597 1582 638 παρα-

231 655 379 697 δοῖεν.’
444 654 587 708 <176>
622 654 694 695 διὰ
727 653 830 694 τάδε
863 649 945 695 οὖν
977 653 1135 703 καύτὸς
1166 654 1251 696 ὑπὸ
1284 657 1461 696 πολλῶν
1493 659 1582 695 τῶν

228 729 405 767 κλοπῶν
433 723 778 779 διεφθαρμένοις
803 731 894 773 τοῖς
919 722 1177 766 ὑποτελέσιν
1197 725 1430 779 προμηθὴς
1456 721 1582 777 εἶναι,

229 797 286 850 μὴ
333 802 529 850 συνεχεῖς
571 792 902 844 ἐξαποστέλλειν
941 796 1043 843 τοὺς
1082 794 1407 850 ἡγησομένους,
1451 797 1496 837 οἳ
1536 794 1582 836 ἐν
1603 811 1636 835 ιο

228 868 374 924 τρόπῳ
408 873 550 921 μυιῶν
585 864 866 919 ἐκπολεμοῖεν
900 865 1080 919 αὐτούς,
1121 867 1252 920 φύσει
1289 867 1398 919 πρὸς
1429 865 1583 922 κέρδος

228 936 548 993 ὀρωρεγμένοις
586 937 814 990 σύμμαχον
851 936 1270 990 παραλαμβάνοντες
1305 938 1385 991 τὴν
1428 936 1582 978 ἐλπίδα

226 1015 307 1051 τοῦ
357 1006 518 1063 ταχέως
571 1006 986 1061 ἀφαιρεθησομένου
1037 1007 1117 1060 τὴν
1168 1005 1346 1048 ἐνθένδ’
1402 1007 1581 1062 ἡδονήν.

228 1079 374 1133 <177>
408 1078 675 1132 μαρτυρήσει
709 1075 760 1118 δέ
789 1093 862 1131 μοι
888 1083 947 1133 τῷ
975 1079 1091 1135 λόγῳ
1117 1077 1216 1132 περὶ
1242 1084 1316 1132 τῆς
1343 1077 1412 1120 ἐπὶ
1439 1079 1582 1120 τοιού-

225 1166 318 1199 τοις
356 1150 531 1203 φύσεως
575 1149 779 1202 Τιβερίου
820 1149 868 1189 τὸ
912 1149 1044 1202 ἔργον
1086 1148 1210 1190 αὐτό·
1261 1150 1332 1202 ἔτη
1374 1150 1457 1203 γὰρ
1500 1150 1580 1191 δύο
1602 1163 1635 1189 15

225 1222 335 1276 πρὸς
378 1227 468 1269 τοῖς
517 1222 683 1260 εἴκοσιν
733 1218 1013 1273 αὐτοκράτωρ
1065 1221 1300 1273 γενόμενος
1352 1221 1433 1262 δύο
1479 1223 1581 1271 τοὺς

224 1291 391 1340 πάντας
436 1286 668 1338 Ἰουδαίοις
718 1287 925 1343 ἐξέπεμψε
977 1290 1282 1344 διοικήσοντας
1331 1291 1379 1332 τὸ
1431 1292 1579 1345 ἔθνος,

226 1363 400 1417 Γρᾶτόν
432 1376 476 1401 τε
508 1359 580 1401 καὶ
614 1362 833 1412 Πιλᾶτον,
873 1359 921 1409 ὃς
959 1360 1076 1417 αὐτῷ
1116 1359 1339 1410 διεδέξατο
1372 1362 1452 1415 τὴν
1483 1361 1580 1415 ἡγε-

225 1435 399 1487 μονίαν.
462 1431 620 1485 <178>
659 1429 730 1472 καὶ
769 1430 850 1471 οὐκ
889 1429 958 1472 ἐπὶ
1000 1428 1080 1485 μὲν
1115 1429 1342 1473 Ἰουδαίων
1383 1439 1581 1482 τοιοῦτος

225 1501 304 1557 ἦν,
349 1501 537 1556 ἑτεροῖος
575 1499 613 1543 δ’
653 1500 721 1542 ἐπὶ
759 1508 848 1542 τῶν
886 1504 1053 1544 λοιπῶν
1090 1502 1319 1557 ὑπηκόων,
1365 1502 1474 1544 ἀλλὰ
1505 1501 1578 1545 καὶ
1598 1517 1634 1542 20

225 1581 314 1615 τῶν
360 1574 596 1627 δεσμωτῶν
640 1573 721 1626 τὴν
765 1571 1017 1626 ὑπερβολὴν
1061 1578 1136 1627 τῆς
1183 1571 1434 1628 ἀκροάσεως
1478 1573 1578 1616 ἀπε-

225 1647 439 1699 σήμαινεν
471 1640 581 1698 ὑπὲρ
614 1649 693 1684 τοῦ
727 1643 1003 1684 δικαιωθεῖσι
1045 1640 1124 1697 μὲν
1157 1643 1337 1700 θανάτῳ
1369 1645 1580 1699 κούφισιν

224 1714 435 1769 γενέσθαι
461 1721 548 1755 τῶν
576 1712 872 1767 ἐνεστηκότων
898 1720 1060 1767 κακῶν,
1093 1714 1165 1755 διὰ
1191 1715 1239 1756 τὸ
1266 1715 1324 1768 μὴ
1351 1713 1416 1756 ἐπ’
1447 1714 1578 1771 ἀρετῇ

224 1793 312 1828 τῶν
364 1784 433 1826 ἐπὶ
483 1785 699 1833 τοιούτοις
748 1784 855 1839 τύχῃ
901 1787 1160 1838 συνελθεῖν,
1209 1784 1485 1840 τριβομένοις
1529 1784 1572 1827 δ’

224 1856 444 1911 ἀχθηδόνι
485 1860 535 1908 τῇ
570 1852 817 1909 ἐπικειμένῃ
851 1856 1027 1908 μείζονα
1059 1853 1325 1910 προσρέπειν
1358 1857 1438 1910 τὴν
1471 1857 1574 1898 δυσ-
1595 1869 1629 1894 25

223 1928 390 1981 τυχίαν.
1126 1978 1129 1981 ζ

314 1996 458 2050 <179>
493 1996 565 2036 διὰ
598 1993 678 2049 μὲν
711 1996 764 2049 δὴ
796 1995 897 2036 τάδε
930 1993 1003 2036 καὶ
1042 1995 1064 2037 ὁ
1097 1996 1296 2050 Εὔτυχος
1327 1995 1575 2051 ἀκροάσεώς

222 2066 258 2109 τ’
299 2066 378 2108 οὐκ
410 2065 617 2120 ἐτύγχανε
651 2064 723 2106 καὶ
757 2066 932 2120 δεσμοῖς
970 2065 1170 2121 ἐνείχετο.
1232 2068 1395 2121 χρόνου
1429 2064 1467 2108 δ’
1507 2066 1574 2121 ἐγ-
1627 2086 1634 2091 ·’

222 2135 466 2192 γενομένου
505 2135 704 2190 Τιβέριός
735 2132 772 2177 τ’
810 2135 856 2177 ἐκ
887 2143 976 2177 τῶν
1009 2138 1226 2191 Καπρεῶν
1258 2138 1318 2186 εἰς
1352 2139 1573 2180 Τουσκου-

222 2212 361 2250 λᾶνον
404 2208 740 2261 παραγίγνεται,
785 2206 891 2247 ὅσον
937 2206 1019 2248 ἀπὸ
1066 2208 1257 2248 σταδίων
1303 2205 1456 2249 ἑκατὸν
1499 2214 1574 2263 τῆς
1591 2221 1628 2246 3ο

215 2278 401 2333 Ῥώμης,
445 2275 515 2319 καὶ
549 2276 571 2318 ὁ
600 2277 836 2331 Ἀγρίππας
868 2275 985 2326 ἀξιοῖ
1012 2277 1093 2331 τὴν
1120 2275 1357 2319 Ἀντωνίαν
1391 2278 1572 2334 διαπρά-
