1732 2526
573 118 913 150 EKKAIAEKATH
1359 119 1415 160 33

69 223 177 274 λε’ως
221 223 514 278 ἐγγυηθείσης
555 225 779 278 θυγατρὸς
820 225 900 278 τὴν
941 223 1021 279 μὲν
1065 226 1416 281 ὑπερηφανῆσαι,

66 296 176 349 πρὸς
214 292 262 336 δὲ
299 295 378 348 τὴν
416 295 583 348 δούλην
619 296 696 336 τὸν
736 300 845 336 νοῦν
887 296 1014 349 ἔχειν.
1077 297 1222 350 (195)
1254 299 1414 351 ἤχθετο

66 363 108 407 δ’
146 363 402 420 ἀτιμασθεὶς
426 363 628 418 Ἠρώδης
660 371 718 421 τῷ
747 366 887 407 πολλὰ
914 365 994 420 ¹uffv
1025 366 1305 421 εὐεργετῆσαι
1338 370 1414 410 τὸν

65 435 275 490 ἀδελφόν,
308 435 492 489 δυνάμει
520 433 568 477 δὲ
594 434 666 476 καὶ
692 437 909 478 κοινωνὸν
936 438 1052 490 ἔχειν
1077 443 1152 491 τῆς
1177 440 1414 496 βασιλείας,

28 506 144 561 δούχ
187 507 340 561 ὅμοιον
381 507 443 555 εἰς
480 505 554 554 τὰς
591 506 774 559 ἀμοιβὰς
806 507 942 559 ὁρῶν,
983 507 1066 548 κάν
1104 514 1160 563 τῷ
1192 509 1412 565 προσώπῳ

65 578 299 631 δυστυχεῖν
330 575 452 633 ᾠέτο.
509 577 654 630 <1ffl5>
686 575 758 617 καὶ
784 577 862 630 τὴν
895 575 975 631 μὲν
1002 579 1153 633 κόρην,
1185 578 1242 632 μὴ
1269 579 1412 633 τυχὼν

66 648 252 702 Φερώρα
285 648 478 701 δικαίου,
516 645 642 688 παιδὶ
676 649 914 702 Φασαήλου
953 649 1158 703 δίδωσιν,
1196 648 1326 698 αὐτὸς
1364 646 1412 690 δὲ

63 719 229 772 χρόνου
280 718 537 767 διελθόντος
587 719 788 771 οἰόμενος
830 718 914 772 ἤδη
961 718 1290 773 παρηκμακέναι
1332 720 1412 774 τὴν

62 788 303 842 ἐπιθυμίαν
341 788 564 845 τάδελφῷ,
602 791 706 842 περί
738 804 782 830 τε
821 796 908 830 τῶν
947 788 1122 841 ἐρώτων
1159 787 1307 845 ᾐτιᾶτο
1340 789 1411 831 καὶ

9 873 42 897 ιυ
61 860 142 913 τὴν
181 858 390 915 δευτέραν
429 858 553 913 ἠξίου
596 859 853 913 λαμβάνειν·
903 860 1084 913 Κύπρος
1122 858 1160 901 δ’
1205 859 1411 903 ἐκαλεῖτο.

62 931 206 984 <19ῖ>
244 931 428 987 Φερώρᾳ
468 927 515 971 δὲ
554 930 846 984 συμβουλεύει
879 933 1153 984 Πτολεμαῖος
1193 932 1275 984 ἤδη
1307 929 1412 973 ποτὲ

59 999 324 1057 παυσαμένῳ
365 1007 439 1054 τῆς
479 1001 541 1050 εἰς
581 1001 658 1041 τὸν
700 999 896 1054 ἀδελφὸν
938 1000 1108 1055 ἀτιμίας
1148 1003 1410 1055 καταβαλεῖν

59 1072 137 1113 τὸν
170 1073 324 1125 ἔρωτα·
375 1069 447 1112 καὶ
480 1072 562 1125 γὰρ
595 1071 777 1126 αἰσχρὸν
814 1067 928 1112 εἶναι
961 1071 1124 1125 δούλης
1160 1071 1409 1126 ἡττώμενον

60 1141 317 1197 ἀποστερεῖν
350 1140 430 1196 μὲν
462 1142 597 1184 αὑτὸν
623 1147 697 1195 τῆς
728 1141 904 1190 εὐνοίας
935 1147 1009 1195 τῆς
1039 1142 1156 1195 παρὰ
1182 1141 1409 1196 βασιλέως,

7 1226 39 1267 {5
60 1217 201 1254 αι”τιον
246 1210 294 1254 δὲ
337 1211 523 1269 κάκείνῳ
567 1218 755 1267 ταραχῆς
797 1210 870 1253 καὶ
920 1215 1076 1266 μίσους
1121 1213 1230 1265 πρὸς
1273 1213 1408 1255 αὐτὸν

58 1285 368 1326 καθίστασθαι.
419 1282 562 1336 <198>
588 1281 708 1324 ταῦτ’
739 1281 905 1332 ἐκεῖνος
931 1282 1040 1324 ἰδὼν
1066 1284 1408 1337 λυσιτελήσοντα

57 1361 117 1412 τῷ
151 1353 223 1396 καὶ
248 1356 462 1409 πρότερον
489 1352 536 1395 ἐν
565 1354 792 1407 διαβολαῖς
820 1354 1056 1407 γενόμενος
1083 1358 1407 1408 συνεγνῶσθαι,

57 1427 138 1479 τὴν
179 1423 259 1480 μὲν
300 1425 564 1480 ἄνθρωπον,
608 1425 692 1478 ἤδη
734 1423 806 1465 καὶ
846 1424 983 1465 παῖδα
1024 1423 1066 1474 ἐξ
1109 1424 1241 1478 αὐτῆς
1281 1426 1408 1479 ἔχων,

58 1495 376 1551 ἀποπέμπεται,
414 1498 588 1550 βασιλεῖ
616 1492 654 1536 δ’
694 1495 909 1549 ὡμολόγει
942 1496 1164 1548 λήψεσθαι
1194 1495 1274 1548 τὴν
1307 1496 1406 1537 δευ-

5 1579 38 1604 20
57 1566 188 1622 τέραν
226 1566 362 1608 αὐτοῦ
399 1564 645 1621 θυγατέρα,
688 1564 760 1607 καὶ
800 1566 1061 1620 τριακοστὴν
1098 1564 1265 1620 ἡμέραν
1304 1578 1407 1608 συν-

59 1636 185 1680 έθετο
241 1644 319 1679 τοῦ
374 1637 540 1691 γάμου,
596 1636 982 1690 συνεπομνύμενος
1038 1636 1096 1685 ὡς
1152 1634 1286 1678 οὐδὲν
1344 1638 1406 1678 ἔτι

57 1708 309 1763 κοινώνημα
357 1708 466 1762 πρὸς
509 1707 587 1761 τὴν
634 1706 1000 1761 ἀποπεμφθεῖσαν
1045 1708 1176 1748 ἔσται.
1247 1707 1406 1761 <199>

58 1778 336 1820 διελθουσῶν
383 1776 430 1819 δὲ
475 1785 562 1820 τῶν
605 1772 833 1832 τριάκονθ’
878 1777 1052 1832 ἡμερῶν
1096 1782 1308 1820 τοσοῦτον
1349 1775 1405 1832 ἦν

56 1849 199 1902 ἥττων
242 1854 321 1891 τοῦ
362 1849 522 1903 ἔρωτος
560 1848 668 1890 ὥστε
706 1845 844 1903 μηδὲν
885 1845 965 1902 μὲν
1003 1849 1065 1889 ε”τι
1101 1853 1280 1902 ποιῆσαι
1317 1856 1405 1891 τῶν

23 1917 430 1974 ὃὼμολογημένων,
473 1918 606 1960 πάλιν
648 1916 695 1960 δὲ
738 1919 953 1960 διατελεῖν
994 1916 1064 1959 ἐπὶ
1104 1923 1153 1972 τῇ
1195 1917 1404 1974 ἐρωμένῃ.

57 1988 129 2032 καὶ
160 1995 295 2032 ταῦτα
326 1997 530 2045 φανερῶς
558 1989 642 2043 ἤδη
674 1990 751 2031 τὸν
774 1985 982 2044 Ἡρώδην
1014 1987 1163 2030 ἐλύπει
1193 1986 1265 2029 καὶ
1296 1989 1405 2043 πρὸς

59 2059 196 2116 ὀργὴν
227 2057 346 2115 ἦγεν.
408 2061 553 2114 <200>
591 2057 702 2115 ἦσαν
741 2056 823 2102 οὖν
861 2061 986 2113 λόγοι
1025 2055 1140 2108 τινὲς
1171 2056 1239 2100 ἀεὶ
1270 2070 1403 2113 προσ-

57 2133 286 2181 πίπτοντες
316 2129 417 2185 παρ’
454 2131 611 2184 αὐτοῦ,
648 2129 720 2172 καὶ
749 2128 905 2172 πολλοὶ
937 2130 1017 2184 τὴν
1049 2129 1186 2185 ὀργὴν
1217 2135 1296 2170 τοῦ
1327 2131 1404 2182 βα-

59 2201 211 2252 σιλέως
237 2201 442 2257 ἀφορμὴν
468 2209 555 2243 τῶν
575 2202 682 2243 κατὰ
704 2201 890 2256 Φερώρα
916 2201 1137 2254 διαβολῶν
1158 2198 1403 2242 ἐποιοῦντο.

23 2271 246 2314 οδιέλειπε
287 2270 326 2314 δ’
364 2271 445 2314 οὐκ
485 2270 579 2314 ἔσθ’
622 2272 715 2326 ἥτις
758 2269 896 2326 ἡμέρα
937 2268 1032 2312 οὐδ’
1077 2270 1169 2325 ὥρα
1209 2265 1312 2311 καθ’
1348 2269 1403 2323 ἣν

59 2340 259 2397 ἀτρεμεῖν
302 2343 418 2400 αὐτῷ
463 2341 743 2398 συνέβαινεν,
795 2340 888 2383 ἀλλ’
939 2340 1011 2383 ἀεί
1055 2357 1095 2382 τι
1138 2339 1406 2394 προσέπιπτέ

130 2417 299 2444 Ιοεεεεωε.
336 2419 388 2444 IV.
1169 2413 1189 2443 3
