1732 2526
588 101 997 134 EIITAKAIAEKATH
1410 101 1434 143 8
1441 102 1463 142 7

119 209 170 250 τὰ
202 208 357 262 πάντα,
390 209 503 257 εἰκός
533 207 571 249 τ’
606 207 686 250 οὐκ
724 203 837 248 εἶναι
874 214 961 248 τῶν
1000 206 1251 262 ἀλλαχόθεν
1290 208 1466 263 ἐπιβου-

119 283 210 321 λῶν
240 281 318 322 τὸν
347 276 510 333 πατέρα
542 277 799 332 ἐξελόμενον
826 276 960 319 αὐτὸν
988 276 1303 333 ἐπιβουλευτὴν
1337 296 1464 322 κατα-

118 357 287 404 στῆναι,
318 350 390 391 καὶ
423 348 688 403 ἀφανίζοντα
721 348 879 401 ἀρετὴν
910 347 936 401 ἢ
969 344 1034 390 ἐπ’
1066 346 1249 399 ἐκείνοις
1282 349 1463 404 ἐμαρτυ-

117 427 233 474 ρεῖτο
267 420 399 477 αὐτῷ,
436 413 564 476 κακίᾳ
601 425 651 474 τῇ
694 417 763 461 ἐπὶ
805 419 952 460 τοῖσδε
990 420 1209 475 μελλούσῃ
1252 428 1463 462 συνεῖναι.

82 491 264 544 ⁵<102>
302 492 443 532 καίτοι
481 504 528 543 γε
567 496 645 532 τοῦ
683 489 996 543 βασιλεύοντος
1034 489 1244 545 διάδοχον
1275 505 1464 544 προαπο-

117 561 357 616 δεδεῖχθαι,
400 558 472 602 καὶ
509 565 588 600 τοῦ
627 558 1080 614 συναπολαυσομένου
1121 567 1275 615 τιμῶν,
1319 563 1367 602 αἳ
1404 563 1465 610 εἰς

115 633 163 674 τὸ
195 632 336 687 παρὸν
372 635 600 685 περιῆσαν,
640 630 719 672 οὐκ
760 629 1123 684 ἐπικεκωλῦσθαι,
1165 631 1280 679 εἰκός
1311 628 1347 672 τ’
1385 631 1463 673 οὐκ

114 698 228 743 εἶναι
258 703 336 743 τὸν
369 700 574 743 ἁπάντων
607 699 855 750 ἀκινδύνως
886 699 956 742 καὶ
991 699 1082 755 μετ’
1124 700 1278 755 ἀρετῆς
1311 702 1464 756 ἔχοντα

114 772 195 825 τὴν
225 770 444 826 ἡμίσειαν,
475 771 581 825 μετὰ
613 773 766 825 ψόγων
797 769 868 812 καὶ
901 771 1115 813 κινδύνου
1148 770 1352 826 ἐφίεσθαι
1384 777 1462 814 τοῦ

62 853 95 878 10
115 842 238 897 ὅλου,
275 843 442 897 ἄδηλον
481 843 522 883 εἰ
560 842 810 896 δυνάμενον
848 841 1179 896 περιγενέσθαι,
1218 841 1290 884 καὶ
1328 848 1463 884 ταῦτα

112 911 381 967 τεθεαμένον
425 913 506 967 τὴν
551 915 704 966 ζημίαν
749 920 836 954 τῶν
881 911 1105 967 ἀδελφῶν,
1150 911 1222 954 καὶ
1264 914 1462 968 μηνυτὴν

112 981 192 1038 μὲν
219 982 291 1025 καὶ
316 984 619 1038 κατηγορητὴν
646 985 885 1038 γενόμενον
911 983 1154 1025 λανθάνειν
1186 982 1463 1038 δυναμένων,

112 1054 330 1108 κολαστὴν
374 1052 441 1107 δ’,
486 1053 578 1095 ἐπεὶ
622 1052 807 1110 φανεροὶ
857 1052 1126 1108 κατέστησαν
1175 1053 1361 1108 πονηροὶ
1412 1056 1464 1095 τὰ

113 1126 221 1179 πρὸς
261 1126 338 1167 τὸν
378 1123 542 1180 πατέρα
588 1125 722 1174 ὄντες.
784 1125 928 1178 <103>
970 1123 1042 1166 καὶ
1082 1124 1185 1166 τάδε
1227 1122 1307 1178 μὲν
1347 1124 1463 1181 αὐτῷ

27 1206 93 1242 ,15
114 1203 201 1237 τῶν
243 1195 438 1238 ἐνταῦθα
476 1193 792 1249 ἠγωνισμένων
829 1196 1159 1249 παραδείγματα
1204 1191 1338 1249 εἶναι,
1375 1202 1463 1237 τῶν

113 1266 287 1322 ἀκράτῳ
313 1266 466 1322 εὐνοία
497 1267 607 1321 πρὸς
638 1267 715 1308 τὸν
747 1264 912 1321 πατέρα
943 1264 1343 1319 πεπολιτευμένων·
1375 1272 1463 1307 τῶν

115 1334 152 1378 δ’
201 1335 270 1378 ἐπὶ
306 1335 468 1391 Ῥώμης
509 1336 708 1391 μάρτυρα
748 1333 862 1378 εἶναι
903 1337 1122 1390 Καίσαρα,
1165 1333 1229 1377 ἐπ’
1278 1339 1373 1390 ἴσης
1404 1342 1462 1393 τῷ

113 1410 205 1463 θεῷ
239 1406 521 1461 ἀπατηθῆναι
554 1401 650 1449 οἷόν
681 1405 720 1448 τ’
757 1408 879 1449 ὄντα·
911 1407 1055 1460 <104>
1088 1402 1150 1447 ὧν
1175 1408 1322 1448 πίστιν
1349 1403 1461 1448 εἶναι

114 1478 164 1518 τὰ
196 1476 269 1518 ὑπ’
308 1477 479 1519 ἐκείνου
512 1478 742 1532 γράμματα
780 1475 1091 1531 ἐπεσταλμένα,
1132 1472 1193 1518 ὧν
1226 1476 1279 1518 οὐ
1320 1480 1462 1527 καλῶς

59 1559 94 1584 20
114 1549 229 1603 ἔχειν
263 1546 546 1603 ἰσχυροτέρας
576 1545 689 1589 εἶναι
731 1548 806 1597 τὰς
844 1548 1054 1602 διαβολὰς
1091 1554 1178 1589 τῶν
1217 1548 1462 1598 στασιάζειν

114 1617 274 1668 αὐτοὺς
316 1616 626 1673 προθεμένων,
670 1614 768 1673 (ὧν)
813 1618 888 1667 τὰς
927 1619 1105 1666 πλείους
1145 1616 1366 1674 ἀποδημίᾳ
1409 1624 1460 1673 τῇ

114 1688 251 1731 αὑτοῦ
289 1692 558 1742 συντεθῆναι
602 1691 762 1743 σχολῆς
798 1694 889 1737 τοϊς
934 1687 1112 1743 ἐχθροῖς
1157 1686 1460 1742 ἐγγενομένης,

113 1759 168 1812 ἣν
203 1758 283 1800 οὐκ
309 1757 363 1799 ἂν
389 1758 538 1808 αὐτοῖς
576 1757 893 1812 ἐπιδημοῦντος
924 1756 1265 1813 παραγενέσθαι.
1315 1759 1460 1812 <1Οὸ>

115 1829 428 1884 διαβάλλοντος
455 1826 502 1870 δὲ
528 1827 600 1870 καὶ
625 1829 701 1878 τὰς
725 1829 948 1883 βασάνους
975 1830 1036 1878 εἰς
1060 1829 1376 1883 ψευδολογίαν,
1402 1829 1460 1879 ὡς

59 1910 94 1936 25
113 1905 189 1953 τῆς
219 1897 411 1953 ἀνάγκης
443 1899 581 1953 φύσιν
613 1898 795 1954 ἐχούσης
829 1899 1054 1941 διδάσκειν
1080 1901 1182 1949 τοὺς
1213 1900 1460 1942 ὑποπεσόν-

113 1986 188 2020 τας
211 1970 350 2025 ἡδονῇ
375 1970 427 2011 τὰ
452 1970 592 2012 πολλὰ
618 1977 704 2012 τῶν
731 1969 1032 2025 ἐφεστηκότων
1058 1968 1217 2025 λέγειν,
1237 1969 1306 2012 καὶ
1329 1969 1459 2024 παρέ-

113 2056 268 2096 χοντος
298 2040 433 2083 αὑτὸν
465 2041 526 2090 εἰς
557 2041 753 2095 βάσανον
774 2073 782 2082 .
803 2074 810 2082 .
834 2073 842 2082 .

200 2111 344 2165 <106>
370 2110 440 2153 ἐπὶ
465 2111 638 2161 τούτοις
662 2117 824 2166 τροπῆς
849 2117 928 2154 τοῦ
954 2112 1191 2167 συνεδρίου
1218 2110 1458 2166 γενομένης

115 2182 309 2237 (σφόδρα
352 2182 435 2237 γὰρ
480 2181 694 2239 ᾤκτειραν
737 2183 816 2224 τὸν
853 2179 1144 2236 Ἀντίπατρον
1188 2182 1380 2237 δάκρυσί
1413 2197 1457 2222 τε

61 2263 95 2288 30
114 2251 186 2294 καὶ
228 2253 387 2302 αἰκίαις
426 2259 506 2295 τοῦ
546 2253 785 2306 προσώπου
826 2253 1068 2308 χρώμενον,
1107 2253 1215 2295 ὥστε
1256 2251 1328 2294 καὶ
1370 2257 1460 2300 τοῖς

210 2336 228 2375 ξ
255 2336 322 2368 106
349 2332 393 2368 cf.
423 2332 512 2369 Bell.
538 2332 617 2368 Iud.
644 2333 659 2366 Ι
686 2336 742 2377 32,
769 2336 800 2368 4.
