<?xml version="1.0" encoding="UTF-8"?>
<!DOCTYPE html PUBLIC "-//W3C//DTD XHTML 1.0 Transitional//EN"
    "http://www.w3.org/TR/xhtml1/DTD/xhtml1-transitional.dtd">
<html xmlns="http://www.w3.org/1999/xhtml" xml:lang="en" lang="en">
 <head>
  <title>
</title>
<meta http-equiv="Content-Type" content="text/html;charset=utf-8" />
  <meta name='ocr-system' content='tesseract 3.04.00' />
  <meta name='ocr-capabilities' content='ocr_page ocr_carea ocr_par ocr_line ocrx_word'/>
</head>
<body>
  <div class='ocr_page' id='page_1' title='image "./flaviiiosephiope04joseuoft_0091.png"; bbox 0 0 1732 2526; ppageno 0'>
   <div class='ocr_carea' id='block_1_1' title="bbox 629 35 1481 76">
    <p class='ocr_par' dir='ltr' id='par_1_1' title="bbox 629 35 1481 76">
     <span class='ocr_line' id='line_1_1' title="bbox 629 35 1481 76; baseline 0.008 -7"><span class='ocrx_word' id='word_1_1' title='bbox 629 38 970 70; x_wconf 76' lang='lat' dir='ltr'><strong>EKKAIAEKATH</strong></span> <span class='ocrx_word' id='word_1_2' title='bbox 1425 35 1481 76; x_wconf 83' lang='lat'><em>39</em></span> 
     </span>
    </p>
   </div>
   <div class='ocr_carea' id='block_1_2' title="bbox 57 141 1480 2316">
    <p class='ocr_par' dir='ltr' id='par_1_2' title="bbox 57 141 1480 2316">
     <span class='ocr_line' id='line_1_2' title="bbox 123 141 1480 198; baseline 0 -14"><span class='ocrx_word' id='word_1_3' title='bbox 123 146 291 197; x_wconf 82' lang='grc' dir='ltr'><em>μᾶλλον</em></span> <span class='ocrx_word' id='word_1_4' title='bbox 322 143 405 186; x_wconf 87' lang='grc' dir='ltr'><em>κάν</em></span> <span class='ocrx_word' id='word_1_5' title='bbox 430 151 522 193; x_wconf 81' lang='grc' dir='ltr'><em>ταῖς</em></span> <span class='ocrx_word' id='word_1_6' title='bbox 547 143 756 197; x_wconf 75' lang='grc' dir='ltr'><em>ἀνάγκαις</em></span> <span class='ocrx_word' id='word_1_7' title='bbox 781 145 918 198; x_wconf 82' lang='grc' dir='ltr'><em>ὄντες,</em></span> <span class='ocrx_word' id='word_1_8' title='bbox 950 143 1259 186; x_wconf 81' lang='grc' dir='ltr'><em>ἐπιτεινόντων</em></span> <span class='ocrx_word' id='word_1_9' title='bbox 1285 141 1352 185; x_wconf 85' lang='grc' dir='ltr'><em>ἀεὶ</em></span> <span class='ocrx_word' id='word_1_10' title='bbox 1386 151 1480 185; x_wconf 86' lang='grc' dir='ltr'><em>τῶν</em></span> 
     </span>
     <span class='ocr_line' id='line_1_3' title="bbox 122 212 1478 271; baseline 0 -16"><span class='ocrx_word' id='word_1_11' title='bbox 122 213 352 269; x_wconf 75' lang='grc' dir='ltr'><em>ὑπηρετῶν</em></span> <span class='ocrx_word' id='word_1_12' title='bbox 390 212 460 255; x_wconf 87' lang='grc' dir='ltr'><em>καὶ</em></span> <span class='ocrx_word' id='word_1_13' title='bbox 497 213 795 268; x_wconf 80' lang='grc' dir='ltr'><em>χαριζομένων</em></span> <span class='ocrx_word' id='word_1_14' title='bbox 834 219 892 269; x_wconf 77' lang='grc' dir='ltr'><em>τῷ</em></span> <span class='ocrx_word' id='word_1_15' title='bbox 927 212 1195 271; x_wconf 75' lang='grc' dir='ltr'><em>Ἀντιπάτρῳ</em></span> <span class='ocrx_word' id='word_1_16' title='bbox 1238 215 1285 255; x_wconf 92' lang='grc' dir='ltr'><em>τὸ</em></span> <span class='ocrx_word' id='word_1_17' title='bbox 1328 220 1478 256; x_wconf 89' lang='grc' dir='ltr'><em>τοιοῦ-</em></span> 
     </span>
     <span class='ocr_line' id='line_1_4' title="bbox 121 281 1474 340; baseline 0 -14"><span class='ocrx_word' id='word_1_18' title='bbox 121 300 219 337; x_wconf 88' lang='grc' dir='ltr'><em>τον,</em></span> <span class='ocrx_word' id='word_1_19' title='bbox 260 286 412 338; x_wconf 84' lang='grc' dir='ltr'><em>ἔλεγον</em></span> <span class='ocrx_word' id='word_1_20' title='bbox 453 284 510 333; x_wconf 82' lang='grc' dir='ltr'><em>ὡς</em></span> <span class='ocrx_word' id='word_1_21' title='bbox 550 288 615 338; x_wconf 79' lang='grc' dir='ltr'><em>εἰη</em></span> <span class='ocrx_word' id='word_1_22' title='bbox 659 282 895 338; x_wconf 87' lang='grc' dir='ltr'><em>δυσμένεια</em></span> <span class='ocrx_word' id='word_1_23' title='bbox 926 281 1044 340; x_wconf 72' lang='grc' dir='ltr'><em>ξπρὸς</em></span> <span class='ocrx_word' id='word_1_24' title='bbox 1081 286 1158 326; x_wconf 92' lang='grc' dir='ltr'><em>τὸν</em></span> <span class='ocrx_word' id='word_1_25' title='bbox 1196 283 1361 340; x_wconf 91' lang='grc' dir='ltr'><em>πατέρα</em></span> <span class='ocrx_word' id='word_1_26' title='bbox 1402 283 1474 326; x_wconf 81' lang='grc' dir='ltr'><em>καὶ</em></span> 
     </span>
     <span class='ocr_line' id='line_1_5' title="bbox 121 351 1478 412; baseline 0.001 -17"><span class='ocrx_word' id='word_1_27' title='bbox 121 361 247 408; x_wconf 80' lang='grc' dir='ltr'><em>μῖσος</em></span> <span class='ocrx_word' id='word_1_28' title='bbox 272 356 467 410; x_wconf 81' lang='grc' dir='ltr'><em>ἔμφυτον</em></span> <span class='ocrx_word' id='word_1_29' title='bbox 489 351 775 412; x_wconf 78' lang='grc' dir='ltr'><em>Ἀλεξάνδρῳ,</em></span> <span class='ocrx_word' id='word_1_30' title='bbox 807 354 951 408; x_wconf 76' lang='grc'>&lt;233&gt;</span> <span class='ocrx_word' id='word_1_31' title='bbox 983 357 1219 409; x_wconf 84' lang='grc' dir='ltr'><em>παραινοιή</em></span> <span class='ocrx_word' id='word_1_32' title='bbox 1256 353 1294 396; x_wconf 87' lang='grc' dir='ltr'><em>δ’</em></span> <span class='ocrx_word' id='word_1_33' title='bbox 1328 355 1478 404; x_wconf 81' lang='grc' dir='ltr'><em>αὐτοῖς</em></span> 
     </span>
     <span class='ocr_line' id='line_1_6' title="bbox 84 423 1478 480; baseline 0.001 -15"><span class='ocrx_word' id='word_1_34' title='bbox 84 423 321 480; x_wconf 59' lang='grc' dir='ltr'><em>5“Ηρώδην</em></span> <span class='ocrx_word' id='word_1_35' title='bbox 362 423 443 479; x_wconf 81' lang='grc' dir='ltr'><em>μὲν</em></span> <span class='ocrx_word' id='word_1_36' title='bbox 482 424 784 479; x_wconf 78' lang='grc' dir='ltr'><em>ἀπεγνωκέναι</em></span> <span class='ocrx_word' id='word_1_37' title='bbox 824 426 1028 480; x_wconf 89' lang='grc' dir='ltr'><em>περιττὸν</em></span> <span class='ocrx_word' id='word_1_38' title='bbox 1073 426 1158 479; x_wconf 78' lang='grc' dir='ltr'><em>ἤδη</em></span> <span class='ocrx_word' id='word_1_39' title='bbox 1205 427 1478 479; x_wconf 75' lang='grc' dir='ltr'><em>γεγηρακότα</em></span> 
     </span>
     <span class='ocr_line' id='line_1_7' title="bbox 118 494 1476 552; baseline 0.001 -16"><span class='ocrx_word' id='word_1_40' title='bbox 118 494 189 537; x_wconf 86' lang='grc' dir='ltr'><em>καὶ</em></span> <span class='ocrx_word' id='word_1_41' title='bbox 230 502 289 552; x_wconf 76' lang='grc' dir='ltr'><em>τῷ</em></span> <span class='ocrx_word' id='word_1_42' title='bbox 331 498 462 551; x_wconf 88' lang='grc' dir='ltr'><em>γήραι</em></span> <span class='ocrx_word' id='word_1_43' title='bbox 502 496 824 550; x_wconf 80' lang='grc' dir='ltr'><em>παρακάλυμμα</em></span> <span class='ocrx_word' id='word_1_44' title='bbox 866 502 944 538; x_wconf 91' lang='grc' dir='ltr'><em>τοῦ</em></span> <span class='ocrx_word' id='word_1_45' title='bbox 985 497 1149 550; x_wconf 91' lang='grc' dir='ltr'><em>χρόνου</em></span> <span class='ocrx_word' id='word_1_46' title='bbox 1189 496 1476 550; x_wconf 79' lang='grc' dir='ltr'><em>ποιούμενον,</em></span> 
     </span>
     <span class='ocr_line' id='line_1_8' title="bbox 117 564 1474 621; baseline -0.001 -13"><span class='ocrx_word' id='word_1_47' title='bbox 117 569 382 620; x_wconf 83' lang='grc' dir='ltr'><em>μελαίνοντα</em></span> <span class='ocrx_word' id='word_1_48' title='bbox 413 566 488 615; x_wconf 83' lang='grc' dir='ltr'><em>τὰς</em></span> <span class='ocrx_word' id='word_1_49' title='bbox 519 568 666 621; x_wconf 88' lang='grc' dir='ltr'><em>τρίχας</em></span> <span class='ocrx_word' id='word_1_50' title='bbox 697 564 769 608; x_wconf 80' lang='grc' dir='ltr'><em>καὶ</em></span> <span class='ocrx_word' id='word_1_51' title='bbox 802 565 1043 608; x_wconf 85' lang='grc' dir='ltr'><em>κλέπτοντα</em></span> <span class='ocrx_word' id='word_1_52' title='bbox 1075 568 1152 608; x_wconf 92' lang='grc' dir='ltr'><em>τὸν</em></span> <span class='ocrx_word' id='word_1_53' title='bbox 1185 568 1366 621; x_wconf 81' lang='grc' dir='ltr'><em>ἔλεγχον</em></span> <span class='ocrx_word' id='word_1_54' title='bbox 1397 572 1474 620; x_wconf 83' lang='grc' dir='ltr'><em>τῆς</em></span> 
     </span>
     <span class='ocr_line' id='line_1_9' title="bbox 116 635 1475 694; baseline -0.001 -16"><span class='ocrx_word' id='word_1_55' title='bbox 116 636 303 690; x_wconf 86' lang='grc' dir='ltr'><em>ἡλικίας·</em></span> <span class='ocrx_word' id='word_1_56' title='bbox 354 638 395 679; x_wconf 89' lang='grc' dir='ltr'><em>εί</em></span> <span class='ocrx_word' id='word_1_57' title='bbox 431 635 468 678; x_wconf 91' lang='grc' dir='ltr'><em>δ’</em></span> <span class='ocrx_word' id='word_1_58' title='bbox 508 637 624 694; x_wconf 80' lang='grc' dir='ltr'><em>αὐτῷ</em></span> <span class='ocrx_word' id='word_1_59' title='bbox 664 636 923 692; x_wconf 82' lang='grc' dir='ltr'><em>προσέχοιεν</em></span> <span class='ocrx_word' id='word_1_60' title='bbox 961 639 1040 679; x_wconf 91' lang='grc' dir='ltr'><em>τὸν</em></span> <span class='ocrx_word' id='word_1_61' title='bbox 1072 644 1205 691; x_wconf 88' lang='grc' dir='ltr'><em>νοῦν,</em></span> <span class='ocrx_word' id='word_1_62' title='bbox 1246 651 1475 692; x_wconf 85' lang='grc' dir='ltr'><em>περιγενο-</em></span> 
     </span>
     <span class='ocr_line' id='line_1_10' title="bbox 115 706 1475 762; baseline -0.001 -13"><span class='ocrx_word' id='word_1_63' title='bbox 115 706 249 762; x_wconf 88' lang='grc' dir='ltr'><em>μένης</em></span> <span class='ocrx_word' id='word_1_64' title='bbox 279 714 354 762; x_wconf 81' lang='grc' dir='ltr'><em>τῆς</em></span> <span class='ocrx_word' id='word_1_65' title='bbox 386 710 629 762; x_wconf 74' lang='grc' dir='ltr'><em>βασιλείας,</em></span> <span class='ocrx_word' id='word_1_66' title='bbox 667 708 723 761; x_wconf 80' lang='grc' dir='ltr'><em>ἣν</em></span> <span class='ocrx_word' id='word_1_67' title='bbox 760 707 833 749; x_wconf 81' lang='grc' dir='ltr'><em>καὶ</em></span> <span class='ocrx_word' id='word_1_68' title='bbox 871 709 928 762; x_wconf 87' lang='grc' dir='ltr'><em>μὴ</em></span> <span class='ocrx_word' id='word_1_69' title='bbox 967 707 1244 762; x_wconf 88' lang='grc' dir='ltr'><em>βουλομένου</em></span> <span class='ocrx_word' id='word_1_70' title='bbox 1283 714 1361 750; x_wconf 91' lang='grc' dir='ltr'><em>τοῦ</em></span> <span class='ocrx_word' id='word_1_71' title='bbox 1393 722 1475 748; x_wconf 90' lang='grc' dir='ltr'><em>πα-</em></span> 
     </span>
     <span class='ocr_line' id='line_1_11' title="bbox 63 775 1474 834; baseline 0.001 -16"><span class='ocrx_word' id='word_1_72' title='bbox 63 793 96 818; x_wconf 84' lang='lat'><em>10</em></span> <span class='ocrx_word' id='word_1_73' title='bbox 115 778 214 832; x_wconf 87' lang='grc' dir='ltr'><em>τρὸς</em></span> <span class='ocrx_word' id='word_1_74' title='bbox 246 778 327 820; x_wconf 85' lang='grc' dir='ltr'><em>οὐκ</em></span> <span class='ocrx_word' id='word_1_75' title='bbox 364 779 502 820; x_wconf 82' lang='grc' dir='ltr'><em>ἄλλου</em></span> <span class='ocrx_word' id='word_1_76' title='bbox 539 780 659 827; x_wconf 88' lang='grc' dir='ltr'><em>τινὸς</em></span> <span class='ocrx_word' id='word_1_77' title='bbox 696 775 832 833; x_wconf 80' lang='grc' dir='ltr'><em>εἶναι,</em></span> <span class='ocrx_word' id='word_1_78' title='bbox 872 780 980 834; x_wconf 90' lang='grc' dir='ltr'><em>ταχὺ</em></span> <span class='ocrx_word' id='word_1_79' title='bbox 1021 780 1100 820; x_wconf 89' lang='grc' dir='ltr'><em>τὸν</em></span> <span class='ocrx_word' id='word_1_80' title='bbox 1141 785 1317 831; x_wconf 86' lang='grc' dir='ltr'><em>πρῶτον</em></span> <span class='ocrx_word' id='word_1_81' title='bbox 1358 778 1474 828; x_wconf 78' lang='grc' dir='ltr'><em>ἕξειν</em></span> 
     </span>
     <span class='ocr_line' id='line_1_12' title="bbox 115 847 1472 904; baseline 0 -14"><span class='ocrx_word' id='word_1_82' title='bbox 115 847 163 890; x_wconf 84' lang='grc' dir='ltr'><em>ἐν</em></span> <span class='ocrx_word' id='word_1_83' title='bbox 200 848 308 904; x_wconf 76' lang='grc' dir='ltr'><em>αὐτῇ</em></span> <span class='ocrx_word' id='word_1_84' title='bbox 347 850 493 890; x_wconf 89' lang='grc' dir='ltr'><em>τόπον.</em></span> <span class='ocrx_word' id='word_1_85' title='bbox 555 849 698 902; x_wconf 72' lang='grc'>&lt;234&gt;</span> <span class='ocrx_word' id='word_1_86' title='bbox 738 848 791 891; x_wconf 85' lang='grc' dir='ltr'><em>οὐ</em></span> <span class='ocrx_word' id='word_1_87' title='bbox 830 850 911 904; x_wconf 84' lang='grc' dir='ltr'><em>γὰρ</em></span> <span class='ocrx_word' id='word_1_88' title='bbox 951 851 1090 903; x_wconf 88' lang='grc' dir='ltr'><em>μόνον</em></span> <span class='ocrx_word' id='word_1_89' title='bbox 1130 849 1202 890; x_wconf 73' lang='grc' dir='ltr'><em>διὰ</em></span> <span class='ocrx_word' id='word_1_90' title='bbox 1241 850 1289 891; x_wconf 91' lang='grc' dir='ltr'><em>τὸ</em></span> <span class='ocrx_word' id='word_1_91' title='bbox 1328 848 1472 903; x_wconf 87' lang='grc' dir='ltr'><em>γένος,</em></span> 
     </span>
     <span class='ocr_line' id='line_1_13' title="bbox 114 916 1473 976; baseline -0.001 -15"><span class='ocrx_word' id='word_1_92' title='bbox 114 916 209 961; x_wconf 83' lang='grc' dir='ltr'><em>ἀλλ’</em></span> <span class='ocrx_word' id='word_1_93' title='bbox 246 920 330 973; x_wconf 79' lang='grc' dir='ltr'><em>ἤδη</em></span> <span class='ocrx_word' id='word_1_94' title='bbox 361 918 434 960; x_wconf 86' lang='grc' dir='ltr'><em>καὶ</em></span> <span class='ocrx_word' id='word_1_95' title='bbox 466 926 559 969; x_wconf 76' lang='grc' dir='ltr'><em>ταῖς</em></span> <span class='ocrx_word' id='word_1_96' title='bbox 590 927 887 974; x_wconf 75' lang='grc' dir='ltr'><em>παρασκευαῖς</em></span> <span class='ocrx_word' id='word_1_97' title='bbox 919 919 1096 974; x_wconf 78' lang='grc' dir='ltr'><em>ἕτοιμον</em></span> <span class='ocrx_word' id='word_1_98' title='bbox 1134 919 1252 976; x_wconf 75' lang='grc' dir='ltr'><em>αὐτῷ</em></span> <span class='ocrx_word' id='word_1_99' title='bbox 1287 920 1334 961; x_wconf 92' lang='grc' dir='ltr'><em>τὸ</em></span> <span class='ocrx_word' id='word_1_100' title='bbox 1368 935 1473 974; x_wconf 85' lang='grc' dir='ltr'><em>κρα-</em></span> 
     </span>
     <span class='ocr_line' id='line_1_14' title="bbox 113 987 1473 1045; baseline 0 -14"><span class='ocrx_word' id='word_1_101' title='bbox 113 997 204 1031; x_wconf 80' lang='grc' dir='ltr'><em>τεῖν</em></span> <span class='ocrx_word' id='word_1_102' title='bbox 237 987 368 1031; x_wconf 81' lang='grc' dir='ltr'><em>εἶναι·</em></span> <span class='ocrx_word' id='word_1_103' title='bbox 419 988 577 1031; x_wconf 84' lang='grc' dir='ltr'><em>πολλοὶ</em></span> <span class='ocrx_word' id='word_1_104' title='bbox 609 987 690 1043; x_wconf 75' lang='grc' dir='ltr'><em>μὲν</em></span> <span class='ocrx_word' id='word_1_105' title='bbox 722 991 805 1045; x_wconf 83' lang='grc' dir='ltr'><em>γὰρ</em></span> <span class='ocrx_word' id='word_1_106' title='bbox 838 998 926 1032; x_wconf 86' lang='grc' dir='ltr'><em>τῶν</em></span> <span class='ocrx_word' id='word_1_107' title='bbox 960 990 1191 1044; x_wconf 80' lang='grc' dir='ltr'><em>ἡγεμόνων</em></span> <span class='ocrx_word' id='word_1_108' title='bbox 1233 988 1388 1031; x_wconf 84' lang='grc' dir='ltr'><em>πολλοὶ</em></span> <span class='ocrx_word' id='word_1_109' title='bbox 1423 988 1473 1031; x_wconf 77' lang='grc' dir='ltr'><em>δὲ</em></span> 
     </span>
     <span class='ocr_line' id='line_1_15' title="bbox 114 1059 1472 1116; baseline 0 -14"><span class='ocrx_word' id='word_1_110' title='bbox 114 1068 201 1102; x_wconf 84' lang='grc' dir='ltr'><em>τῶν</em></span> <span class='ocrx_word' id='word_1_111' title='bbox 234 1062 378 1115; x_wconf 87' lang='grc' dir='ltr'><em>φίλων</em></span> <span class='ocrx_word' id='word_1_112' title='bbox 411 1066 694 1115; x_wconf 80' lang='grc' dir='ltr'><em>συνεστᾶσιν,</em></span> <span class='ocrx_word' id='word_1_113' title='bbox 733 1059 832 1116; x_wconf 83' lang='grc' dir='ltr'><em>οὐχὶ</em></span> <span class='ocrx_word' id='word_1_114' title='bbox 865 1059 1052 1116; x_wconf 86' lang='grc' dir='ltr'><em>πονηροὶ</em></span> <span class='ocrx_word' id='word_1_115' title='bbox 1089 1067 1177 1102; x_wconf 80' lang='grc' dir='ltr'><em>πᾶν</em></span> <span class='ocrx_word' id='word_1_116' title='bbox 1215 1061 1366 1103; x_wconf 88' lang='grc' dir='ltr'><em>ὁτιοῦν</em></span> <span class='ocrx_word' id='word_1_117' title='bbox 1398 1059 1472 1102; x_wconf 84' lang='grc' dir='ltr'><em>καὶ</em></span> 
     </span>
     <span class='ocr_line' id='line_1_16' title="bbox 63 1125 559 1186; baseline 0.002 -15"><span class='ocrx_word' id='word_1_118' title='bbox 63 1145 96 1171; x_wconf 84' lang='lat'><em>15</em></span> <span class='ocrx_word' id='word_1_119' title='bbox 116 1125 228 1186; x_wconf 83' lang='grc' dir='ltr'><em>δρᾶν</em></span> <span class='ocrx_word' id='word_1_120' title='bbox 258 1130 331 1172; x_wconf 82' lang='grc' dir='ltr'><em>καὶ</em></span> <span class='ocrx_word' id='word_1_121' title='bbox 363 1131 559 1186; x_wconf 77' lang='grc' dir='ltr'><em>πάσχειν.</em></span> 
     </span>
     <span class='ocr_line' id='line_1_17' title="bbox 202 1200 1468 1257; baseline 0.002 -15"><span class='ocrx_word' id='word_1_122' title='bbox 202 1201 346 1256; x_wconf 79' lang='lat'>&lt;235&gt;</span> <span class='ocrx_word' id='word_1_123' title='bbox 384 1201 554 1243; x_wconf 86' lang='grc' dir='ltr'><em>τούτων</em></span> <span class='ocrx_word' id='word_1_124' title='bbox 592 1207 681 1242; x_wconf 85' lang='grc' dir='ltr'><em>τῶν</em></span> <span class='ocrx_word' id='word_1_125' title='bbox 719 1203 864 1255; x_wconf 88' lang='grc' dir='ltr'><em>λόγων</em></span> <span class='ocrx_word' id='word_1_126' title='bbox 902 1200 1093 1251; x_wconf 89' lang='grc' dir='ltr'><em>ἀκούσας</em></span> <span class='ocrx_word' id='word_1_127' title='bbox 1123 1200 1326 1257; x_wconf 66' lang='grc' dir='ltr'><em>“Ηρώδης</em></span> <span class='ocrx_word' id='word_1_128' title='bbox 1366 1202 1468 1252; x_wconf 83' lang='grc' dir='ltr'><em>ὅλος</em></span> 
     </span>
     <span class='ocr_line' id='line_1_18' title="bbox 114 1269 1468 1327; baseline 0 -13"><span class='ocrx_word' id='word_1_129' title='bbox 114 1270 284 1326; x_wconf 79' lang='grc' dir='ltr'><em>ἐγένετο</em></span> <span class='ocrx_word' id='word_1_130' title='bbox 317 1277 393 1326; x_wconf 82' lang='grc' dir='ltr'><em>τῆς</em></span> <span class='ocrx_word' id='word_1_131' title='bbox 424 1271 626 1326; x_wconf 81' lang='grc' dir='ltr'><em>ἐπηρείας</em></span> <span class='ocrx_word' id='word_1_132' title='bbox 657 1270 730 1313; x_wconf 85' lang='grc' dir='ltr'><em>καὶ</em></span> <span class='ocrx_word' id='word_1_133' title='bbox 761 1279 840 1314; x_wconf 90' lang='grc' dir='ltr'><em>τοῦ</em></span> <span class='ocrx_word' id='word_1_134' title='bbox 871 1271 1014 1326; x_wconf 87' lang='grc' dir='ltr'><em>δέους,</em></span> <span class='ocrx_word' id='word_1_135' title='bbox 1045 1273 1098 1313; x_wconf 87' lang='grc' dir='ltr'><em>τά</em></span> <span class='ocrx_word' id='word_1_136' title='bbox 1129 1269 1210 1326; x_wconf 74' lang='grc' dir='ltr'><em>μὲν</em></span> <span class='ocrx_word' id='word_1_137' title='bbox 1242 1274 1304 1321; x_wconf 84' lang='grc' dir='ltr'><em>εἰς</em></span> <span class='ocrx_word' id='word_1_138' title='bbox 1334 1273 1468 1327; x_wconf 77' lang='grc' dir='ltr'><em>ὕβριν</em></span> 
     </span>
     <span class='ocr_line' id='line_1_19' title="bbox 114 1340 1469 1398; baseline 0.001 -14"><span class='ocrx_word' id='word_1_139' title='bbox 114 1342 308 1398; x_wconf 81' lang='grc' dir='ltr'><em>ῥηθέντα</em></span> <span class='ocrx_word' id='word_1_140' title='bbox 338 1346 553 1398; x_wconf 81' lang='grc' dir='ltr'><em>χαλεπῶς,</em></span> <span class='ocrx_word' id='word_1_141' title='bbox 595 1343 646 1384; x_wconf 86' lang='grc' dir='ltr'><em>τά</em></span> <span class='ocrx_word' id='word_1_142' title='bbox 680 1340 718 1383; x_wconf 78' lang='grc' dir='ltr'><em>δ’</em></span> <span class='ocrx_word' id='word_1_143' title='bbox 757 1344 818 1392; x_wconf 85' lang='grc' dir='ltr'><em>είς</em></span> <span class='ocrx_word' id='word_1_144' title='bbox 855 1343 1073 1385; x_wconf 87' lang='grc' dir='ltr'><em>ὑπόνοιαν</em></span> <span class='ocrx_word' id='word_1_145' title='bbox 1106 1343 1187 1384; x_wconf 86' lang='grc' dir='ltr'><em>οὐκ</em></span> <span class='ocrx_word' id='word_1_146' title='bbox 1219 1343 1469 1393; x_wconf 77' lang='grc' dir='ltr'><em>ἀκινδύνως</em></span> 
     </span>
     <span class='ocr_line' id='line_1_20' title="bbox 114 1412 1468 1469; baseline 0.001 -14"><span class='ocrx_word' id='word_1_147' title='bbox 114 1413 332 1468; x_wconf 81' lang='grc' dir='ltr'><em>ἐκλαβών,</em></span> <span class='ocrx_word' id='word_1_148' title='bbox 373 1414 483 1455; x_wconf 81' lang='grc' dir='ltr'><em>ὥστε</em></span> <span class='ocrx_word' id='word_1_149' title='bbox 523 1412 595 1455; x_wconf 85' lang='grc' dir='ltr'><em>καὶ</em></span> <span class='ocrx_word' id='word_1_150' title='bbox 633 1416 801 1467; x_wconf 84' lang='grc' dir='ltr'><em>μᾶλλον</em></span> <span class='ocrx_word' id='word_1_151' title='bbox 843 1413 886 1464; x_wconf 79' lang='grc' dir='ltr'><em>ἐξ</em></span> <span class='ocrx_word' id='word_1_152' title='bbox 927 1413 1188 1469; x_wconf 84' lang='grc' dir='ltr'><em>ἀμφοτέρων</em></span> <span class='ocrx_word' id='word_1_153' title='bbox 1225 1414 1468 1469; x_wconf 83' lang='grc' dir='ltr'><em>ἠρεθίζετο,</em></span> 
     </span>
     <span class='ocr_line' id='line_1_21' title="bbox 61 1483 1466 1539; baseline 0.001 -14"><span class='ocrx_word' id='word_1_154' title='bbox 61 1501 94 1525; x_wconf 82' lang='lat'><em>20</em></span> <span class='ocrx_word' id='word_1_155' title='bbox 113 1483 185 1526; x_wconf 84' lang='grc' dir='ltr'><em>καὶ</em></span> <span class='ocrx_word' id='word_1_156' title='bbox 227 1486 381 1539; x_wconf 86' lang='grc' dir='ltr'><em>πικρὸς</em></span> <span class='ocrx_word' id='word_1_157' title='bbox 423 1484 485 1525; x_wconf 82' lang='grc' dir='ltr'><em>ὢν</em></span> <span class='ocrx_word' id='word_1_158' title='bbox 531 1483 742 1526; x_wconf 84' lang='grc' dir='ltr'><em>ἐδεδοίκει</em></span> <span class='ocrx_word' id='word_1_159' title='bbox 786 1485 843 1538; x_wconf 89' lang='grc' dir='ltr'><em>μὴ</em></span> <span class='ocrx_word' id='word_1_160' title='bbox 889 1487 966 1526; x_wconf 89' lang='grc' dir='ltr'><em>καί</em></span> <span class='ocrx_word' id='word_1_161' title='bbox 1011 1500 1051 1526; x_wconf 89' lang='grc' dir='ltr'><em>τι</em></span> <span class='ocrx_word' id='word_1_162' title='bbox 1096 1492 1190 1534; x_wconf 80' lang='grc' dir='ltr'><em>ταῖς</em></span> <span class='ocrx_word' id='word_1_163' title='bbox 1236 1484 1466 1539; x_wconf 77' lang='grc' dir='ltr'><em>ἀληθείαις</em></span> 
     </span>
     <span class='ocr_line' id='line_1_22' title="bbox 114 1553 1467 1611; baseline 0.001 -14"><span class='ocrx_word' id='word_1_164' title='bbox 114 1554 377 1610; x_wconf 86' lang='grc' dir='ltr'><em>συνέστηκεν</em></span> <span class='ocrx_word' id='word_1_165' title='bbox 412 1553 476 1596; x_wconf 82' lang='grc' dir='ltr'><em>ἐπ’</em></span> <span class='ocrx_word' id='word_1_166' title='bbox 512 1555 647 1596; x_wconf 88' lang='grc' dir='ltr'><em>αὐτὸν</em></span> <span class='ocrx_word' id='word_1_167' title='bbox 675 1557 960 1611; x_wconf 85' lang='grc' dir='ltr'><em>ἰσχυρότερον</em></span> <span class='ocrx_word' id='word_1_168' title='bbox 986 1554 1011 1609; x_wconf 78' lang='grc' dir='ltr'>ἢ</span> <span class='ocrx_word' id='word_1_169' title='bbox 1044 1554 1326 1609; x_wconf 81' lang='grc' dir='ltr'><em>φυλάξασθαι</em></span> <span class='ocrx_word' id='word_1_170' title='bbox 1357 1558 1467 1611; x_wconf 88' lang='grc' dir='ltr'><em>πρὸς</em></span> 
     </span>
     <span class='ocr_line' id='line_1_23' title="bbox 112 1624 1463 1681; baseline 0.001 -14"><span class='ocrx_word' id='word_1_171' title='bbox 112 1625 282 1667; x_wconf 81' lang='grc' dir='ltr'><em>ἐκεῖνον</em></span> <span class='ocrx_word' id='word_1_172' title='bbox 323 1626 399 1667; x_wconf 91' lang='grc' dir='ltr'><em>τὸν</em></span> <span class='ocrx_word' id='word_1_173' title='bbox 440 1627 606 1679; x_wconf 91' lang='grc' dir='ltr'><em>καιρόν.</em></span> <span class='ocrx_word' id='word_1_174' title='bbox 674 1625 819 1680; x_wconf 78' lang='lat'>&lt;236&gt;</span> <span class='ocrx_word' id='word_1_175' title='bbox 860 1627 994 1667; x_wconf 80' lang='grc' dir='ltr'><em>ἔνθεν</em></span> <span class='ocrx_word' id='word_1_176' title='bbox 1036 1624 1131 1667; x_wconf 82' lang='grc' dir='ltr'><em>οὐδ’</em></span> <span class='ocrx_word' id='word_1_177' title='bbox 1178 1625 1224 1667; x_wconf 82' lang='grc' dir='ltr'><em>ἐκ</em></span> <span class='ocrx_word' id='word_1_178' title='bbox 1263 1634 1463 1681; x_wconf 82' lang='grc' dir='ltr'><em>φανεροῦ</em></span> 
     </span>
     <span class='ocr_line' id='line_1_24' title="bbox 111 1694 1464 1751; baseline 0 -13"><span class='ocrx_word' id='word_1_179' title='bbox 111 1698 192 1750; x_wconf 87' lang='grc' dir='ltr'><em>τὴν</em></span> <span class='ocrx_word' id='word_1_180' title='bbox 225 1698 410 1751; x_wconf 79' lang='grc' dir='ltr'><em>ἔρευναν</em></span> <span class='ocrx_word' id='word_1_181' title='bbox 443 1695 650 1749; x_wconf 78' lang='grc' dir='ltr'><em>ἐποιεῖτο,</em></span> <span class='ocrx_word' id='word_1_182' title='bbox 692 1698 994 1745; x_wconf 87' lang='grc' dir='ltr'><em>κατασκόπους</em></span> <span class='ocrx_word' id='word_1_183' title='bbox 1034 1694 1082 1737; x_wconf 74' lang='grc' dir='ltr'><em>δὲ</em></span> <span class='ocrx_word' id='word_1_184' title='bbox 1119 1703 1206 1737; x_wconf 89' lang='grc' dir='ltr'><em>τῶν</em></span> <span class='ocrx_word' id='word_1_185' title='bbox 1243 1696 1464 1738; x_wconf 83' lang='grc' dir='ltr'><em>ὑπονοου-</em></span> 
     </span>
     <span class='ocr_line' id='line_1_25' title="bbox 111 1765 1464 1822; baseline 0 -13"><span class='ocrx_word' id='word_1_186' title='bbox 111 1766 257 1822; x_wconf 86' lang='grc' dir='ltr'><em>μένων</em></span> <span class='ocrx_word' id='word_1_187' title='bbox 290 1765 544 1821; x_wconf 83' lang='grc' dir='ltr'><em>διέπεμψεν·</em></span> <span class='ocrx_word' id='word_1_188' title='bbox 596 1766 780 1816; x_wconf 81' lang='grc' dir='ltr'><em>ὑποψίαι</em></span> <span class='ocrx_word' id='word_1_189' title='bbox 813 1782 857 1808; x_wconf 89' lang='grc' dir='ltr'><em>τε</em></span> <span class='ocrx_word' id='word_1_190' title='bbox 889 1765 960 1808; x_wconf 82' lang='grc' dir='ltr'><em>καὶ</em></span> <span class='ocrx_word' id='word_1_191' title='bbox 993 1769 1096 1821; x_wconf 89' lang='grc' dir='ltr'><em>μίση</em></span> <span class='ocrx_word' id='word_1_192' title='bbox 1128 1768 1238 1821; x_wconf 90' lang='grc' dir='ltr'><em>πρὸς</em></span> <span class='ocrx_word' id='word_1_193' title='bbox 1269 1768 1464 1818; x_wconf 77' lang='grc' dir='ltr'><em>ἅπαντας</em></span> 
     </span>
     <span class='ocr_line' id='line_1_26' title="bbox 57 1833 1463 1893; baseline 0.002 -16"><span class='ocrx_word' id='word_1_194' title='bbox 57 1852 91 1877; x_wconf 84' lang='lat'><em>25</em></span> <span class='ocrx_word' id='word_1_195' title='bbox 110 1835 182 1892; x_wconf 80' lang='grc' dir='ltr'><em>ἦν,</em></span> <span class='ocrx_word' id='word_1_196' title='bbox 223 1836 294 1879; x_wconf 85' lang='grc' dir='ltr'><em>καὶ</em></span> <span class='ocrx_word' id='word_1_197' title='bbox 335 1838 415 1891; x_wconf 84' lang='grc' dir='ltr'><em>τὴν</em></span> <span class='ocrx_word' id='word_1_198' title='bbox 456 1837 674 1879; x_wconf 88' lang='grc' dir='ltr'><em>ὑπόνοιαν</em></span> <span class='ocrx_word' id='word_1_199' title='bbox 715 1833 779 1878; x_wconf 83' lang='grc' dir='ltr'><em>ἐπ’</em></span> <span class='ocrx_word' id='word_1_200' title='bbox 820 1836 1036 1893; x_wconf 78' lang='grc' dir='ltr'><em>ἀσφαλείᾳ</em></span> <span class='ocrx_word' id='word_1_201' title='bbox 1077 1837 1316 1891; x_wconf 78' lang='grc' dir='ltr'><em>λαμβάνων</em></span> <span class='ocrx_word' id='word_1_202' title='bbox 1357 1842 1463 1880; x_wconf 86' lang='grc' dir='ltr'><em>πολ-</em></span> 
     </span>
     <span class='ocr_line' id='line_1_27' title="bbox 111 1907 1463 1963; baseline 0.001 -13"><span class='ocrx_word' id='word_1_203' title='bbox 111 1910 209 1963; x_wconf 87' lang='grc' dir='ltr'><em>λήν,</em></span> <span class='ocrx_word' id='word_1_204' title='bbox 239 1907 312 1950; x_wconf 82' lang='grc' dir='ltr'><em>καὶ</em></span> <span class='ocrx_word' id='word_1_205' title='bbox 343 1909 451 1950; x_wconf 78' lang='grc' dir='ltr'><em>κατὰ</em></span> <span class='ocrx_word' id='word_1_206' title='bbox 483 1915 570 1949; x_wconf 86' lang='grc' dir='ltr'><em>τῶν</em></span> <span class='ocrx_word' id='word_1_207' title='bbox 602 1907 683 1950; x_wconf 86' lang='grc' dir='ltr'><em>οὐκ</em></span> <span class='ocrx_word' id='word_1_208' title='bbox 714 1907 848 1958; x_wconf 82' lang='grc' dir='ltr'><em>ἀξίων</em></span> <span class='ocrx_word' id='word_1_209' title='bbox 875 1908 982 1963; x_wconf 71' lang='grc' dir='ltr'><em>αὐτῇ</em></span> <span class='ocrx_word' id='word_1_210' title='bbox 1015 1909 1239 1963; x_wconf 87' lang='grc' dir='ltr'><em>χρώμενος</em></span> <span class='ocrx_word' id='word_1_211' title='bbox 1268 1907 1463 1951; x_wconf 84' lang='grc' dir='ltr'><em>διετέλει.</em></span> 
     </span>
     <span class='ocr_line' id='line_1_28' title="bbox 111 1975 1461 2034; baseline 0 -14"><span class='ocrx_word' id='word_1_212' title='bbox 111 1980 256 2033; x_wconf 83' lang='grc'>&lt;237&gt;</span> <span class='ocrx_word' id='word_1_213' title='bbox 289 1978 422 2034; x_wconf 88' lang='grc' dir='ltr'><em>πέρας</em></span> <span class='ocrx_word' id='word_1_214' title='bbox 453 1977 488 2020; x_wconf 82' lang='grc' dir='ltr'><em>τ’</em></span> <span class='ocrx_word' id='word_1_215' title='bbox 528 1976 660 2020; x_wconf 77' lang='grc' dir='ltr'><em>οὐδὲν</em></span> <span class='ocrx_word' id='word_1_216' title='bbox 691 1975 762 2033; x_wconf 80' lang='grc' dir='ltr'><em>ἧν,</em></span> <span class='ocrx_word' id='word_1_217' title='bbox 793 1978 903 2020; x_wconf 85' lang='grc' dir='ltr'><em>ἀλλά</em></span> <span class='ocrx_word' id='word_1_218' title='bbox 929 1977 1078 2033; x_wconf 87' lang='grc' dir='ltr'><em>μένειν</em></span> <span class='ocrx_word' id='word_1_219' title='bbox 1109 1979 1155 2020; x_wconf 80' lang='grc' dir='ltr'><em>οἱ</em></span> <span class='ocrx_word' id='word_1_220' title='bbox 1182 1981 1461 2034; x_wconf 83' lang='grc' dir='ltr'><em>νομιζόμενοι</em></span> 
     </span>
     <span class='ocr_line' id='line_1_29' title="bbox 110 2047 1459 2107; baseline 0 -15"><span class='ocrx_word' id='word_1_221' title='bbox 110 2053 297 2104; x_wconf 83' lang='grc' dir='ltr'><em>μᾶλλον,</em></span> <span class='ocrx_word' id='word_1_222' title='bbox 335 2049 394 2099; x_wconf 86' lang='grc' dir='ltr'><em>ὡς</em></span> <span class='ocrx_word' id='word_1_223' title='bbox 432 2049 487 2091; x_wconf 78' lang='grc' dir='ltr'><em>ἂν</em></span> <span class='ocrx_word' id='word_1_224' title='bbox 523 2047 596 2090; x_wconf 88' lang='grc' dir='ltr'><em>καὶ</em></span> <span class='ocrx_word' id='word_1_225' title='bbox 633 2052 801 2103; x_wconf 87' lang='grc' dir='ltr'><em>μᾶλλον</em></span> <span class='ocrx_word' id='word_1_226' title='bbox 835 2050 1081 2105; x_wconf 86' lang='grc' dir='ltr'><em>ἰσχύοντες,</em></span> <span class='ocrx_word' id='word_1_227' title='bbox 1123 2049 1308 2092; x_wconf 82' lang='grc' dir='ltr'><em>ἐδόκουν</em></span> <span class='ocrx_word' id='word_1_228' title='bbox 1342 2050 1459 2107; x_wconf 71' lang='grc' dir='ltr'><em>αὐτῷ</em></span> 
     </span>
     <span class='ocr_line' id='line_1_30' title="bbox 110 2113 1460 2176; baseline -0.001 -13"><span class='ocrx_word' id='word_1_229' title='bbox 110 2122 310 2175; x_wconf 88' lang='grc' dir='ltr'><em>φοβεροί·</em></span> <span class='ocrx_word' id='word_1_230' title='bbox 355 2122 458 2169; x_wconf 89' lang='grc' dir='ltr'><em>τοὺς</em></span> <span class='ocrx_word' id='word_1_231' title='bbox 490 2116 531 2160; x_wconf 92' lang='grc' dir='ltr'><em>δ’</em></span> <span class='ocrx_word' id='word_1_232' title='bbox 568 2113 632 2169; x_wconf 82' lang='grc' dir='ltr'><em>οἷς</em></span> <span class='ocrx_word' id='word_1_233' title='bbox 664 2120 745 2161; x_wconf 90' lang='grc' dir='ltr'><em>οὐκ</em></span> <span class='ocrx_word' id='word_1_234' title='bbox 770 2117 825 2174; x_wconf 76' lang='grc' dir='ltr'><em>ἦν</em></span> <span class='ocrx_word' id='word_1_235' title='bbox 859 2121 1075 2174; x_wconf 84' lang='grc' dir='ltr'><em>συνήθεια</em></span> <span class='ocrx_word' id='word_1_236' title='bbox 1104 2122 1268 2162; x_wconf 88' lang='grc' dir='ltr'><em>πλείων</em></span> <span class='ocrx_word' id='word_1_237' title='bbox 1300 2121 1460 2176; x_wconf 87' lang='grc' dir='ltr'><em>ὀνομά-</em></span> 
     </span>
     <span class='ocr_line' id='line_1_31' title="bbox 57 2189 1459 2246; baseline 0.002 -16"><span class='ocrx_word' id='word_1_238' title='bbox 57 2204 91 2230; x_wconf 83' lang='lat'><em>30</em></span> <span class='ocrx_word' id='word_1_239' title='bbox 111 2202 184 2232; x_wconf 90' lang='grc' dir='ltr'><em>σαι</em></span> <span class='ocrx_word' id='word_1_240' title='bbox 221 2193 361 2245; x_wconf 89' lang='grc' dir='ltr'><em>μόνον</em></span> <span class='ocrx_word' id='word_1_241' title='bbox 393 2191 503 2244; x_wconf 82' lang='grc' dir='ltr'><em>ἔδει,</em></span> <span class='ocrx_word' id='word_1_242' title='bbox 541 2189 613 2231; x_wconf 86' lang='grc' dir='ltr'><em>καὶ</em></span> <span class='ocrx_word' id='word_1_243' title='bbox 651 2189 782 2245; x_wconf 88' lang='grc' dir='ltr'><em>μέρος</em></span> <span class='ocrx_word' id='word_1_244' title='bbox 819 2190 957 2240; x_wconf 83' lang='grc' dir='ltr'><em>εὐθὺς</em></span> <span class='ocrx_word' id='word_1_245' title='bbox 994 2190 1234 2246; x_wconf 87' lang='grc' dir='ltr'><em>ἀσφαλείας</em></span> <span class='ocrx_word' id='word_1_246' title='bbox 1272 2190 1459 2233; x_wconf 86' lang='grc' dir='ltr'><em>ἐδόκουν</em></span> 
     </span>
     <span class='ocr_line' id='line_1_32' title="bbox 205 2271 793 2316; baseline 0 -10"><span class='ocrx_word' id='word_1_247' title='bbox 205 2275 224 2314; x_wconf 64' lang='grc' dir='ltr'><em>ς</em></span> <span class='ocrx_word' id='word_1_248' title='bbox 250 2275 317 2306; x_wconf 78' lang='lat'><em>235</em></span> <span class='ocrx_word' id='word_1_249' title='bbox 344 2272 388 2306; x_wconf 75' lang='lat' dir='ltr'><em>cf.</em></span> <span class='ocrx_word' id='word_1_250' title='bbox 415 2271 506 2306; x_wconf 76' lang='lat' dir='ltr'>Bell.</span> <span class='ocrx_word' id='word_1_251' title='bbox 533 2271 610 2306; x_wconf 72' lang='lat' dir='ltr'>Iud.</span> <span class='ocrx_word' id='word_1_252' title='bbox 638 2271 653 2304; x_wconf 88' lang='lat'>1</span> <span class='ocrx_word' id='word_1_253' title='bbox 681 2275 735 2316; x_wconf 75' lang='lat'><em>24,</em></span> <span class='ocrx_word' id='word_1_254' title='bbox 762 2274 793 2306; x_wconf 84' lang='lat'><em>8.</em></span> 
     </span>
    </p>
   </div>
  </div>
 </body>
</html>
