1732 2526
668 82 883 114 ΕΙΚΟΣΤΠ
1368 78 1450 119 297

109 189 317 242 λαβόντες
348 187 664 243 ἀμφοτέρωθεν
696 189 798 236 τοὺς
830 189 996 236 αἰτίους
1021 193 1096 241 τῆς
1128 188 1317 236 στάσεως
1348 190 1453 240 πλη-

108 266 205 312 γαῖς
232 256 451 313 ᾐκίσαντο,
479 256 550 299 καὶ
575 258 657 311 τὴν
682 258 875 312 ταραχὴν
903 258 1016 299 οὕτω
1044 256 1320 299 κατέστειλαν
1346 258 1454 309 πρὸς

110 329 273 382 ὀλίγον.
337 329 479 383 <175>
510 329 643 370 πάλιν
675 329 756 382 γὰρ
791 329 837 370 os
865 329 970 369 κατὰ
997 329 1075 382 τὴν
1101 330 1231 370 πόλιν
1247 326 1455 369 Ἰουδαῖοι

108 405 166 456 τῷ
200 400 374 455 πλούτῳ
401 403 688 453 θαρροῦντες,
714 397 785 440 καὶ
814 399 886 440 διὰ
912 404 1041 440 τοῦτο
1075 404 1456 451 καταφρονοῦντες

73 487 89 512 5
109 477 196 511 τῶν
230 470 414 523 Σύρων,
446 469 758 524 ἐβλασφήμουν
792 470 852 517 εἰς
884 468 1043 517 αὐτοὺς
1071 468 1290 522 ἐρεθίσειν
1321 479 1455 522 προσ-

110 541 335 589 δοκῶντες.
394 541 538 594 (176)
572 542 617 581 οἳ
647 537 694 581 δὲ
727 541 915 595 χρήμασι
948 536 1028 592 μὲν
1061 538 1314 592 ἡττώμενοι,
1348 537 1456 592 μέγα

110 608 158 652 δὲ
196 618 468 665 φρονοῦντες
506 609 574 652 ἐπὶ
613 617 671 667 τῷ
710 612 811 659 τοὺς
848 612 1078 658 πλείστους
1115 616 1203 650 τῶν
1244 609 1330 650 ὑπὸ
1357 607 1456 649 Ῥω*

109 683 265 735 μαιόυς
297 680 387 723 ἐκεῖ
416 679 774 735 στρατευομένων
808 682 1046 734 Καισαρεῖς
1077 676 1191 720 εἶναι
1222 677 1295 720 καὶ
1317 682 1455 733 Σεβα-

48 770 54 774 ·
110 753 312 806 στηνούς,
350 751 474 807 μέχρι
520 751 599 805 μέν
637 767 754 801 τινος
791 750 862 792 καὶ
907 750 1032 792 αὐτοὶ
1073 752 1175 799 τοὺς
1214 748 1457 798 Ἰουδαίους

56 840 88 864 10
109 824 224 880 λόγῳ
268 823 470 876 ὕβριζον,
513 819 605 864 εἶτα
659 825 802 871 λίθοις
852 821 1068 875 ἀλλήλους
1119 822 1324 875 ἔβαλλον,
1377 820 1457 869 ἕως

107 895 298 943 πολλοὺς
341 891 446 946 παρ’
501 891 763 947 ἀμφοτέρων
809 894 1043 946 τρωθῆναί
1089 907 1133 933 τε
1184 889 1255 932 καὶ
1305 899 1455 931 πεσεῖν

110 963 285 1018 συνέβη.
347 965 506 1005 νικῶσί
540 979 587 1017 γε
627 965 713 1018 μὴν
746 962 966 1004 Ἰουδαῖοι.
1030 964 1186 1017 (177)
1227 962 1364 1016 Φῆλιξ
1411 960 1450 1002 δ’

109 1034 167 1083 ὡς
199 1034 413 1076 ἐθεάσατο
446 1037 700 1089 φιλονικίαν
728 1033 774 1075 ἐν
800 1033 993 1088 πολέμου
1021 1036 1166 1090 τρόπῳ
1197 1032 1454 1086 γενομένην,

108 1105 393 1158 προπηδήσας
433 1105 655 1145 παύεσθαι
693 1107 794 1153 τοὺς
821 1102 1066 1153 Ἰουδαίους
1103 1104 1353 1156 παρεκάλει·
1400 1104 1456 1157 μὴ

56 1191 88 1217 15
108 1173 391 1229 πειθομένοις
423 1173 471 1216 δὲ
502 1177 605 1224 τοὺς
637 1176 902 1229 στρατιώτας
928 1174 1110 1223 ὁπλίσας
1136 1174 1360 1228 ἐπαφίησι,
1386 1172 1458 1214 καὶ

107 1247 299 1294 πολλοὺς
331 1242 410 1299 μὲν
442 1244 587 1286 αὐτῶν
619 1245 763 1287 ἀνεῖλε
796 1248 974 1294 πλείους
1006 1243 1053 1286 δὲ
1094 1247 1253 1295 ζῶντας
1285 1246 1458 1298 ἔλαβεν,

108 1317 249 1365 οἰκίας
281 1315 333 1357 δέ
361 1331 482 1365 τινας
512 1323 599 1357 τῶν
634 1315 682 1357 ἐν
716 1323 766 1371 τῇ
792 1318 917 1358 πόλει
942 1319 1118 1358 πολλῶν
1144 1315 1260 1357 πάνυ
1293 1316 1457 1370 χρημά-

108 1401 196 1427 των
246 1387 466 1440 γεμούσας
525 1387 777 1440 διαρπάζειν
835 1386 966 1441 ἐφῆκε
1018 1395 1107 1435 τοῖς
1164 1388 1458 1439 στρατιώταις.

111 1457 254 1511 (178)
299 1457 344 1498 οἱ
385 1454 432 1498 δὲ
476 1464 564 1498 τῶν
597 1455 827 1499 Ἰουδαίων
867 1456 1174 1510 ἐπιεικέστεροι
1213 1456 1284 1498 καὶ
1321 1457 1458 1511 πρού-

57 1543 89 1568 20
109 1542 260 1580 χοντες
291 1527 398 1568 κατὰ
430 1527 509 1580 τὴν
542 1526 738 1580 ἀξίωσιν,
766 1529 990 1577 δείσαντες
1015 1526 1113 1581 περὶ
1141 1526 1324 1579 ἑαυτῶν,
1349 1541 1458 1582 παρ-

109 1597 297 1639 εκάλουν
329 1599 405 1639 τὸν
441 1599 611 1650 Φήλικα
637 1600 741 1648 τοὺς
768 1599 1033 1650 στρατιώτας
1060 1598 1378 1639 ἀνακαλεῖσθαι
1405 1604 1456 1653 τῇ

111 1667 317 1721 σάλπιγγι
352 1667 428 1709 καὶ
470 1670 704 1723 φείδεσθαι
748 1671 796 1710 τὸ
836 1670 991 1710 λοιπὸν
1030 1669 1189 1722 αὐτῶν,
1223 1670 1385 1710 δοῦναί
1412 1684 1458 1710 τε

109 1738 345 1791 μετάνοιαν
378 1737 447 1780 ἐπὶ
479 1747 571 1788 τοῖς
601 1738 933 1793 πεπραγμένοις.
979 1738 1050 1780 καὶ
1085 1739 1223 1792 Φῆλιξ
1263 1738 1458 1793 ἐπείσθη.

148 1862 151 1863 ⁷
199 1809 345 1863 (179)
377 1810 484 1850 κατὰ
516 1815 674 1852 τοῦτον
706 1812 784 1851 τὸν
815 1811 970 1863 καιρὸν
1003 1810 1024 1852 ὁ
1058 1811 1263 1864 βασιλεὺς
1284 1808 1457 1863 Ἀγρίπ-

56 1895 89 1920 25
110 1895 193 1929 πας
225 1881 382 1921 δίδωσι
425 1881 505 1934 τὴν
544 1870 874 1935 ἀρχιερωσύνην
902 1879 1134 1938 Ἰσμαήλῳ·
1183 1883 1327 1934 Φαβεῖ
1360 1889 1461 1931 παῖς

111 1948 240 2001 οὗτος
282 1948 348 2004 ἦν.
412 1951 572 2004 (180)
619 1951 841 2001 ἐξάπτεται
880 1949 928 1992 δὲ
966 1950 1038 1993 καὶ
1082 1959 1172 2000 τοῖς
1210 1951 1460 2006 ἀρχιερεῦσι

109 2023 218 2077 πρὸς
247 2023 350 2071 τοὺς
384 2022 513 2074 ἱερεῖς
543 2021 614 2063 καὶ
647 2024 749 2071 τοὺς
780 2024 980 2075 πρώτους
1017 2029 1095 2064 τοῦ
1134 2024 1335 2076 πλήθους
1371 2030 1461 2064 τῶν

105 2091 468 2147 Ἱεροσολυμιτῶν
491 2094 630 2147 ἔχθρα
655 2109 720 2142 τις
744 2094 853 2147 πρὸς
879 2093 1096 2148 ἀλλήλους
1122 2092 1194 2134 καὶ
1216 2093 1458 2142 διάστασις·

111 2163 289 2213 ἕκαστός
320 2161 357 2205 τ’
398 2163 543 2205 αὐτῶν
576 2171 730 2218 στῖφος
761 2163 1012 2218 ἀνθρώπων
1045 2171 1132 2205 τῶν
1169 2164 1459 2217 θρασυτάτων

57 2248 91 2274 30
110 2233 182 2276 καὶ
213 2229 511 2287 νεωτεριστῶν
539 2232 677 2291 ἑαυτῷ
705 2237 889 2289 ποιήσας
920 2234 993 2276 καὶ
1024 2233 1128 2277 καθ’
1166 2234 1324 2277 ἑαυτὸν
1356 2246 1459 2275 συν-

110 2307 285 2358 αγείρας
330 2305 504 2360 ἡγεμὼν
548 2304 620 2347 καὶ
670 2305 848 2361 ἔξαρχος
889 2307 1080 2355 στάσεως
1123 2304 1200 2360 ἦν,
1237 2305 1306 2347 καὶ
1357 2317 1460 2359 συρ-
