1732 2526
243 69 263 110 1
272 69 326 111 98
740 45 1103 105 ᾸΡΧΑΙΟΑΟΓΙΑΣ

240 177 459 233 εὐψύχου,
500 182 687 232 θεωρῶν
725 182 950 229 παντελῶς
982 181 1088 222 ὄντα
1120 178 1316 234 ὀφθῆναι
1349 180 1518 236 βραχύν
1549 195 1600 223 τε.

241 246 314 289 καὶ
359 242 495 304 (οἷον)
541 256 631 299 τοῖς
674 251 722 292 τὸ
763 258 938 304 πρῶτον
981 251 1080 300 ὄψει
1121 253 1392 292 συνελθοῦσι
1438 252 1594 293 δοῦναι

239 321 631 374 καταφρονήματος
672 319 893 376 ἀφορμάς,
938 321 996 370 ὡς
1037 317 1171 362 οὐδὲν
1208 321 1403 375 κρίνοιεν
1441 321 1594 376 αὐτόν,

240 391 352 443 φησί
390 405 433 431 τε
475 391 584 445 πρὸς
624 393 726 440 τοὺς
767 393 924 446 φίλους
965 392 1024 441 ὡς
1065 392 1241 445 μείζονα
1280 389 1328 432 ἐν
1365 396 1416 446 τῇ
1457 405 1596 447 παρα-

239 459 363 501 θέσει
407 459 640 515 παρέχοιτο
685 462 766 515 τὴν
810 462 956 516 ψυχὴν
997 467 1077 503 τοῦ
1120 462 1329 516 σώματος.
1392 462 1509 516 παρά
1550 477 1596 504 τε

239 532 376 572 πότον
403 532 578 580 δεικνὺς
603 532 680 573 τὸν
697 527 921 574 Ἀσιναῖον
943 530 1191 586 Ἀβδαγάση
1219 537 1276 589 τῷ
1304 532 1442 574 αὑτοῦ
1469 544 1596 588 στρα-

239 602 488 657 τοπεδάρχη
516 604 564 643 τό
591 600 625 642 τ’
660 604 799 656 ὄνομα
827 603 1038 657 διασαφεῖ
1060 601 1132 644 καὶ
1158 603 1238 657 τὴν
1263 608 1408 644 πᾶσαν
1436 602 1596 658 ἀρετὴν

240 667 268 727 ᾗ
300 678 443 729 χρςότο
475 673 537 720 εἰς
573 675 779 726 πόλεμον.
843 674 985 726 <334>
1027 679 1106 715 τοῦ
1146 671 1194 714 δὲ
1221 670 1496 727 Ἀβδαγάσου
1529 689 1596 715 κε-

240 743 447 792 λεύοντος
486 743 751 797 συγχώρημα
785 743 902 800 αὑτςό
943 742 1152 797 γενέσθαι
1190 746 1419 786 κτείναντα
1461 745 1597 787 αὐτὸν

239 814 401 867 ποινὴν
428 812 670 867 ἀπολαβεῖν
694 811 804 869 ὑπὲρ
833 810 894 855 ὧν
920 814 1103 870 ὕβρισεν
1129 816 1190 864 εἰς
1216 816 1295 868 τὴν
1316 816 1596 869 Παρθυαίων

241 883 403 939 ἀρχήν,
449 879 559 925 (ἀλλ’
607 884 687 925 οὐκ
729 884 801 925 ἄν’
842 881 963 926 εἶπεν
1006 885 1028 927 ὁ
1069 885 1276 939 βασιλεύς
1316 885 1597 941 ςσυγχώρημα

241 955 418 1009 διδοίην
451 953 515 996 ἐπ’
554 953 683 1010 ἀνδρὶ
716 957 858 996 πίστει
890 961 941 1010 τῇ
982 956 1043 1004 εἰς
1076 953 1150 1010 ἐμὲ
1181 957 1492 1009 τεθαρρηκότι,
1525 955 1597 998 καὶ

241 1024 420 1079 προσέτι
466 1025 614 1076 δεξιάν
655 1041 699 1067 τε
745 1024 917 1080 πέμψας
954 1024 1025 1067 καὶ
1063 1030 1183 1067 θεῶν
1223 1025 1370 1081 ὅρκοις
1407 1027 1598 1076 πιθανὸς

242 1094 453 1149 γενέσθαι
486 1096 749 1144 σπουδάσας.
811 1096 956 1149 <335>
987 1097 1028 1137 εἰ
1058 1091 1098 1137 δ’
1135 1095 1247 1151 ἀνὴρ
1285 1097 1515 1152 τυγχάνεις
1546 1098 1597 1139 τὰ

240 1165 427 1220 πολέμια
472 1165 661 1220 ἀγαθός,
712 1164 850 1221 μηδὲν
897 1166 1119 1221 ἐπιορκίας
1161 1164 1332 1222 χρῄζων
1375 1174 1450 1222 τῆς
1494 1167 1597 1223 ἐμῆς

242 1240 521 1292 Παρθυαίων
548 1237 708 1279 ἐκδίκει
734 1238 814 1291 τὴν
841 1236 981 1292 ἀρχὴν
1005 1236 1397 1293 περιυβρισμένην·
1440 1237 1598 1280 ἐπανα-

241 1315 459 1364 χωροῦντι
491 1314 602 1362 γοῦν
636 1307 894 1362 ἐπιθέμενος
924 1310 1184 1362 περιγίγνου
1226 1308 1373 1362 κράτει
1406 1314 1465 1350 τῶ
1498 1308 1598 1363 περὶ

243 1377 290 1420 σε
322 1378 393 1420 καὶ
425 1378 513 1433 μετ’
553 1378 734 1432 ἀγνοίας
765 1384 840 1432 τῆς
879 1377 1008 1433 ἐμῆςῖ
1074 1379 1220 1433 (336)
1258 1378 1401 1421 εωθεν
1445 1377 1492 1420 δε
1525 1395 1598 1434 με-

242 1448 480 1499 τακαλέσας
516 1451 593 1491 τὸν
621 1447 890 1491 Ἀσιναῖον
897 1450 987 1503 ὥρα
1027 1449 1111 1491 σοι’
1145 1452 1302 1503 φησίν,
1347 1446 1396 1491 ὦ
1429 1453 1597 1504 νεανία,

242 1527 403 1575 χωρεῖν
445 1519 514 1561 ἐπὶ
556 1537 607 1561 τα
650 1527 836 1573 σαυτοῦ,
880 1536 938 1574 μη
979 1518 1051 1561 καὶ
1093 1522 1264 1561 πλειόσι
1306 1527 1394 1561 τῶν
1434 1519 1598 1563 ἐνθάδε

244 1598 499 1646 στρατηγῶν
543 1591 624 1645 τὴν
669 1590 808 1646 ὀργὴν
853 1590 1097 1646 ἐρεθίσειας
1140 1589 1375 1649 ἐπιχειρεῖν
1421 1602 1502 1633 σου
1545 1597 1598 1647 τῇ

245 1668 390 1717 σφαγῇ
429 1660 501 1703 καὶ
542 1662 641 1716 δίχα
680 1662 855 1715 γνώμης
891 1666 965 1714 τῆς
997 1660 1112 1715 ἐμῆς.
1175 1661 1319 1715 <337>
1351 1675 1598 1717 παρακατα-

243 1735 390 1786 θήκην
418 1730 469 1773 δέ
493 1744 563 1773 σοι
591 1732 752 1786 δίδωμι
778 1733 858 1786 τὴν
884 1733 1177 1786 Βαβυλωνίαν
1204 1737 1302 1786 γῆν,
1330 1730 1598 1787 ἀλῄστευτόν

243 1819 287 1844 τε
320 1802 391 1844 καὶ
425 1802 574 1856 ἀπαθῆ
607 1810 753 1843 κακῶν
793 1801 1008 1856 ἐσομένην
1046 1802 1132 1844 ὑπὸ
1175 1809 1262 1843 τῶν
1296 1809 1386 1844 σῶν
1419 1805 1598 1858 φροντί-

246 1875 351 1915 δων.
413 1874 532 1923 ἄξιος
564 1869 604 1914 δ’
641 1871 729 1927 εἰμὶ
762 1873 997 1928 τυγχάνειν
1030 1879 1111 1914 σοῦ
1143 1879 1334 1927 χρηστοῦ
1366 1871 1598 1927 ἀνεπίκλη-

244 1946 322 1985 τόν
363 1955 433 1985 σοι
474 1945 807 1998 παρασχόμενος
844 1945 925 1998 τὴν
964 1943 1154 1998 ἐμαυτοῦ
1191 1946 1360 1997 πίστιν,
1404 1943 1485 1985 οὐκ
1529 1942 1598 1985 ἐπὶ

245 2015 429 2069 κούφοις
479 2012 573 2056 ἀλλ’
624 2012 694 2055 ἐπὶ
744 2021 835 2063 τοῖς
885 2015 947 2063 εἰς
997 2015 1218 2068 σωτηρίαν
1267 2013 1597 2068 ἀνακειμένοιςῖ

245 2086 389 2139 <338>
421 2082 541 2126 ταῦτ’
573 2085 708 2126 εἰπὼν
740 2083 811 2125 καὶ
845 2085 966 2139 δῶρα
999 2085 1105 2133 δοὺς
1134 2085 1183 2125 τὸ
1213 2085 1367 2138 τηνίκα
1393 2083 1599 2139 ἐκπέμπει

244 2157 322 2198 τὸν
359 2155 593 2197 Ἀσιναῖον.
663 2154 685 2195 ὃ
729 2151 770 2196 δ’
815 2155 878 2204 εἰς
917 2156 997 2208 τὴν
1039 2155 1204 2196 οἰκείαν
1245 2157 1600 2209 παραγενόμενος

247 2227 442 2281 φρούρια
472 2225 780 2275 κατασκευάζει
805 2224 878 2266 καὶ
910 2225 1050 2266 ὁπόσα
1074 2226 1289 2280 πρότερον
1318 2221 1374 2278 ἢν
1407 2225 1597 2281 ὠχύρου,

246 2296 379 2352 μέγας
415 2292 452 2338 τ’
490 2296 537 2338 ἐν
576 2296 709 2353 ὀλίγῳ
749 2295 943 2349 ἐγεγόνει.
982 2293 1053 2337 καὶ
1094 2289 1185 2345 οἷος
1222 2294 1302 2337 οὐκ
1340 2295 1472 2346 ἄλλος
1511 2303 1599 2338 τῶν

1617 829 1650 855 10

1618 1180 1650 1206 15

1617 1535 1652 1560 20

1619 1886 1652 1912 25

1618 2238 1652 2263 30
