1732 2526
643 53 984 86 ΕΚΚΑΙΔΕΚΑΤΗ
1431 50 1457 92 3
1465 51 1488 92 7

143 159 311 216 ἐχθρὰν
343 158 414 202 καὶ
446 162 592 214 φίλην.
643 161 796 213 ἔλεγον
829 155 910 201 οὖν
944 159 1015 200 ἀεί
1042 175 1082 200 τι
1114 161 1222 215 πρὸς
1255 161 1330 202 τὸν
1349 158 1490 215 (Ηρώ-

143 232 226 285 δην
266 227 358 273 κατ’
404 230 557 284 αὐτῆς,
601 232 678 272 καί
714 247 754 271 τι
795 231 1020 284 συμπεσὸν
1062 229 1131 271 ἐπὶ
1172 232 1317 284 μεῖζον
1362 232 1493 284 ἤγαγε

141 302 222 355 τὴν
254 303 316 351 εἰς
346 308 475 343 τοῦτο
507 302 770 356 παρρησίαν.

264 373 377 426 220)
404 369 459 425 ἧν
485 369 564 425 μὲν
591 372 674 426 γὰρ
705 371 727 413 ὁ
755 376 831 425 τῆς
853 368 1057 429 Ἀραβίας
1082 373 1286 425 βασιλεὺς
1314 367 1493 425 Ὀβόδας
1520 383 1541 414 6

107 456 122 481 5
144 442 385 497 ἀπράγμων
423 439 494 483 καὶ
532 442 684 495 νωθὴς
721 442 801 496 τὴν
840 442 999 496 φύσιν,
1041 444 1262 490 Συλλαῖος
1299 439 1338 481 δ’
1377 441 1493 497 αὐτῷ

145 511 292 570 διςόκει
333 514 385 555 τὰ
422 512 585 567 πολλά,
627 513 771 562 δεινὸς
808 511 918 566 ἀνὴρ
957 510 1030 553 καὶ
1067 511 1147 565 τὴν
1186 511 1358 565 ἡλικίαν
1397 510 1497 561 νεός

144 585 206 625 ἔτι
244 581 316 625 καὶ
353 585 494 632 καλός.
564 582 709 636 <221>
749 579 876 633 οὗτος
913 583 998 624 ὑπὸ
1035 585 1182 638 χρείας
1220 579 1338 634 [οὖν]
1379 584 1497 631 τινὸς

145 653 292 696 ε’λθὼν
330 654 388 711 ὡς
425 654 503 695 τὸν
528 652 736 707 ἹΙρώδην
777 654 1056 695 συνδειπνῶν
1097 650 1185 694 εἶδε
1224 654 1303 707 τὴν
1342 653 1497 694 Σαλώ-

143 741 250 779 μην,
294 723 367 767 καὶ
404 725 481 767 τὸν
519 730 629 766 νοῦν
668 726 764 780 ἔσχε
803 726 911 778 πρὸς
948 724 1103 778 αὐτήν·
1154 724 1412 777 γιγνώσκων
1452 721 1491 764 δ’

92 809 125 834 10
145 796 211 838 ὅτι
242 793 314 837 καὶ
346 797 458 851 χήρα
489 794 715 849 τυγχάνοι,
747 793 978 848 διελέγετο.
1043 794 1188 848 <222>
1221 795 1414 849 Σαλώμη
1449 791 1498 835 δὲ

144 865 216 908 καὶ
248 873 396 922 χεῖρον
428 865 454 919 ἢ
486 865 620 907 πάλαι
652 863 874 920 φερομένη
905 866 1022 919 παρὰ
1053 865 1277 922 τάδελφῷ,
1316 864 1387 906 καὶ
1420 866 1497 907 τὸν

146 939 379 979 νεανίσκον
399 935 480 977 οὐκ
500 935 684 985 ἀπαθῶς
710 936 872 990 ὁρῶσα,
897 937 1006 990 πρὸς
1031 937 1107 978 τὸν
1134 936 1276 990 γάμον
1303 936 1496 990 ὥρμητο·

145 1015 238 1057 ταῖς
277 1022 321 1048 τε
360 1005 571 1063 (γυναιξὶ)
614 1006 772 1061 μεταξὺ
815 1007 1073 1060 φοιτώντων
1114 1005 1183 1048 ἐπὶ
1225 1009 1272 1049 τὸ
1316 1008 1497 1048 δεῖπνον

146 1077 400 1132 ἐνεφαίνετο
443 1080 578 1119 πλείω
622 1093 667 1119 τε
712 1075 781 1119 καὶ
829 1079 886 1132 μὴ
932 1076 1085 1132 μέτρια
1131 1076 1377 1133 (τεκμήρια)
1423 1083 1498 1131 τῆς

93 1162 127 1187 15
147 1147 327 1190 ἐκείνων
366 1149 475 1202 πρὸς
515 1147 733 1202 ἀλλήλους
773 1148 1021 1202 ὁμολογίας.
1090 1148 1236 1202 <293>
1277 1155 1411 1190 ταῦτα
1454 1146 1494 1189 δ’

145 1219 194 1260 αἱ
234 1225 438 1272 γυναῖκες
485 1217 701 1273 ἀνέφερον
751 1224 810 1274 τῷ
860 1221 1053 1273 βασιλεῖ,
1104 1219 1368 1272 διαγελῶσαι
1417 1219 1498 1272 τὴν

144 1288 474 1344 ἀσχημοσύνην·
509 1285 712 1345 “Ηρώδης
738 1287 787 1331 δὲ
812 1287 884 1331 καὶ
909 1290 1026 1343 παρὰ
1052 1296 1131 1332 τοῦ
1153 1290 1340 1344 Φερώρα
1365 1301 1499 1344 προσ-

145 1359 441 1414 επυνθάνετο,
487 1359 560 1402 καὶ
597 1368 745 1415 τηρεῖν
783 1359 907 1414 ἠξίου
945 1361 1062 1416 παρὰ
1101 1362 1148 1403 τὸ
1189 1362 1371 1402 δεῖπνον
1407 1368 1500 1410 πῶς

145 1431 196 1472 τὰ
234 1431 343 1485 πρὸς
380 1430 598 1485 ἀλλήλους
635 1431 881 1487 ἐσχήκασιν.
945 1431 1111 1481 ἐκεῖνος
1150 1430 1188 1473 δ’
1227 1432 1499 1486 ἀπήγγελλεν

93 1516 125 1541 20
147 1501 212 1543 ὅτι
245 1499 316 1543 καὶ
348 1503 533 1556 νεύμασι
565 1500 637 1544 καὶ
669 1501 914 1557 βλέμμασιν
947 1502 1026 1544 οὐκ
1067 1503 1223 1557 ἄδηλοι
1254 1509 1329 1557 τῆς
1362 1503 1499 1557 ὁρμῆς

146 1570 259 1613 εἰσὶν
285 1571 539 1627 ἀμφότεροι.
589 1572 735 1628 <224>
765 1573 871 1628 μετὰ
903 1571 1031 1615 τοῦθ’
1064 1573 1086 1615 ὁ
1113 1571 1193 1628 μὲν
1215 1572 1358 1629 ’Ἄραψ
1390 1573 1498 1615 ὕπο-

145 1657 250 1692 πτος
282 1642 343 1684 ὢν
376 1641 522 1698 ἀπῄει·
562 1644 777 1685 διαλιπὼν
810 1641 858 1685 δὲ
892 1644 972 1686 δύο
1005 1651 1144 1699 μῆνας
1176 1644 1201 1699 ἢ
1234 1650 1348 1698 τρεῖς
1380 1645 1499 1698 ἔρχε-

146 1730 215 1755 ται
258 1713 392 1755 πάλιν
437 1713 494 1763 ὡς
537 1710 602 1756 ἐπ’
652 1714 758 1756 αὐτὸ
803 1721 953 1769 τοῦτο,
1003 1713 1074 1756 καὶ
1120 1717 1282 1768 λόγους
1319 1713 1499 1769 “Ηρώδῃ

145 1783 440 1839 προσέφερεν,
479 1784 612 1834 ἀξιῶν
645 1784 761 1842 αὐτῷ
794 1786 873 1839 τὴν
905 1786 1127 1840 Σαλώμην
1165 1787 1358 1839 δοθῆναι
1389 1785 1500 1840 πρὸς

95 1869 128 1894 25
148 1855 306 1909 γάμον·
358 1856 538 1896 ἔσεσθαι
570 1855 652 1910 γὰρ
686 1854 765 1897 οὐκ
791 1852 1042 1905 ἀλυσιτελὲς
1067 1857 1115 1898 τὸ
1142 1857 1274 1910 κῆδος
1307 1854 1500 1912 ἐπιμιξία

146 1932 221 1980 τῆς
251 1933 339 1968 τῶν
366 1921 564 1981 Ἀράβων
597 1924 743 1980 ἀρχῆς,
774 1925 830 1979 ἣν
862 1925 979 1983 αὐτῷ
1012 1924 1084 1967 καὶ
1114 1933 1199 1968 νῦν
1231 1927 1316 1980 ἤδη
1348 1932 1498 1981 παρεῖ-

146 2013 220 2038 ναι
259 1996 465 2051 δυνάμει,
502 1994 574 2038 καὶ
613 1999 780 2050 μᾶλλον
819 1996 1090 2051 ὀφείλεσθαι,
1153 1998 1299 2051 <225>
1337 2003 1416 2039 τοῦ
1449 1994 1498 2038 δὲ

139 2066 345 2122 “Ηρώδου
383 2068 460 2109 τὸν
502 2068 637 2120 λόγον
678 2065 999 2122 ἀναφέροντος,
1039 2066 1112 2109 καὶ
1151 2066 1499 2122 πυνθανομένου

147 2143 221 2192 τῆς
252 2137 448 2192 ἀδελφῆς
479 2138 519 2178 εἰ
548 2138 656 2191 πρὸς
687 2138 765 2179 τὸν
798 2137 938 2192 γάμον
972 2136 1154 2192 ἑτοίμως
1193 2139 1300 2193 ἔχει,
1338 2136 1501 2193 ταχέως

94 2222 129 2247 30
148 2207 228 2263 μὲν
260 2208 401 2262 ἐκείνη
433 2209 700 2263 προσήκατο·
746 2210 967 2258 Συλλαῖος
998 2207 1061 2262 δέ,
1094 2207 1336 2258 ἀξιούντων
1363 2208 1500 2250 αὐτὸν

242 2293 262 2332 ξ
288 2292 356 2324 220
383 2288 427 2323 cf.
454 2287 547 2322 Bell.
574 2287 653 2325 Iud.
680 2287 697 2322 I
723 2291 778 2331 24,
806 2292 837 2324 6.
