<?xml version="1.0" encoding="UTF-8"?>
<!DOCTYPE html PUBLIC "-//W3C//DTD XHTML 1.0 Transitional//EN"
    "http://www.w3.org/TR/xhtml1/DTD/xhtml1-transitional.dtd">
<html xmlns="http://www.w3.org/1999/xhtml" xml:lang="en" lang="en">
 <head>
  <title>
</title>
<meta http-equiv="Content-Type" content="text/html;charset=utf-8" />
  <meta name='ocr-system' content='tesseract 3.04.00' />
  <meta name='ocr-capabilities' content='ocr_page ocr_carea ocr_par ocr_line ocrx_word'/>
</head>
<body>
  <div class='ocr_page' id='page_1' title='image "./flaviiiosephiope04joseuoft_0173.png"; bbox 0 0 1732 2526; ppageno 0'>
   <div class='ocr_carea' id='block_1_1' title="bbox 599 96 1471 138">
    <p class='ocr_par' dir='ltr' id='par_1_1' title="bbox 599 96 1471 138">
     <span class='ocr_line' id='line_1_1' title="bbox 599 96 1471 138; baseline 0.01 -8"><span class='ocrx_word' id='word_1_1' title='bbox 599 98 1007 130; x_wconf 74' lang='lat' dir='ltr'><strong>EnTAKAmEKATH</strong></span> <span class='ocrx_word' id='word_1_2' title='bbox 1393 96 1471 138; x_wconf 79' lang='lat'><strong><em>121</em></strong></span> 
     </span>
    </p>
   </div>
   <div class='ocr_carea' id='block_1_2' title="bbox 29 202 1475 2381">
    <p class='ocr_par' dir='ltr' id='par_1_2' title="bbox 29 202 1475 2381">
     <span class='ocr_line' id='line_1_2' title="bbox 130 202 1474 260; baseline 0 -13"><span class='ocrx_word' id='word_1_3' title='bbox 130 219 238 247; x_wconf 87' lang='grc' dir='ltr'><strong><em>πων.</em></strong></span> <span class='ocrx_word' id='word_1_4' title='bbox 299 206 443 259; x_wconf 81' lang='lat'>&lt;275&gt;</span> <span class='ocrx_word' id='word_1_5' title='bbox 475 203 713 260; x_wconf 81' lang='grc' dir='ltr'><strong><em>ἐπέπρακτο</em></strong></span> <span class='ocrx_word' id='word_1_6' title='bbox 747 202 787 245; x_wconf 85' lang='grc' dir='ltr'><strong><em>δ’</em></strong></span> <span class='ocrx_word' id='word_1_7' title='bbox 825 205 879 245; x_wconf 78' lang='grc' dir='ltr'><strong><em>ἄν</em></strong></span> <span class='ocrx_word' id='word_1_8' title='bbox 911 220 951 246; x_wconf 86' lang='grc' dir='ltr'><strong><em>τι</em></strong></span> <span class='ocrx_word' id='word_1_9' title='bbox 977 205 1123 258; x_wconf 81' lang='grc' dir='ltr'><strong><em>μεῖζον</em></strong></span> <span class='ocrx_word' id='word_1_10' title='bbox 1148 203 1220 246; x_wconf 88' lang='grc' dir='ltr'><strong><em>ὑπ’</em></strong></span> <span class='ocrx_word' id='word_1_11' title='bbox 1253 204 1390 247; x_wconf 85' lang='grc' dir='ltr'><strong><em>αὐτοῦ</em></strong></span> <span class='ocrx_word' id='word_1_12' title='bbox 1416 206 1474 260; x_wconf 90' lang='grc' dir='ltr'><strong><em>μὴ</em></strong></span> 
     </span>
     <span class='ocr_line' id='line_1_3' title="bbox 130 273 1475 331; baseline 0 -14"><span class='ocrx_word' id='word_1_13' title='bbox 130 278 299 331; x_wconf 75' lang='grc' dir='ltr'><em>ταχείας</em></span> <span class='ocrx_word' id='word_1_14' title='bbox 337 276 600 331; x_wconf 78' lang='grc' dir='ltr'><strong><em>ἐπιστροφῆς</em></strong></span> <span class='ocrx_word' id='word_1_15' title='bbox 642 273 895 329; x_wconf 77' lang='grc' dir='ltr'><em>γενομένης·</em></span> <span class='ocrx_word' id='word_1_16' title='bbox 942 274 964 317; x_wconf 90' lang='grc' dir='ltr'>ὁ</span> <span class='ocrx_word' id='word_1_17' title='bbox 997 275 1079 329; x_wconf 78' lang='grc' dir='ltr'><strong><em>γὰρ</em></strong></span> <span class='ocrx_word' id='word_1_18' title='bbox 1113 277 1279 330; x_wconf 83' lang='grc' dir='ltr'><strong><em>Γρᾶτος</em></strong></span> <span class='ocrx_word' id='word_1_19' title='bbox 1320 276 1342 318; x_wconf 83' lang='grc' dir='ltr'>ὁ</span> <span class='ocrx_word' id='word_1_20' title='bbox 1388 283 1475 317; x_wconf 85' lang='grc' dir='ltr'><strong><em>τῶν</em></strong></span> 
     </span>
     <span class='ocr_line' id='line_1_4' title="bbox 129 344 1470 402; baseline 0.001 -15"><span class='ocrx_word' id='word_1_21' title='bbox 129 348 368 400; x_wconf 82' lang='grc' dir='ltr'><em>βασιλικῶν</em></span> <span class='ocrx_word' id='word_1_22' title='bbox 401 352 676 402; x_wconf 84' lang='grc' dir='ltr'><strong><em>στρατιωτῶν</em></strong></span> <span class='ocrx_word' id='word_1_23' title='bbox 697 344 924 400; x_wconf 86' lang='grc' dir='ltr'><strong><em>Ῥωμαίοις</em></strong></span> <span class='ocrx_word' id='word_1_24' title='bbox 949 344 1333 400; x_wconf 74' lang='grc' dir='ltr'><strong><em>προστεθειμένος,</em></strong></span> <span class='ocrx_word' id='word_1_25' title='bbox 1369 344 1470 400; x_wconf 84' lang='grc' dir='ltr'><strong><em>μεθ’</em></strong></span> 
     </span>
     <span class='ocr_line' id='line_1_5' title="bbox 133 413 1475 472; baseline 0 -14"><span class='ocrx_word' id='word_1_26' title='bbox 133 413 179 469; x_wconf 82' lang='grc' dir='ltr'><strong><em>ἧς</em></strong></span> <span class='ocrx_word' id='word_1_27' title='bbox 217 414 302 472; x_wconf 80' lang='grc' dir='ltr'><strong><em>εἶχε</em></strong></span> <span class='ocrx_word' id='word_1_28' title='bbox 342 416 570 471; x_wconf 87' lang='grc' dir='ltr'><strong><em>δυνάμεως</em></strong></span> <span class='ocrx_word' id='word_1_29' title='bbox 607 415 858 466; x_wconf 79' lang='grc' dir='ltr'><strong><em>ὑπαντιάζει</em></strong></span> <span class='ocrx_word' id='word_1_30' title='bbox 897 421 955 472; x_wconf 81' lang='grc' dir='ltr'><strong><em>τῷ</em></strong></span> <span class='ocrx_word' id='word_1_31' title='bbox 997 417 1186 469; x_wconf 88' lang='grc' dir='ltr'><strong><em>Σίμωνι,</em></strong></span> <span class='ocrx_word' id='word_1_32' title='bbox 1227 416 1371 470; x_wconf 75' lang='grc'>&lt;276&gt;</span> <span class='ocrx_word' id='word_1_33' title='bbox 1403 416 1475 458; x_wconf 81' lang='grc' dir='ltr'><strong><em>καὶ</em></strong></span> 
     </span>
     <span class='ocr_line' id='line_1_6' title="bbox 93 485 1473 542; baseline 0 -13"><span class='ocrx_word' id='word_1_34' title='bbox 93 497 108 522; x_wconf 86' lang='grc'>5</span> <span class='ocrx_word' id='word_1_35' title='bbox 129 487 266 542; x_wconf 86' lang='grc' dir='ltr'><strong><em>μάχης</em></strong></span> <span class='ocrx_word' id='word_1_36' title='bbox 297 487 446 537; x_wconf 86' lang='grc' dir='ltr'><strong><em>αὐτοῖς</em></strong></span> <span class='ocrx_word' id='word_1_37' title='bbox 476 487 666 541; x_wconf 86' lang='grc' dir='ltr'><strong><em>μεγάλης</em></strong></span> <span class='ocrx_word' id='word_1_38' title='bbox 698 485 768 529; x_wconf 83' lang='grc' dir='ltr'><strong><em>ε’πὶ</em></strong></span> <span class='ocrx_word' id='word_1_39' title='bbox 799 488 913 529; x_wconf 89' lang='grc' dir='ltr'><strong><em>πολὺ</em></strong></span> <span class='ocrx_word' id='word_1_40' title='bbox 945 485 1182 540; x_wconf 70' lang='grc' dir='ltr'><strong><em>γενομένης</em></strong></span> <span class='ocrx_word' id='word_1_41' title='bbox 1214 488 1261 528; x_wconf 88' lang='grc' dir='ltr'><strong><em>τό</em></strong></span> <span class='ocrx_word' id='word_1_42' title='bbox 1291 502 1334 528; x_wconf 86' lang='grc' dir='ltr'><strong><em>τε</em></strong></span> <span class='ocrx_word' id='word_1_43' title='bbox 1360 490 1473 529; x_wconf 88' lang='grc' dir='ltr'><strong><em>πολὺ</em></strong></span> 
     </span>
     <span class='ocr_line' id='line_1_7' title="bbox 127 555 1473 613; baseline -0.001 -14"><span class='ocrx_word' id='word_1_44' title='bbox 127 565 215 600; x_wconf 89' lang='grc' dir='ltr'><strong><em>τῶν</em></strong></span> <span class='ocrx_word' id='word_1_45' title='bbox 246 560 468 613; x_wconf 80' lang='grc' dir='ltr'><strong><em>Περαίων,</em></strong></span> <span class='ocrx_word' id='word_1_46' title='bbox 501 557 764 600; x_wconf 88' lang='grc' dir='ltr'><strong><em>ἀσύντακτοι</em></strong></span> <span class='ocrx_word' id='word_1_47' title='bbox 804 559 926 607; x_wconf 79' lang='grc' dir='ltr'><strong><em>ὄντες</em></strong></span> <span class='ocrx_word' id='word_1_48' title='bbox 963 555 1034 598; x_wconf 85' lang='grc' dir='ltr'><strong><em>καὶ</em></strong></span> <span class='ocrx_word' id='word_1_49' title='bbox 1073 560 1209 613; x_wconf 79' lang='grc' dir='ltr'><strong><em>τόλμῃ</em></strong></span> <span class='ocrx_word' id='word_1_50' title='bbox 1247 560 1414 611; x_wconf 85' lang='grc' dir='ltr'><strong><em>μᾶλλον</em></strong></span> <span class='ocrx_word' id='word_1_51' title='bbox 1448 557 1473 611; x_wconf 79' lang='grc' dir='ltr'>ἢ</span> 
     </span>
     <span class='ocr_line' id='line_1_8' title="bbox 128 627 1474 684; baseline 0.001 -15"><span class='ocrx_word' id='word_1_52' title='bbox 128 627 338 684; x_wconf 83' lang='grc' dir='ltr'><strong><em>ἐπιστήμῃ</em></strong></span> <span class='ocrx_word' id='word_1_53' title='bbox 364 631 619 684; x_wconf 86' lang='grc' dir='ltr'><strong><em>μαχόμενοι,</em></strong></span> <span class='ocrx_word' id='word_1_54' title='bbox 646 628 971 683; x_wconf 75' lang='grc' dir='ltr'><strong><em>διεφθάρησαν,</em></strong></span> <span class='ocrx_word' id='word_1_55' title='bbox 997 627 1069 669; x_wconf 79' lang='grc' dir='ltr'><strong><em>καὶ</em></strong></span> <span class='ocrx_word' id='word_1_56' title='bbox 1096 628 1232 670; x_wconf 88' lang='grc' dir='ltr'><strong><em>αὐτοῦ</em></strong></span> <span class='ocrx_word' id='word_1_57' title='bbox 1254 630 1474 683; x_wconf 83' lang='grc' dir='ltr'><strong><em>Σίμωνος,</em></strong></span> 
     </span>
     <span class='ocr_line' id='line_1_9' title="bbox 126 699 1475 754; baseline 0 -13"><span class='ocrx_word' id='word_1_58' title='bbox 126 705 245 754; x_wconf 78' lang='grc' dir='ltr'><strong><em>φυγῇ</em></strong></span> <span class='ocrx_word' id='word_1_59' title='bbox 291 699 363 740; x_wconf 91' lang='grc' dir='ltr'><strong><em>διά</em></strong></span> <span class='ocrx_word' id='word_1_60' title='bbox 407 715 526 749; x_wconf 85' lang='grc' dir='ltr'><strong><em>τινος</em></strong></span> <span class='ocrx_word' id='word_1_61' title='bbox 569 700 794 754; x_wconf 73' lang='grc' dir='ltr'><strong><em>φάραγγος</em></strong></span> <span class='ocrx_word' id='word_1_62' title='bbox 839 701 1052 750; x_wconf 78' lang='grc' dir='ltr'><strong><em>σώζοντος</em></strong></span> <span class='ocrx_word' id='word_1_63' title='bbox 1102 699 1256 747; x_wconf 80' lang='grc' dir='ltr'><strong><em>αὑτόν,</em></strong></span> <span class='ocrx_word' id='word_1_64' title='bbox 1308 701 1475 754; x_wconf 86' lang='grc' dir='ltr'><strong><em>Γρᾶτος</em></strong></span> 
     </span>
     <span class='ocr_line' id='line_1_10' title="bbox 127 767 1472 825; baseline 0 -14"><span class='ocrx_word' id='word_1_65' title='bbox 127 767 320 825; x_wconf 84' lang='grc' dir='ltr'><strong><em>ἐντυχὼν</em></strong></span> <span class='ocrx_word' id='word_1_66' title='bbox 351 771 430 824; x_wconf 88' lang='grc' dir='ltr'><strong><em>τὴν</em></strong></span> <span class='ocrx_word' id='word_1_67' title='bbox 468 771 665 824; x_wconf 87' lang='grc' dir='ltr'><strong><em>κεφαλὴν</em></strong></span> <span class='ocrx_word' id='word_1_68' title='bbox 703 768 948 825; x_wconf 80' lang='grc' dir='ltr'><strong><em>ἀποτέμνει.</em></strong></span> <span class='ocrx_word' id='word_1_69' title='bbox 1010 771 1153 824; x_wconf 78' lang='grc'>&lt;277&gt;</span> <span class='ocrx_word' id='word_1_70' title='bbox 1191 772 1472 825; x_wconf 79' lang='grc' dir='ltr'><strong><em>κατεπρήσθη</em></strong></span> 
     </span>
     <span class='ocr_line' id='line_1_11' title="bbox 75 836 1474 898; baseline 0.001 -17"><span class='ocrx_word' id='word_1_71' title='bbox 75 850 107 876; x_wconf 85' lang='lat'><strong><em>10</em></strong></span> <span class='ocrx_word' id='word_1_72' title='bbox 128 836 175 881; x_wconf 76' lang='grc' dir='ltr'><strong><em>δὲ</em></strong></span> <span class='ocrx_word' id='word_1_73' title='bbox 206 838 278 882; x_wconf 87' lang='grc' dir='ltr'><strong><em>καὶ</em></strong></span> <span class='ocrx_word' id='word_1_74' title='bbox 309 841 360 882; x_wconf 82' lang='grc' dir='ltr'><strong><em>τὰ</em></strong></span> <span class='ocrx_word' id='word_1_75' title='bbox 393 839 462 882; x_wconf 84' lang='grc' dir='ltr'><strong><em>ε’πὶ</em></strong></span> <span class='ocrx_word' id='word_1_76' title='bbox 494 847 552 898; x_wconf 80' lang='grc' dir='ltr'><strong><em>τῷ</em></strong></span> <span class='ocrx_word' id='word_1_77' title='bbox 582 839 783 896; x_wconf 76' lang='grc' dir='ltr'><strong><em>Ἰορδάνῃ</em></strong></span> <span class='ocrx_word' id='word_1_78' title='bbox 815 847 994 897; x_wconf 79' lang='grc' dir='ltr'><strong><em>ποταμῷ</em></strong></span> <span class='ocrx_word' id='word_1_79' title='bbox 1028 840 1075 882; x_wconf 84' lang='grc' dir='ltr'><strong><em>ἐν</em></strong></span> <span class='ocrx_word' id='word_1_80' title='bbox 1103 838 1313 895; x_wconf 75' lang='grc' dir='ltr'><strong><em>Ἀμαθοϊς</em></strong></span> <span class='ocrx_word' id='word_1_81' title='bbox 1348 842 1474 894; x_wconf 87' lang='grc' dir='ltr'><strong><em>βασί-</em></strong></span> 
     </span>
     <span class='ocr_line' id='line_1_12' title="bbox 127 911 1474 967; baseline 0 -15"><span class='ocrx_word' id='word_1_82' title='bbox 127 914 222 952; x_wconf 88' lang='grc' dir='ltr'><strong><em>λεια</em></strong></span> <span class='ocrx_word' id='word_1_83' title='bbox 254 911 339 953; x_wconf 91' lang='grc' dir='ltr'><strong><em>ὑπὸ</em></strong></span> <span class='ocrx_word' id='word_1_84' title='bbox 373 919 507 953; x_wconf 88' lang='grc' dir='ltr'><strong><em>τινῶν</em></strong></span> <span class='ocrx_word' id='word_1_85' title='bbox 540 912 795 954; x_wconf 75' lang='grc' dir='ltr'><strong><em>συστάντων</em></strong></span> <span class='ocrx_word' id='word_1_86' title='bbox 828 911 1004 967; x_wconf 85' lang='grc' dir='ltr'><strong><em>ἀνδρῶν</em></strong></span> <span class='ocrx_word' id='word_1_87' title='bbox 1036 914 1209 965; x_wconf 78' lang='grc' dir='ltr'><strong><em>Σίμωνι</em></strong></span> <span class='ocrx_word' id='word_1_88' title='bbox 1248 914 1474 966; x_wconf 90' lang='grc' dir='ltr'><strong><em>παραπλη-</em></strong></span> 
     </span>
     <span class='ocr_line' id='line_1_13' title="bbox 128 981 1474 1039; baseline 0 -16"><span class='ocrx_word' id='word_1_89' title='bbox 128 983 248 1023; x_wconf 85' lang='grc' dir='ltr'><strong><em>σίων.</em></strong></span> <span class='ocrx_word' id='word_1_90' title='bbox 311 981 424 1024; x_wconf 80' lang='grc' dir='ltr'><strong><em>οὕτω</em></strong></span> <span class='ocrx_word' id='word_1_91' title='bbox 462 983 601 1036; x_wconf 89' lang='grc' dir='ltr'><strong><em>πολλὴ</em></strong></span> <span class='ocrx_word' id='word_1_92' title='bbox 639 982 869 1038; x_wconf 80' lang='grc' dir='ltr'><strong><em>ἀφροσύνη</em></strong></span> <span class='ocrx_word' id='word_1_93' title='bbox 911 982 1209 1024; x_wconf 81' lang='grc' dir='ltr'><strong><em>ἐνεπολίτευσε</em></strong></span> <span class='ocrx_word' id='word_1_94' title='bbox 1250 989 1308 1039; x_wconf 76' lang='grc' dir='ltr'><strong><em>τῷ</em></strong></span> <span class='ocrx_word' id='word_1_95' title='bbox 1351 983 1474 1023; x_wconf 82' lang='grc' dir='ltr'><strong><em>ἔθνει</em></strong></span> 
     </span>
     <span class='ocr_line' id='line_1_14' title="bbox 128 1050 1474 1108; baseline 0 -14"><span class='ocrx_word' id='word_1_96' title='bbox 128 1052 200 1094; x_wconf 83' lang='grc' dir='ltr'><strong><em>διὰ</em></strong></span> <span class='ocrx_word' id='word_1_97' title='bbox 231 1054 279 1095; x_wconf 93' lang='grc' dir='ltr'><strong><em>τὸ</em></strong></span> <span class='ocrx_word' id='word_1_98' title='bbox 312 1051 493 1106; x_wconf 84' lang='grc' dir='ltr'><strong><em>βασιλέα</em></strong></span> <span class='ocrx_word' id='word_1_99' title='bbox 525 1051 605 1108; x_wconf 77' lang='grc' dir='ltr'><strong><em>μὲν</em></strong></span> <span class='ocrx_word' id='word_1_100' title='bbox 638 1055 802 1096; x_wconf 78' lang='grc' dir='ltr'><strong><em>οἰκεῖον</em></strong></span> <span class='ocrx_word' id='word_1_101' title='bbox 843 1053 923 1096; x_wconf 84' lang='grc' dir='ltr'><strong><em>οὐκ</em></strong></span> <span class='ocrx_word' id='word_1_102' title='bbox 963 1050 1076 1095; x_wconf 82' lang='grc' dir='ltr'><strong><em>εἶναι</em></strong></span> <span class='ocrx_word' id='word_1_103' title='bbox 1115 1054 1191 1094; x_wconf 90' lang='grc' dir='ltr'><strong><em>τὸν</em></strong></span> <span class='ocrx_word' id='word_1_104' title='bbox 1229 1052 1474 1103; x_wconf 80' lang='grc' dir='ltr'><strong><em>καθέξοντα</em></strong></span> 
     </span>
     <span class='ocr_line' id='line_1_15' title="bbox 127 1122 1473 1179; baseline 0 -15"><span class='ocrx_word' id='word_1_105' title='bbox 127 1124 174 1165; x_wconf 91' lang='grc' dir='ltr'><strong><em>τὸ</em></strong></span> <span class='ocrx_word' id='word_1_106' title='bbox 206 1126 377 1176; x_wconf 83' lang='grc' dir='ltr'><strong><em>πλῆθος</em></strong></span> <span class='ocrx_word' id='word_1_107' title='bbox 408 1122 554 1179; x_wconf 76' lang='grc' dir='ltr'><strong><em>ἀρετῇ,</em></strong></span> <span class='ocrx_word' id='word_1_108' title='bbox 586 1126 687 1174; x_wconf 88' lang='grc' dir='ltr'><strong><em>τοὺς</em></strong></span> <span class='ocrx_word' id='word_1_109' title='bbox 714 1123 753 1166; x_wconf 85' lang='grc' dir='ltr'><strong><em>δ’</em></strong></span> <span class='ocrx_word' id='word_1_110' title='bbox 791 1123 1070 1179; x_wconf 76' lang='grc' dir='ltr'><strong><em>ἀλλοφύλους</em></strong></span> <span class='ocrx_word' id='word_1_111' title='bbox 1097 1123 1364 1172; x_wconf 81' lang='grc' dir='ltr'><strong><em>ἐπελθόντας</em></strong></span> <span class='ocrx_word' id='word_1_112' title='bbox 1391 1135 1473 1164; x_wconf 90' lang='grc' dir='ltr'><strong><em>σω-</em></strong></span> 
     </span>
     <span class='ocr_line' id='line_1_16' title="bbox 29 1192 1473 1248; baseline 0 -13"><span class='ocrx_word' id='word_1_113' title='bbox 29 1226 34 1230; x_wconf 86' lang='grc'><em>.</em></span> <span class='ocrx_word' id='word_1_114' title='bbox 74 1203 106 1228; x_wconf 84' lang='lat'><strong><em>15</em></strong></span> <span class='ocrx_word' id='word_1_115' title='bbox 126 1194 365 1248; x_wconf 80' lang='grc' dir='ltr'><strong><em>φρονιστάς</em></strong></span> <span class='ocrx_word' id='word_1_116' title='bbox 389 1201 469 1236; x_wconf 87' lang='grc' dir='ltr'><strong><em>τοῦ</em></strong></span> <span class='ocrx_word' id='word_1_117' title='bbox 496 1195 808 1245; x_wconf 87' lang='grc' dir='ltr'><strong><em>στασιάσοντος</em></strong></span> <span class='ocrx_word' id='word_1_118' title='bbox 832 1203 919 1237; x_wconf 86' lang='grc' dir='ltr'><strong><em>τῶν</em></strong></span> <span class='ocrx_word' id='word_1_119' title='bbox 946 1194 1198 1248; x_wconf 85' lang='grc' dir='ltr'><strong><em>ἀνθρώπων</em></strong></span> <span class='ocrx_word' id='word_1_120' title='bbox 1218 1192 1473 1248; x_wconf 84' lang='grc' dir='ltr'><strong><em>ὑπέκκαυμα</em></strong></span> 
     </span>
     <span class='ocr_line' id='line_1_17' title="bbox 127 1263 1471 1321; baseline 0 -15"><span class='ocrx_word' id='word_1_121' title='bbox 127 1263 272 1307; x_wconf 85' lang='grc' dir='ltr'><strong><em>αὐτῶν</em></strong></span> <span class='ocrx_word' id='word_1_122' title='bbox 305 1265 378 1306; x_wconf 88' lang='grc' dir='ltr'><strong><em>διά</em></strong></span> <span class='ocrx_word' id='word_1_123' title='bbox 409 1280 453 1307; x_wconf 89' lang='grc' dir='ltr'><strong><em>τε</em></strong></span> <span class='ocrx_word' id='word_1_124' title='bbox 485 1272 565 1308; x_wconf 90' lang='grc' dir='ltr'><strong><em>τοῦ</em></strong></span> <span class='ocrx_word' id='word_1_125' title='bbox 596 1266 790 1321; x_wconf 80' lang='grc' dir='ltr'><strong><em>ὑβρίζειν</em></strong></span> <span class='ocrx_word' id='word_1_126' title='bbox 822 1264 894 1308; x_wconf 84' lang='grc' dir='ltr'><strong><em>καὶ</em></strong></span> <span class='ocrx_word' id='word_1_127' title='bbox 931 1269 1208 1308; x_wconf 74' lang='grc' dir='ltr'><strong><em>πλεονεκτεῖν</em></strong></span> <span class='ocrx_word' id='word_1_128' title='bbox 1250 1263 1471 1319; x_wconf 86' lang='grc' dir='ltr'><strong><em>γενέσθαι,</em></strong></span> 
     </span>
     <span class='ocr_line' id='line_1_18' title="bbox 125 1333 1471 1391; baseline 0.001 -15"><span class='ocrx_word' id='word_1_129' title='bbox 125 1335 270 1390; x_wconf 83' lang='lat'>&lt;278&gt;</span> <span class='ocrx_word' id='word_1_130' title='bbox 302 1333 393 1377; x_wconf 83' lang='grc' dir='ltr'><strong><em>ἐπεὶ</em></strong></span> <span class='ocrx_word' id='word_1_131' title='bbox 424 1334 497 1377; x_wconf 86' lang='grc' dir='ltr'><strong><em>καὶ</em></strong></span> <span class='ocrx_word' id='word_1_132' title='bbox 525 1334 783 1391; x_wconf 85' lang='grc' dir='ltr'><strong><em>Ἀθρόγγης,</em></strong></span> <span class='ocrx_word' id='word_1_133' title='bbox 817 1336 928 1391; x_wconf 86' lang='grc' dir='ltr'><strong><em>ἀνὴρ</em></strong></span> <span class='ocrx_word' id='word_1_134' title='bbox 970 1337 1071 1379; x_wconf 79' lang='grc' dir='ltr'><strong><em>οὔτε</em></strong></span> <span class='ocrx_word' id='word_1_135' title='bbox 1109 1338 1344 1391; x_wconf 89' lang='grc' dir='ltr'><strong><em>προγόνων</em></strong></span> <span class='ocrx_word' id='word_1_136' title='bbox 1384 1335 1471 1377; x_wconf 87' lang='grc' dir='ltr'><strong><em>ε’πι-</em></strong></span> 
     </span>
     <span class='ocr_line' id='line_1_19' title="bbox 125 1405 1473 1464; baseline 0.001 -18"><span class='ocrx_word' id='word_1_137' title='bbox 125 1406 270 1460; x_wconf 85' lang='grc' dir='ltr'><strong><em>φανὴς</em></strong></span> <span class='ocrx_word' id='word_1_138' title='bbox 301 1405 507 1461; x_wconf 82' lang='grc' dir='ltr'><strong><em>ἀξιώματι</em></strong></span> <span class='ocrx_word' id='word_1_139' title='bbox 540 1405 632 1449; x_wconf 77' lang='grc' dir='ltr'><strong><em>οὔτ’</em></strong></span> <span class='ocrx_word' id='word_1_140' title='bbox 663 1407 818 1462; x_wconf 84' lang='grc' dir='ltr'><strong><em>ἀρετῆς</em></strong></span> <span class='ocrx_word' id='word_1_141' title='bbox 842 1409 1074 1464; x_wconf 76' lang='grc' dir='ltr'><strong><em>περιουσίᾳ</em></strong></span> <span class='ocrx_word' id='word_1_142' title='bbox 1099 1407 1125 1461; x_wconf 78' lang='grc' dir='ltr'><em>ἢ</em></span> <span class='ocrx_word' id='word_1_143' title='bbox 1151 1414 1285 1449; x_wconf 83' lang='grc' dir='ltr'><strong><em>τινῶν</em></strong></span> <span class='ocrx_word' id='word_1_144' title='bbox 1311 1407 1473 1460; x_wconf 91' lang='grc' dir='ltr'><strong><em>πλήθει</em></strong></span> 
     </span>
     <span class='ocr_line' id='line_1_20' title="bbox 125 1476 1474 1533; baseline 0 -15"><span class='ocrx_word' id='word_1_145' title='bbox 125 1476 372 1531; x_wconf 85' lang='grc' dir='ltr'><strong><em>χρημάτων,</em></strong></span> <span class='ocrx_word' id='word_1_146' title='bbox 403 1479 566 1532; x_wconf 89' lang='grc' dir='ltr'><strong><em>ποιμὴν</em></strong></span> <span class='ocrx_word' id='word_1_147' title='bbox 605 1476 654 1520; x_wconf 71' lang='grc' dir='ltr'><strong><em>δὲ</em></strong></span> <span class='ocrx_word' id='word_1_148' title='bbox 691 1477 763 1520; x_wconf 84' lang='grc' dir='ltr'><strong><em>καὶ</em></strong></span> <span class='ocrx_word' id='word_1_149' title='bbox 801 1478 1074 1533; x_wconf 86' lang='grc' dir='ltr'><strong><em>ἀνεπιφανὴς</em></strong></span> <span class='ocrx_word' id='word_1_150' title='bbox 1111 1485 1202 1528; x_wconf 77' lang='grc' dir='ltr'><strong><em>τοῖς</em></strong></span> <span class='ocrx_word' id='word_1_151' title='bbox 1239 1484 1373 1519; x_wconf 79' lang='grc' dir='ltr'><strong><em>πᾶσιν</em></strong></span> <span class='ocrx_word' id='word_1_152' title='bbox 1412 1478 1474 1526; x_wconf 83' lang='grc' dir='ltr'><strong><em>εἰς</em></strong></span> 
     </span>
     <span class='ocr_line' id='line_1_21' title="bbox 73 1546 1473 1604; baseline 0 -16"><span class='ocrx_word' id='word_1_153' title='bbox 73 1559 106 1584; x_wconf 82' lang='lat'><strong><em>20</em></strong></span> <span class='ocrx_word' id='word_1_154' title='bbox 127 1547 177 1588; x_wconf 81' lang='grc' dir='ltr'><strong><em>τὰ</em></strong></span> <span class='ocrx_word' id='word_1_155' title='bbox 208 1547 349 1589; x_wconf 88' lang='grc' dir='ltr'><strong><em>πάντα</em></strong></span> <span class='ocrx_word' id='word_1_156' title='bbox 382 1548 459 1601; x_wconf 77' lang='grc' dir='ltr'><strong><em>ὥν,</em></strong></span> <span class='ocrx_word' id='word_1_157' title='bbox 491 1548 632 1597; x_wconf 80' lang='grc' dir='ltr'><strong><em>ἄλλως</em></strong></span> <span class='ocrx_word' id='word_1_158' title='bbox 665 1546 712 1590; x_wconf 78' lang='grc' dir='ltr'><strong><em>δὲ</em></strong></span> <span class='ocrx_word' id='word_1_159' title='bbox 745 1547 923 1603; x_wconf 89' lang='grc' dir='ltr'><strong><em>μεγέθει</em></strong></span> <span class='ocrx_word' id='word_1_160' title='bbox 950 1549 1146 1604; x_wconf 85' lang='grc' dir='ltr'><strong><em>σώματος</em></strong></span> <span class='ocrx_word' id='word_1_161' title='bbox 1179 1547 1251 1589; x_wconf 84' lang='grc' dir='ltr'><strong><em>καὶ</em></strong></span> <span class='ocrx_word' id='word_1_162' title='bbox 1282 1554 1333 1603; x_wconf 75' lang='grc' dir='ltr'><strong><em>τῇ</em></strong></span> <span class='ocrx_word' id='word_1_163' title='bbox 1365 1548 1473 1589; x_wconf 84' lang='grc' dir='ltr'><strong><em>κατὰ</em></strong></span> 
     </span>
     <span class='ocr_line' id='line_1_22' title="bbox 127 1617 1473 1675; baseline 0.001 -16"><span class='ocrx_word' id='word_1_164' title='bbox 127 1624 273 1673; x_wconf 79' lang='grc' dir='ltr'><strong><em>χεῖρας</em></strong></span> <span class='ocrx_word' id='word_1_165' title='bbox 303 1617 412 1673; x_wconf 78' lang='grc' dir='ltr'><strong><em>ἀλκῇ</em></strong></span> <span class='ocrx_word' id='word_1_166' title='bbox 446 1617 713 1673; x_wconf 86' lang='grc' dir='ltr'><strong><em>διαπρέπων,</em></strong></span> <span class='ocrx_word' id='word_1_167' title='bbox 747 1618 984 1674; x_wconf 83' lang='grc' dir='ltr'><strong><em>ἐτόλμησεν</em></strong></span> <span class='ocrx_word' id='word_1_168' title='bbox 1024 1618 1093 1661; x_wconf 82' lang='grc' dir='ltr'><strong><em>ἐπὶ</em></strong></span> <span class='ocrx_word' id='word_1_169' title='bbox 1131 1621 1332 1675; x_wconf 77' lang='grc' dir='ltr'><strong><em>βασιλεία</em></strong></span> <span class='ocrx_word' id='word_1_170' title='bbox 1363 1634 1473 1673; x_wconf 88' lang='grc' dir='ltr'><strong><em>φρο-</em></strong></span> 
     </span>
     <span class='ocr_line' id='line_1_23' title="bbox 127 1687 1472 1744; baseline 0.001 -15"><span class='ocrx_word' id='word_1_171' title='bbox 127 1694 277 1742; x_wconf 79' lang='grc' dir='ltr'><strong><em>νῆσαι,</em></strong></span> <span class='ocrx_word' id='word_1_172' title='bbox 320 1687 391 1730; x_wconf 85' lang='grc' dir='ltr'><strong><em>καὶ</em></strong></span> <span class='ocrx_word' id='word_1_173' title='bbox 430 1689 502 1730; x_wconf 76' lang='grc' dir='ltr'><strong><em>διὰ</em></strong></span> <span class='ocrx_word' id='word_1_174' title='bbox 540 1689 619 1743; x_wconf 86' lang='grc' dir='ltr'><strong><em>τὴν</em></strong></span> <span class='ocrx_word' id='word_1_175' title='bbox 662 1689 830 1744; x_wconf 82' lang='grc' dir='ltr'><strong><em>ἡδονὴν</em></strong></span> <span class='ocrx_word' id='word_1_176' title='bbox 874 1696 953 1733; x_wconf 89' lang='grc' dir='ltr'><strong><em>τοῦ</em></strong></span> <span class='ocrx_word' id='word_1_177' title='bbox 997 1689 1131 1732; x_wconf 89' lang='grc' dir='ltr'><strong><em>πλέον</em></strong></span> <span class='ocrx_word' id='word_1_178' title='bbox 1178 1689 1356 1744; x_wconf 86' lang='grc' dir='ltr'><strong><em>ὑβρίσαι</em></strong></span> <span class='ocrx_word' id='word_1_179' title='bbox 1400 1687 1472 1730; x_wconf 85' lang='grc' dir='ltr'><strong><em>καὶ</em></strong></span> 
     </span>
     <span class='ocr_line' id='line_1_24' title="bbox 124 1757 1472 1815; baseline 0 -15"><span class='ocrx_word' id='word_1_180' title='bbox 124 1760 336 1813; x_wconf 84' lang='grc' dir='ltr'><strong><em>θνήσκων</em></strong></span> <span class='ocrx_word' id='word_1_181' title='bbox 369 1759 450 1802; x_wconf 87' lang='grc' dir='ltr'><strong><em>οὐκ</em></strong></span> <span class='ocrx_word' id='word_1_182' title='bbox 482 1759 529 1802; x_wconf 84' lang='grc' dir='ltr'><strong><em>ἐν</em></strong></span> <span class='ocrx_word' id='word_1_183' title='bbox 561 1761 765 1815; x_wconf 85' lang='grc' dir='ltr'><strong><em>μεγάλοις</em></strong></span> <span class='ocrx_word' id='word_1_184' title='bbox 796 1763 1003 1804; x_wconf 86' lang='grc' dir='ltr'><strong><em>τίθεσθαι</em></strong></span> <span class='ocrx_word' id='word_1_185' title='bbox 1044 1767 1118 1815; x_wconf 78' lang='grc' dir='ltr'><strong><em>τῆς</em></strong></span> <span class='ocrx_word' id='word_1_186' title='bbox 1149 1766 1289 1815; x_wconf 80' lang='grc' dir='ltr'><strong><em>ψυχῆς</em></strong></span> <span class='ocrx_word' id='word_1_187' title='bbox 1321 1761 1368 1801; x_wconf 91' lang='grc' dir='ltr'><strong><em>τὸ</em></strong></span> <span class='ocrx_word' id='word_1_188' title='bbox 1403 1757 1472 1801; x_wconf 84' lang='grc' dir='ltr'><strong><em>ἐπὶ</em></strong></span> 
     </span>
     <span class='ocr_line' id='line_1_25' title="bbox 126 1829 1471 1887; baseline 0 -16"><span class='ocrx_word' id='word_1_189' title='bbox 126 1829 309 1872; x_wconf 77' lang='grc' dir='ltr'><strong><em>τοιοῖσδ’</em></strong></span> <span class='ocrx_word' id='word_1_190' title='bbox 346 1829 556 1885; x_wconf 88' lang='grc' dir='ltr'><strong><em>ἀνάλωμα</em></strong></span> <span class='ocrx_word' id='word_1_191' title='bbox 588 1833 898 1886; x_wconf 87' lang='grc' dir='ltr'><strong><em>γενησόμενον.</em></strong></span> <span class='ocrx_word' id='word_1_192' title='bbox 961 1832 1106 1886; x_wconf 75' lang='grc' dir='ltr'>&lt;2ῖ9&gt;</span> <span class='ocrx_word' id='word_1_193' title='bbox 1136 1829 1249 1886; x_wconf 75' lang='grc' dir='ltr'><strong><em>ἦσαν</em></strong></span> <span class='ocrx_word' id='word_1_194' title='bbox 1283 1829 1321 1872; x_wconf 84' lang='grc' dir='ltr'><strong><em>δ’</em></strong></span> <span class='ocrx_word' id='word_1_195' title='bbox 1355 1830 1471 1887; x_wconf 78' lang='grc' dir='ltr'><strong><em>αὐτῷ</em></strong></span> 
     </span>
     <span class='ocr_line' id='line_1_26' title="bbox 72 1899 1473 1957; baseline 0 -15"><span class='ocrx_word' id='word_1_196' title='bbox 72 1911 106 1936; x_wconf 78' lang='lat'><strong><em>‘25</em></strong></span> <span class='ocrx_word' id='word_1_197' title='bbox 126 1899 198 1942; x_wconf 85' lang='grc' dir='ltr'><strong><em>καὶ</em></strong></span> <span class='ocrx_word' id='word_1_198' title='bbox 238 1899 424 1956; x_wconf 86' lang='grc' dir='ltr'><strong><em>ἀδελφοὶ</em></strong></span> <span class='ocrx_word' id='word_1_199' title='bbox 460 1900 674 1957; x_wconf 88' lang='grc' dir='ltr'><strong><em>τέτταρες,</em></strong></span> <span class='ocrx_word' id='word_1_200' title='bbox 712 1903 892 1956; x_wconf 77' lang='grc' dir='ltr'><strong><em>μεγάλοι</em></strong></span> <span class='ocrx_word' id='word_1_201' title='bbox 929 1918 974 1944; x_wconf 91' lang='grc' dir='ltr'><strong><em>τε</em></strong></span> <span class='ocrx_word' id='word_1_202' title='bbox 1011 1901 1083 1944; x_wconf 85' lang='grc' dir='ltr'><strong><em>καὶ</em></strong></span> <span class='ocrx_word' id='word_1_203' title='bbox 1127 1900 1253 1944; x_wconf 83' lang='grc' dir='ltr'><strong><em>αὐτοὶ</em></strong></span> <span class='ocrx_word' id='word_1_204' title='bbox 1291 1899 1363 1943; x_wconf 84' lang='grc' dir='ltr'><strong><em>καὶ</em></strong></span> <span class='ocrx_word' id='word_1_205' title='bbox 1402 1899 1473 1942; x_wconf 82' lang='grc' dir='ltr'><strong><em>ἐπὶ</em></strong></span> 
     </span>
     <span class='ocr_line' id='line_1_27' title="bbox 127 1969 1470 2029; baseline 0.001 -17"><span class='ocrx_word' id='word_1_206' title='bbox 127 1969 236 2026; x_wconf 89' lang='grc' dir='ltr'><strong><em>μέγα</em></strong></span> <span class='ocrx_word' id='word_1_207' title='bbox 273 1972 484 2027; x_wconf 89' lang='grc' dir='ltr'><strong><em>προύχειν</em></strong></span> <span class='ocrx_word' id='word_1_208' title='bbox 521 1979 571 2027; x_wconf 75' lang='grc' dir='ltr'><strong><em>τῇ</em></strong></span> <span class='ocrx_word' id='word_1_209' title='bbox 610 1974 716 2015; x_wconf 81' lang='grc' dir='ltr'><strong><em>κατὰ</em></strong></span> <span class='ocrx_word' id='word_1_210' title='bbox 757 1981 903 2029; x_wconf 77' lang='grc' dir='ltr'><strong><em>χεῖρας</em></strong></span> <span class='ocrx_word' id='word_1_211' title='bbox 947 1973 1076 2029; x_wconf 78' lang='grc' dir='ltr'><strong><em>ἀρετῇ</em></strong></span> <span class='ocrx_word' id='word_1_212' title='bbox 1122 1971 1470 2026; x_wconf 87' lang='grc' dir='ltr'><strong><em>πεπιστευμένοι,</em></strong></span> 
     </span>
     <span class='ocr_line' id='line_1_28' title="bbox 125 2040 1471 2099; baseline 0 -15"><span class='ocrx_word' id='word_1_213' title='bbox 125 2044 356 2098; x_wconf 90' lang='grc' dir='ltr'><strong><em>πρόβλημα</em></strong></span> <span class='ocrx_word' id='word_1_214' title='bbox 387 2040 501 2085; x_wconf 84' lang='grc' dir='ltr'><strong><em>εἶναι</em></strong></span> <span class='ocrx_word' id='word_1_215' title='bbox 533 2050 608 2098; x_wconf 84' lang='grc' dir='ltr'><strong><em>τῆς</em></strong></span> <span class='ocrx_word' id='word_1_216' title='bbox 634 2043 853 2095; x_wconf 80' lang='grc' dir='ltr'><strong><em>καθέξεως</em></strong></span> <span class='ocrx_word' id='word_1_217' title='bbox 879 2051 953 2099; x_wconf 81' lang='grc' dir='ltr'><strong><em>τῆς</em></strong></span> <span class='ocrx_word' id='word_1_218' title='bbox 978 2046 1199 2099; x_wconf 85' lang='grc' dir='ltr'><strong><em>βασιλείας</em></strong></span> <span class='ocrx_word' id='word_1_219' title='bbox 1225 2045 1471 2092; x_wconf 84' lang='grc' dir='ltr'><strong><em>δοκοῦντες.</em></strong></span> 
     </span>
     <span class='ocr_line' id='line_1_29' title="bbox 126 2111 1470 2170; baseline 0 -16"><span class='ocrx_word' id='word_1_220' title='bbox 126 2114 260 2168; x_wconf 87' lang='grc' dir='ltr'><strong><em>λόχου</em></strong></span> <span class='ocrx_word' id='word_1_221' title='bbox 287 2112 322 2155; x_wconf 83' lang='grc' dir='ltr'><strong><em>τ’</em></strong></span> <span class='ocrx_word' id='word_1_222' title='bbox 355 2114 501 2156; x_wconf 86' lang='grc' dir='ltr'><strong><em>αὐτῶν</em></strong></span> <span class='ocrx_word' id='word_1_223' title='bbox 526 2111 660 2170; x_wconf 74' lang='grc' dir='ltr'><strong><em>ἦρχεν</em></strong></span> <span class='ocrx_word' id='word_1_224' title='bbox 687 2114 882 2165; x_wconf 81' lang='grc' dir='ltr'><strong><em>ἕκαστος·</em></strong></span> <span class='ocrx_word' id='word_1_225' title='bbox 917 2114 1170 2169; x_wconf 87' lang='grc' dir='ltr'><strong><em>συλλέγεται</em></strong></span> <span class='ocrx_word' id='word_1_226' title='bbox 1196 2115 1278 2169; x_wconf 80' lang='grc' dir='ltr'><strong><em>γὰρ</em></strong></span> <span class='ocrx_word' id='word_1_227' title='bbox 1305 2113 1470 2168; x_wconf 85' lang='grc' dir='ltr'><strong><em>μεγάλη</em></strong></span> 
     </span>
     <span class='ocr_line' id='line_1_30' title="bbox 125 2182 1472 2241; baseline 0.001 -17"><span class='ocrx_word' id='word_1_228' title='bbox 125 2185 298 2238; x_wconf 86' lang='grc' dir='ltr'><strong><em>πληθὺς</em></strong></span> <span class='ocrx_word' id='word_1_229' title='bbox 341 2185 450 2240; x_wconf 87' lang='grc' dir='ltr'><strong><em>πρὸς</em></strong></span> <span class='ocrx_word' id='word_1_230' title='bbox 490 2185 662 2235; x_wconf 84' lang='grc' dir='ltr'><strong><em>αὐτούς.</em></strong></span> <span class='ocrx_word' id='word_1_231' title='bbox 725 2187 870 2241; x_wconf 80' lang='grc'>&lt;280&gt;</span> <span class='ocrx_word' id='word_1_232' title='bbox 914 2185 986 2228; x_wconf 82' lang='grc' dir='ltr'><strong><em>καὶ</em></strong></span> <span class='ocrx_word' id='word_1_233' title='bbox 1031 2188 1076 2228; x_wconf 83' lang='grc' dir='ltr'><strong><em>οἳ</em></strong></span> <span class='ocrx_word' id='word_1_234' title='bbox 1111 2183 1191 2240; x_wconf 75' lang='grc' dir='ltr'><strong><em>μὲν</em></strong></span> <span class='ocrx_word' id='word_1_235' title='bbox 1239 2182 1472 2239; x_wconf 83' lang='grc' dir='ltr'><strong><em>στρατηγοὶ</em></strong></span> 
     </span>
     <span class='ocr_line' id='line_1_31' title="bbox 73 2250 1472 2314; baseline -0.001 -18"><span class='ocrx_word' id='word_1_236' title='bbox 73 2265 107 2290; x_wconf 77' lang='lat'><strong><em>30</em></strong></span> <span class='ocrx_word' id='word_1_237' title='bbox 126 2250 253 2308; x_wconf 77' lang='grc' dir='ltr'><strong><em>ἦσαν,</em></strong></span> <span class='ocrx_word' id='word_1_238' title='bbox 291 2254 363 2296; x_wconf 84' lang='grc' dir='ltr'><strong><em>καὶ</em></strong></span> <span class='ocrx_word' id='word_1_239' title='bbox 401 2255 759 2311; x_wconf 88' lang='grc' dir='ltr'><strong><em>ὑπεστρατήγουν</em></strong></span> <span class='ocrx_word' id='word_1_240' title='bbox 798 2256 914 2314; x_wconf 80' lang='grc' dir='ltr'><strong><em>αὐτῷ</em></strong></span> <span class='ocrx_word' id='word_1_241' title='bbox 954 2257 1093 2300; x_wconf 89' lang='grc' dir='ltr'><strong><em>ὁπόσα</em></strong></span> <span class='ocrx_word' id='word_1_242' title='bbox 1131 2258 1191 2306; x_wconf 85' lang='grc' dir='ltr'><strong><em>εἰς</em></strong></span> <span class='ocrx_word' id='word_1_243' title='bbox 1224 2256 1298 2305; x_wconf 74' lang='grc' dir='ltr'><strong><em>τὰς</em></strong></span> <span class='ocrx_word' id='word_1_244' title='bbox 1335 2254 1472 2310; x_wconf 88' lang='grc' dir='ltr'><strong><em>μάχας</em></strong></span> 
     </span>
     <span class='ocr_line' id='line_1_32' title="bbox 222 2336 808 2381; baseline 0.002 -10"><span class='ocrx_word' id='word_1_245' title='bbox 222 2340 241 2379; x_wconf 63' lang='lat' dir='ltr'>g</span> <span class='ocrx_word' id='word_1_246' title='bbox 268 2339 336 2371; x_wconf 73' lang='lat'><strong><em>275</em></strong></span> <span class='ocrx_word' id='word_1_247' title='bbox 363 2336 406 2372; x_wconf 86' lang='lat' dir='ltr'><strong><em>cf.</em></strong></span> <span class='ocrx_word' id='word_1_248' title='bbox 433 2336 526 2372; x_wconf 77' lang='lat' dir='ltr'>Bell.</span> <span class='ocrx_word' id='word_1_249' title='bbox 554 2336 632 2372; x_wconf 82' lang='lat' dir='ltr'><strong>Iud.</strong></span> <span class='ocrx_word' id='word_1_250' title='bbox 658 2337 691 2371; x_wconf 86' lang='grc' dir='ltr'>Π</span> <span class='ocrx_word' id='word_1_251' title='bbox 718 2341 749 2381; x_wconf 75' lang='lat'><strong><em>4,</em></strong></span> <span class='ocrx_word' id='word_1_252' title='bbox 777 2340 808 2372; x_wconf 83' lang='lat'><strong><em>2.</em></strong></span> 
     </span>
    </p>
   </div>
  </div>
 </body>
</html>
