1732 2526
250 82 335 122 194
740 83 1103 116 ΑΡΧΑΙΟΛΟΓΙΑΣ

247 188 319 231 καὶ
350 192 576 243 πολεμιόις
608 189 689 231 οὐκ
720 188 978 244 εὐέμβολος,
1009 189 1200 245 περιόδῳ
1233 204 1277 230 τε
1309 195 1388 231 τοῦ
1419 189 1607 244 Εὐφρά-.

248 276 326 302 του
369 266 514 301 πᾶσαν
559 258 681 310 ἐντὸς
731 260 868 314 αὐτὴν
919 259 1308 313 ἀπολαμβάνοντος
1357 258 1428 301 καὶ
1471 275 1600 301 κατα-

249 337 425 379 σκευαῖς
467 337 632 385 τειχῶν.
708 330 863 384 <312>
907 331 997 371 ἔστι
1043 328 1090 371 δὲ
1133 328 1207 371 καὶ
1251 331 1431 383 Νίσιβις
1473 331 1600 379 πόλις

248 401 354 442 κατὰ
392 401 469 442 τὸν
507 400 641 442 αὐτὸν
679 407 758 442 τοῦ
795 406 993 454 ποταμοῦ
1031 403 1285 455 περίρρουν.
1349 400 1457 441 ὅθεν
1489 398 1599 442 Ἰου-

248 472 366 512 δαϊοι
399 477 450 525 τῇ
483 472 614 525 φύσει
646 479 733 512 τῶν
765 473 939 526 χωρίων
976 472 1330 524 πεπιστευκότες,
1371 472 1420 511 τό
1457 485 1502 511 τε
1535 471 1598 511 δί-

248 543 444 595 δραχμον
495 541 517 582 ὃ
568 548 626 597 τῷ
676 546 768 597 θεῷ
818 541 1107 594 καταβάλλειν
1153 539 1349 590 ἑκάστοις
1398 540 1599 595 πάτριον,

246 612 381 666 ταύτῃ
407 614 686 654 κατετίθεντο
712 610 935 666 καὶέ,ὁπόσ’
966 612 1076 653 ἄλλα
1103 611 1379 666 ἀναθήματα,
1406 610 1597 665 ἐχρῶντό

245 681 292 722 θ’
325 682 470 736 ὥσπερ
502 684 682 739 ταμιείῳ
714 683 864 723 ταῖσδε
896 689 988 731 ταῖς
1018 684 1212 724 πόλεσιν.
1273 681 1419 735 <313>
1452 680 1598 723 ἐντεῦ-

245 756 329 793 θεν
363 751 402 793 δ’
435 750 505 793 ἐπὶ
531 751 854 806 Ἱεροσολύμων
886 751 1152 807 ἀνεπέμπετο
1188 748 1211 807 ᾗ
1244 754 1407 806 καιρός,
1439 753 1603 794 πολλαί

246 837 290 863 τε
335 823 546 877 μυριάδες
589 823 842 877 ἀνθρώπων
884 824 964 877 τὴν
1004 824 1194 877 κομιδὴν
1234 830 1322 864 τῶν
1363 823 1597 878 χρημάτων

245 893 602 947 παρελάμβανον,
630 894 823 943 δεδιότες
849 894 923 943 τὰς
949 895 1229 947 Παρθυαίων
1255 893 1465 947 ἁρπαγάς,
1491 893 1597 934 ὑπο-

245 964 456 1017 τελούσης
494 963 678 1013 ἐκείνοις
714 970 789 1017 τῆς
824 966 1127 1018 Βαβυλωνίας.
1188 965 1334 1018 <314>
1371 962 1443 1005 καὶ
1484 960 1596 1017 ἦσαν

246 1035 328 1088 γὰρ
358 1031 575 1084 Ἀσιναῖος
606 1033 679 1076 καὶ
706 1032 936 1088 Ἀνιλαῖος,
971 1036 1231 1089 Νααρδᾶται
1264 1032 1343 1089 μὲν
1375 1036 1423 1076 τὸ
1456 1033 1596 1087 γένος,

245 1105 448 1158 ἀλλήλων
482 1105 521 1146 δ’
553 1105 753 1160 ἀδελφοί·
799 1104 871 1147 καὶ
904 1105 1064 1154 αὐτούς
1095 1104 1277 1161 (πατρὸς
1309 1101 1346 1146 δ’
1378 1102 1490 1159 ἦσαν
1524 1104 1596 1159 ὀρ-

244 1174 406 1231 φανοί)
438 1176 464 1228 ἡ
493 1178 631 1230 μήτηρ
658 1175 925 1228 προσέταξεν
959 1176 1109 1217 ἱστίων
1142 1177 1332 1230 μαθήσει
1365 1176 1594 1228 ποιήσεως,

245 1246 325 1287 οὐκ
370 1248 496 1296 ὄντος
540 1246 759 1300 ἀπρεποῦς
802 1254 892 1295 τοῖς
936 1246 1183 1301 ἐπιχωρίοις
1226 1247 1335 1287 ὥστε
1376 1248 1479 1295 τοὺς
1519 1246 1595 1287 ἄν-

246 1318 353 1370 δρας
378 1321 713 1371 ταλασιουργεῖν
745 1315 845 1370 παρ’
877 1317 1035 1366 αὐτοῖς.
1086 1318 1258 1366 τούτοις
1284 1316 1306 1358 ὁ
1333 1323 1424 1366 τοῖς
1450 1319 1595 1370 ἔργοις

245 1388 435 1441 ἐφεστώς
472 1385 563 1442 (καὶ
605 1388 687 1440 γὰρ
730 1387 1064 1441 ἐμεμαθήκεσαν
1106 1384 1205 1441 παρ’
1250 1386 1387 1443 αὐτῷ)
1429 1388 1594 1441 βραδυ-

243 1464 348 1512 τῆτα
380 1457 636 1507 ἐπικαλέσας
666 1464 741 1511 τῆς
773 1457 958 1512 ἀφίξεως
990 1457 1168 1499 ἐκόλασε
1201 1461 1397 1511 πληγαῖς.
1449 1457 1594 1512 (315)

244 1530 290 1569 οἳ
320 1526 358 1569 δ’
397 1524 463 1582 ἐφ’
500 1528 625 1582 ὕβρει
663 1529 744 1582 τὴν
783 1529 1013 1569 δικαίωσιν
1046 1530 1337 1582 λογιζόμενοι,
1375 1527 1592 1570 κατασπά-

244 1610 396 1648 σαντες
440 1606 526 1640 τῶν
571 1598 720 1639 ὅπλων
764 1599 904 1640 πολλὰ
949 1594 1073 1640 ὁπόσ’
1121 1595 1176 1651 ἦν
1221 1596 1291 1639 ἐπὶ
1333 1604 1409 1652 τῆς
1453 1599 1593 1648 οἰκίας

244 1671 566 1722 φυλαττόμενα,
598 1668 765 1725 ᾤχοντο
800 1673 860 1718 εἰς
891 1684 932 1710 τι
961 1671 1125 1723 χωρίον
1152 1668 1379 1723 διάρρηξιν
1409 1666 1489 1722 μὲν
1514 1684 1591 1710 πο-

243 1747 391 1793 ταμῶν
422 1740 705 1793 ποιούμενον,
738 1740 874 1793 νομὰς
907 1735 945 1780 δ’
982 1738 1153 1792 ἀγαθὰς
1184 1745 1422 1794 παρασχεῖν
1454 1754 1590 1793 πεφυ-

242 1811 316 1858 κὸς
356 1808 428 1849 καὶ
470 1812 605 1863 χιλῶν
643 1809 798 1851 ὁπόσοι
839 1810 901 1858 εἰς
942 1810 1018 1851 τὸν
1059 1817 1250 1863 χειμῶνα
1292 1808 1589 1851 ἀποτιθοῖντο.

243 1879 441 1933 συνῇσάν
471 1877 517 1919 θ’
555 1880 613 1928 ὡς
644 1879 803 1928 αὐτοὺς
834 1886 922 1920 τῶν
953 1878 1066 1920 νέων
1105 1880 1150 1920 οἱ
1185 1878 1476 1933 ἀπορώτατοι,
1516 1877 1588 1920 καὶ

242 1950 424 1998 τούτους
467 1957 557 1998 τοῖς
601 1949 751 1998 ὅπλοις
795 1950 1070 2004 φραγνύντες
1113 1951 1352 2003 στρατηγοί
1390 1948 1429 1990 τ’
1476 1947 1589 2003 ἦσαν

241 2018 314 2061 καὶ
345 2027 432 2060 τῶν
464 2027 609 2061 κακῶν
640 2020 850 2074 «ἡγεμόνες
882 2020 962 2061 οὐκ
994 2019 1239 2062 ἐκωλύοντο
1266 2017 1389 2061 εἶναι.
1442 2021 1587 2074 <316>

242 2091 538 2143 προελθόντες
575 2091 656 2144 γὰρ
697 2089 765 2131 ε’πὶ
806 2091 853 2131 τὸ
886 2090 1053 2145 ἄμαχον
1086 2089 1157 2131 καὶ
1189 2090 1588 2140 κατασκευάσαντες

242 2160 483 2215 ἀκρόπολιν
511 2158 748 2213 διέπεμπον
767 2162 875 2214 πρὸς
897 2162 1001 2210 τοὺς
1019 2158 1243 2214 νέμοντας,
1271 2162 1414 2214 φόρον
1440 2161 1588 2210 αὐτοῖς

1636 481 1653 507 5

1618 835 1651 859 10

1615 1186 1648 1212 15

1613 1539 1645 1565 20

1609 1891 1642 1916 25

241 2231 494 2279 κελεύοντες
531 2230 819 2283 καταβάλλειν
856 2238 943 2272 τῶν
981 2230 1267 2284 βοσκημάτων
1309 2229 1334 2271 ἑὲ
1367 2229 1586 2285 ἀρκοῦντα
1605 2241 1641 2267 30

243 2300 312 2342 ε’πὶ
345 2306 486 2355 τροφῇ
519 2299 702 2355 γίγνοιτ’
740 2302 816 2355 ἄν,
856 2300 1137 2356 προτιθέντες
1174 2303 1326 2355 φιλίαν
1357 2316 1402 2342 τε
1433 2305 1586 2343 πειθο-

1722 210 1732 313 -a-am.

1727 442 1732 481 ὲ

1726 487 1732 505 4

1725 791 1729 824 ¹2
