1732 2526
225 85 249 126 9
255 85 281 126 2
716 85 1080 118 APXAIOAOPIAE

225 186 291 241 οἷς
322 193 380 247 μὴ
412 194 687 247 παρήγγελτο
719 194 858 234 εἰπεῖν
890 192 1206 247 ἀγορευόμενα,
1238 193 1345 235 ὥστε
1378 195 1455 236 τὸν
1477 192 1573 236 ’Av-

224 265 448 318 τίπατρον,
479 265 633 318 καίπερ
667 262 736 305 ἐπὶ
767 267 974 305 πλεῖστον
1005 263 1147 305 πάντα
1180 264 1435 306 δεινότατον
1467 265 1578 307 ὄντα

224 335 476 382 ψεύσασθαι
517 332 588 375 καὶ
627 333 967 389 ἀπερυθριᾶσαι,
1006 331 1108 388 μηδ’
1154 334 1260 376 ὅσον
1299 333 1383 377 ἀπὸ
1422 342 1574 390 φωνῆς

226 403 288 446 ἐπ’
329 403 540 455 ἀντιλέξει
572 405 652 459 τὴν
680 406 808 460 ἰσχὺν
839 403 1138 460 εἰσφέρεσθαι.

311 475 456 530 <127>
488 475 717 517 Νικολάου
751 472 799 516 δὲ
831 474 1117 530 παυσαμένου
1142 483 1231 517 τῶν
1257 491 1301 518 τε
1330 477 1476 529 λόγων
1501 475 1574 518 καὶ
1611 487 1627 513 5

223 553 311 587 τῶν
352 545 557 601 ἐλέγχων,
597 543 742 600 ’ὃᾶρος
785 544 1011 587 ἐκέλευσεν
1055 547 1132 588 τὸν
1172 543 1459 602 Ἀντίπατρον
1505 545 1570 589 ἐπ’

224 615 468 669 ἀπολογίαν
512 623 600 657 τῶν
644 615 927 670 ἐγκλημάτων
973 623 1153 671 χωρεῖν,
1204 621 1247 658 εἴ
1290 632 1407 667 τινες
1456 617 1573 675 αὐτῷ

223 685 495 741 παρασκευαὶ
539 692 618 728 τοῦ
660 687 718 740 μὴ
762 686 899 743 ἐνόχῳ
943 694 1034 736 τοῖς
1073 686 1405 742 ἐπιφερομένοις
1442 685 1575 730 εἶναι·

223 756 296 798 καὶ
328 758 410 811 γὰρ
443 757 574 806 αὐτὸς
606 757 833 812 εὔχεσθαι,
870 755 943 798 καὶ
976 759 1053 799 τὸν
1085 756 1249 812 πατέρα
1292 757 1455 800 εἰδέναι
1487 757 1574 815 (ἐκ)
1622 776 1627 781 ·

224 835 312 869 τῶν
339 828 504 882 ὁμοίων
530 827 789 881 εὐχόμενον,
815 825 954 882 μηδὲν
981 828 1116 870 αὐτὸν
1142 827 1380 871 ἀδικοῦντα
1405 835 1574 885 φωρᾶν.
1596 843 1628 866 11¹

223 898 369 951 <1⁶2ss>
416 898 438 939 ὃ
473 895 512 939 δ’
549 896 618 939 ἐπὶ
651 900 788 952 στόμα
827 900 965 940 ἔκειτο
999 898 1391 954 ἀνατετραμμένος,
1429 906 1488 957 τῷ
1530 916 1574 942 τε

224 974 315 1026 θεῷ
336 967 409 1011 καὶ
433 975 540 1010 πᾶσι
565 967 822 1023 προστιθεὶς
846 970 894 1010 τὸ
922 968 1269 1025 ἐπιμαρτυρῆσαι
1295 970 1411 1028 αὐτῷ
1436 969 1576 1025 μηδὲν

223 1039 409 1094 ἀδικεῖν,
453 1040 478 1094 ἢ
523 1041 769 1095 τεκμηρίοις
814 1038 1027 1094 ἐμφανέσι
1073 1047 1348 1095 παραστῆσαι
1393 1043 1450 1096 μὴ
1495 1041 1577 1084 οὐκ

225 1110 462 1165 ἐπίβουλον
494 1110 630 1152 αὐτὸν
662 1116 741 1152 τοῦ
767 1112 929 1166 πατρὸς
954 1109 1197 1164 γεγονέναι.
1244 1112 1388 1166 <129>
1419 1114 1576 1154 εἰωθό-

224 1197 293 1230 τες
331 1179 411 1235 μὲν
449 1180 521 1227 καὶ
564 1181 723 1230 πάντες
767 1175 832 1230 οἷς
871 1180 1081 1223 ἐπιλείπει
1119 1181 1289 1237 ἀρετῆς,
1327 1183 1456 1225 ὁπότε
1495 1182 1576 1238 μὲν
1596 1194 1629 1220 15

225 1250 470 1307 ἐγχειρηταὶ
501 1259 637 1293 τινῶν
668 1260 814 1294 κακῶν
841 1249 944 1305 εἶεν,
970 1259 1049 1294 τοῦ
1075 1254 1205 1294 θείου
1231 1254 1280 1295 τὸ
1306 1259 1412 1295 πᾶσι
1438 1268 1577 1307 παρα-

225 1322 458 1377 τυγχάνειν
491 1322 786 1377 ἀφορίσαντες
817 1324 970 1378 γνώμῃ
1002 1329 1052 1378 τῇ
1092 1322 1237 1365 αὑτῶν
1272 1322 1342 1365 ἐπὶ
1380 1325 1431 1365 τὰ
1471 1326 1576 1379 ἔργα

224 1401 400 1448 χωρεῖν,
433 1393 561 1435 ὁπότε
595 1392 641 1435 δὲ
675 1394 937 1449 φωρώμενοι
969 1395 1276 1436 κινδυνεύοιεν
1309 1396 1438 1449 δίκην
1469 1395 1576 1437 ὑπο-

227 1471 363 1519 σχεῖν,
395 1463 487 1505 κατ’
526 1463 752 1518 ἐπίκλησιν
791 1464 928 1506 αὐτοῦ
967 1473 1206 1519 μαρτυρεῖν
1243 1467 1294 1506 τὰ
1335 1465 1476 1507 πάντα
1509 1465 1576 1508 ἐκ-

225 1534 411 1588 τρέπειν.
474 1535 620 1588 <13Ο>
653 1534 676 1576 ὃ
711 1536 764 1589 δὴ
797 1534 869 1576 καὶ
901 1541 960 1592 τῷ
990 1532 1257 1593 Ἀντιπάτρῳ
1291 1537 1574 1590 συμβεβήκει·
1595 1550 1629 1574 20

225 1606 275 1646 τα
308 1605 448 1646 πάντα
481 1606 563 1659 γὰρ
596 1606 654 1655 ὡς
695 1606 742 1648 ἐν
784 1605 941 1662 ἐρημία
972 1613 1050 1648 τοῦ
1082 1609 1211 1648 θείου
1257 1605 1576 1661 διαπεπραγμέ-

225 1692 315 1729 νος,
348 1677 662 1731 κατειργούσης
693 1676 827 1718 αὐτὸν
859 1678 1140 1731 πανταχόθεν
1165 1683 1240 1730 τῆς
1266 1678 1389 1732 δίκης
1414 1676 1576 1733 ἀπορίᾳ

226 1754 313 1788 τῶν
346 1745 596 1801 ἀλλαχόθεν
629 1747 952 1801 δικαιωμάτων,
984 1741 1049 1796 οἷς
1083 1746 1348 1789 ἀπολύσαιτο
1380 1748 1431 1789 τὰ
1458 1747 1576 1801 ἐγκε-

225 1816 432 1871 κλημένα,
467 1814 600 1866 αὖθις
632 1815 898 1874 ἐνεπαρῴνει
930 1823 981 1872 τῇ
1015 1817 1143 1873 ἀρετῇ
1182 1825 1260 1860 τοῦ
1291 1820 1436 1871 θείου,
1467 1834 1575 1873 μαρ-

225 1890 381 1941 τυριάν
415 1887 691 1942 ἐπισκήπτων
723 1887 840 1944 αὐτῷ
873 1888 1022 1943 ὅτιπερ
1057 1889 1176 1943 ἰσχύι
1214 1894 1264 1943 τῇ
1298 1888 1468 1930 ἐκείνου
1500 1903 1572 1931 πε-
1594 1902 1627 1928 25

226 1957 479 2013 ρισέσωστο,
518 1960 579 2008 εἰς
616 1958 777 2012 μέσους
813 1961 1146 2012 παραγαγόντος
1186 1959 1326 2001 ὁπόσα
1369 1958 1468 2014 περὶ
1512 1966 1572 2016 τῷ

224 2028 354 2083 πατρὶ
385 2029 592 2084 πράττειν
623 2032 790 2084 τολμᾶν
822 2029 902 2071 οὐκ
935 2028 1146 2072 ἐνέλιπεν.

179 2110 197 2139 τ
314 2100 458 2154 <131>
490 2099 512 2141 ὁ
547 2097 595 2141 δὲ
622 2098 767 2155 ’δᾶρος
799 2100 948 2155 ἐπειδὴ
980 2101 1190 2150 πολλάκις
1222 2100 1472 2156 ἀνακρίνων
1496 2103 1574 2144 τὸν

220 2172 505 2223 Ἀντίπατρον
538 2168 671 2212 οὐδὲν
704 2171 877 2226 εὕρισκε
908 2170 1044 2214 πλέον
1075 2178 1150 2225 τῆς
1187 2171 1464 2226 ἀνακλήσεως
1494 2179 1573 2214 τοῦ

224 2245 351 2294 θεοῦ,
383 2240 500 2296 ὁρῶν
532 2239 781 2296 ἀπέραντον
814 2242 866 2284 ὃν
897 2244 945 2284 τὸ
988 2245 1266 2297 γιγνόμενον,
1300 2241 1496 2285 ἐκέλευσε
1522 2244 1571 2285 τὸ
1590 2255 1625 2280 30

319 2324 338 2363 ἓ
365 2324 431 2354 1-27
460 2321 504 2356 cf.
531 2321 622 2357 Bell.
651 2322 727 2357 Iud.
754 2322 771 2356 I
797 2326 841 2356 32
881 2326 911 2357 5.

846 2352 853 2367 7
