<?xml version="1.0" encoding="UTF-8"?>
<!DOCTYPE html PUBLIC "-//W3C//DTD XHTML 1.0 Transitional//EN"
    "http://www.w3.org/TR/xhtml1/DTD/xhtml1-transitional.dtd">
<html xmlns="http://www.w3.org/1999/xhtml" xml:lang="en" lang="en">
 <head>
  <title>
</title>
<meta http-equiv="Content-Type" content="text/html;charset=utf-8" />
  <meta name='ocr-system' content='tesseract 3.04.00' />
  <meta name='ocr-capabilities' content='ocr_page ocr_carea ocr_par ocr_line ocrx_word'/>
</head>
<body>
  <div class='ocr_page' id='page_1' title='image "./flaviiiosephiope04joseuoft_0135.png"; bbox 0 0 1732 2526; ppageno 0'>
   <div class='ocr_carea' id='block_1_1' title="bbox 611 90 1489 132">
    <p class='ocr_par' dir='ltr' id='par_1_1' title="bbox 611 90 1489 132">
     <span class='ocr_line' id='line_1_1' title="bbox 611 90 1489 132; baseline 0.001 -8"><span class='ocrx_word' id='word_1_1' title='bbox 611 92 1018 124; x_wconf 66' lang='lat' dir='ltr'><strong>EHTAKAIAEKATH</strong></span> <span class='ocrx_word' id='word_1_2' title='bbox 1434 90 1489 132; x_wconf 75' lang='grc'><em>83</em></span> 
     </span>
    </p>
   </div>
   <div class='ocr_carea' id='block_1_2' title="bbox 145 194 1492 464">
    <p class='ocr_par' dir='ltr' id='par_1_2' title="bbox 145 194 1492 464">
     <span class='ocr_line' id='line_1_2' title="bbox 145 194 1492 252; baseline 0 -12"><span class='ocrx_word' id='word_1_3' title='bbox 145 200 310 252; x_wconf 78' lang='grc' dir='ltr'><strong><em>βουλον</em></strong></span> <span class='ocrx_word' id='word_1_4' title='bbox 354 197 426 240; x_wconf 86' lang='grc' dir='ltr'><em>καὶ</em></span> <span class='ocrx_word' id='word_1_5' title='bbox 467 195 774 252; x_wconf 78' lang='grc' dir='ltr'><em>Ἀλέξανδρον,</em></span> <span class='ocrx_word' id='word_1_6' title='bbox 819 194 877 239; x_wconf 82' lang='grc' dir='ltr'><em>δι’</em></span> <span class='ocrx_word' id='word_1_7' title='bbox 926 202 1074 240; x_wconf 77' lang='grc' dir='ltr'><em>οἴκτου</em></span> <span class='ocrx_word' id='word_1_8' title='bbox 1120 196 1168 240; x_wconf 74' lang='grc' dir='ltr'><em>δὲ</em></span> <span class='ocrx_word' id='word_1_9' title='bbox 1217 197 1290 240; x_wconf 82' lang='grc' dir='ltr'><em>καὶ</em></span> <span class='ocrx_word' id='word_1_10' title='bbox 1333 199 1492 249; x_wconf 85' lang='grc' dir='ltr'><em>αὑτοὺς</em></span> 
     </span>
     <span class='ocr_line' id='line_1_3' title="bbox 146 266 1491 323; baseline 0 -13"><span class='ocrx_word' id='word_1_11' title='bbox 146 269 430 323; x_wconf 87' lang='grc' dir='ltr'><em>λαμβάνοιεν’</em></span> <span class='ocrx_word' id='word_1_12' title='bbox 469 270 552 323; x_wconf 48' lang='grc' dir='ltr'><em>’ἤδη</em></span> <span class='ocrx_word' id='word_1_13' title='bbox 591 269 673 323; x_wconf 81' lang='grc' dir='ltr'><em>γὰρ</em></span> <span class='ocrx_word' id='word_1_14' title='bbox 711 266 783 310; x_wconf 85' lang='grc' dir='ltr'><em>καὶ</em></span> <span class='ocrx_word' id='word_1_15' title='bbox 815 272 1047 310; x_wconf 79' lang='grc' dir='ltr'><em>καλεῖσθαι</em></span> <span class='ocrx_word' id='word_1_16' title='bbox 1087 268 1172 310; x_wconf 86' lang='grc' dir='ltr'><em>ὑπὸ</em></span> <span class='ocrx_word' id='word_1_17' title='bbox 1205 275 1283 310; x_wconf 85' lang='grc' dir='ltr'><em>τοῦ</em></span> <span class='ocrx_word' id='word_1_18' title='bbox 1315 271 1491 323; x_wconf 83' lang='grc' dir='ltr'><em>πατρός,</em></span> 
     </span>
     <span class='ocr_line' id='line_1_4' title="bbox 146 337 1490 396; baseline 0.001 -16"><span class='ocrx_word' id='word_1_19' title='bbox 146 339 224 393; x_wconf 84' lang='grc' dir='ltr'><em>οὐχ</em></span> <span class='ocrx_word' id='word_1_20' title='bbox 257 339 314 389; x_wconf 85' lang='grc' dir='ltr'><em>ὡς</em></span> <span class='ocrx_word' id='word_1_21' title='bbox 346 338 413 394; x_wconf 84' lang='grc' dir='ltr'><em>ἐφ’</em></span> <span class='ocrx_word' id='word_1_22' title='bbox 451 337 614 394; x_wconf 81' lang='grc' dir='ltr'><em>ἑτέροις</em></span> <span class='ocrx_word' id='word_1_23' title='bbox 639 337 734 380; x_wconf 76' lang='grc' dir='ltr'><em>ἀλλ’</em></span> <span class='ocrx_word' id='word_1_24' title='bbox 766 338 835 380; x_wconf 85' lang='grc' dir='ltr'><em>ε’πὶ</em></span> <span class='ocrx_word' id='word_1_25' title='bbox 862 345 920 396; x_wconf 78' lang='grc' dir='ltr'><em>τῷ</em></span> <span class='ocrx_word' id='word_1_26' title='bbox 947 338 1176 387; x_wconf 79' lang='grc' dir='ltr'><em>κάκείνους</em></span> <span class='ocrx_word' id='word_1_27' title='bbox 1207 344 1490 393; x_wconf 88' lang='grc' dir='ltr'><em>προσαπολω-</em></span> 
     </span>
     <span class='ocr_line' id='line_1_5' title="bbox 145 407 1490 464; baseline 0.001 -14"><span class='ocrx_word' id='word_1_28' title='bbox 145 408 266 451; x_wconf 77' lang='grc' dir='ltr'><em>λέναι</em></span> <span class='ocrx_word' id='word_1_29' title='bbox 299 416 373 463; x_wconf 82' lang='grc' dir='ltr'><em>τῆς</em></span> <span class='ocrx_word' id='word_1_30' title='bbox 403 411 596 463; x_wconf 77' lang='grc' dir='ltr'><em>κλήσεως</em></span> <span class='ocrx_word' id='word_1_31' title='bbox 627 409 772 451; x_wconf 85' lang='grc' dir='ltr'><em>αὐτῶν</em></span> <span class='ocrx_word' id='word_1_32' title='bbox 806 409 1079 463; x_wconf 78' lang='grc' dir='ltr'>γιγνομένης.</span> <span class='ocrx_word' id='word_1_33' title='bbox 1130 409 1243 464; x_wconf 79' lang='grc'>&lt;81&gt;</span> <span class='ocrx_word' id='word_1_34' title='bbox 1277 415 1409 451; x_wconf 87' lang='grc' dir='ltr'><em>ταῦτα</em></span> <span class='ocrx_word' id='word_1_35' title='bbox 1442 407 1490 451; x_wconf 78' lang='grc' dir='ltr'><em>δὲ</em></span> 
     </span>
    </p>
   </div>
   <div class='ocr_carea' id='block_1_3' title="bbox 110 477 1490 537">
    <p class='ocr_par' dir='ltr' id='par_1_3' title="bbox 110 477 1490 537">
     <span class='ocr_line' id='line_1_6' title="bbox 110 477 1490 537; baseline 0.001 -17"><span class='ocrx_word' id='word_1_36' title='bbox 110 495 125 517; x_wconf 91' lang='grc'>3</span> <span class='ocrx_word' id='word_1_37' title='bbox 146 481 346 534; x_wconf 77' lang='grc' dir='ltr'><em>μεγάλων</em></span> <span class='ocrx_word' id='word_1_38' title='bbox 378 485 553 535; x_wconf 83' lang='grc' dir='ltr'><em>μισθῶν</em></span> <span class='ocrx_word' id='word_1_39' title='bbox 586 481 632 522; x_wconf 74' lang='grc' dir='ltr'><em>οἱ</em></span> <span class='ocrx_word' id='word_1_40' title='bbox 653 482 775 535; x_wconf 79' lang='grc' dir='ltr'><em>φίλοι</em></span> <span class='ocrx_word' id='word_1_41' title='bbox 801 486 859 536; x_wconf 78' lang='grc' dir='ltr'><em>τῷ</em></span> <span class='ocrx_word' id='word_1_42' title='bbox 879 477 1145 537; x_wconf 78' lang='grc' dir='ltr'><em>Ἀντιπάτρῳ</em></span> <span class='ocrx_word' id='word_1_43' title='bbox 1180 480 1490 533; x_wconf 75' lang='grc' dir='ltr'><em>συνέπραττον.</em></span> 
     </span>
    </p>
   </div>
   <div class='ocr_carea' id='block_1_4' title="bbox 90 848 121 872">
    <p class='ocr_par' dir='ltr' id='par_1_4' title="bbox 90 848 121 872">
     <span class='ocr_line' id='line_1_7' title="bbox 90 848 121 872; baseline 0.032 -1"><span class='ocrx_word' id='word_1_44' title='bbox 90 848 121 872; x_wconf 85' lang='grc'><em>10</em></span> 
     </span>
    </p>
   </div>
   <div class='ocr_carea' id='block_1_5' title="bbox 86 1552 120 1576">
    <p class='ocr_par' dir='ltr' id='par_1_5' title="bbox 86 1552 120 1576">
     <span class='ocr_line' id='line_1_8' title="bbox 86 1552 120 1576; baseline -0.029 0"><span class='ocrx_word' id='word_1_45' title='bbox 86 1552 120 1576; x_wconf 76' lang='grc'><em>20</em></span> 
     </span>
    </p>
   </div>
   <div class='ocr_carea' id='block_1_6' title="bbox 82 1904 116 1928">
    <p class='ocr_par' dir='ltr' id='par_1_6' title="bbox 82 1904 116 1928">
     <span class='ocr_line' id='line_1_9' title="bbox 82 1904 116 1928; baseline -0.029 0"><span class='ocrx_word' id='word_1_46' title='bbox 82 1904 116 1928; x_wconf 71' lang='grc'><em>25</em></span> 
     </span>
    </p>
   </div>
   <div class='ocr_carea' id='block_1_7' title="bbox 84 2256 116 2280">
    <p class='ocr_par' dir='ltr' id='par_1_7' title="bbox 84 2256 116 2280">
     <span class='ocr_line' id='line_1_10' title="bbox 84 2256 116 2280; baseline -0.031 -1"><span class='ocrx_word' id='word_1_47' title='bbox 84 2256 116 2280; x_wconf 73' lang='grc' dir='ltr'><em>3ο</em></span> 
     </span>
    </p>
   </div>
   <div class='ocr_carea' id='block_1_8' title="bbox 140 547 1490 1172">
    <p class='ocr_par' dir='ltr' id='par_1_8' title="bbox 140 547 1490 1172">
     <span class='ocr_line' id='line_1_11' title="bbox 146 547 1490 606; baseline 0.001 -15"><span class='ocrx_word' id='word_1_48' title='bbox 146 551 302 605; x_wconf 84' lang='grc' dir='ltr'><em>γράφει</em></span> <span class='ocrx_word' id='word_1_49' title='bbox 345 548 392 592; x_wconf 76' lang='grc' dir='ltr'><em>δὲ</em></span> <span class='ocrx_word' id='word_1_50' title='bbox 433 551 590 600; x_wconf 86' lang='grc' dir='ltr'><em>καύτὸς</em></span> <span class='ocrx_word' id='word_1_51' title='bbox 627 547 906 605; x_wconf 73' lang='grc' dir='ltr'><em>Ἀντίπατρος</em></span> <span class='ocrx_word' id='word_1_52' title='bbox 942 557 1002 606; x_wconf 79' lang='grc' dir='ltr'><em>τῷ</em></span> <span class='ocrx_word' id='word_1_53' title='bbox 1038 549 1168 604; x_wconf 86' lang='grc' dir='ltr'><em>πατρὶ</em></span> <span class='ocrx_word' id='word_1_54' title='bbox 1205 549 1304 605; x_wconf 83' lang='grc' dir='ltr'><em>περὶ</em></span> <span class='ocrx_word' id='word_1_55' title='bbox 1345 551 1490 592; x_wconf 83' lang='grc' dir='ltr'><em>αὐτῶν</em></span> 
     </span>
     <span class='ocr_line' id='line_1_12' title="bbox 145 619 1490 676; baseline -0.001 -13"><span class='ocrx_word' id='word_1_56' title='bbox 145 620 214 662; x_wconf 78' lang='grc' dir='ltr'><em>ἐπὶ</em></span> <span class='ocrx_word' id='word_1_57' title='bbox 253 619 352 676; x_wconf 74' lang='grc' dir='ltr'><em>(μὲν</em></span> <span class='ocrx_word' id='word_1_58' title='bbox 393 620 504 676; x_wconf 79' lang='grc' dir='ltr'><em>ταῖς)</em></span> <span class='ocrx_word' id='word_1_59' title='bbox 547 624 768 676; x_wconf 76' lang='grc' dir='ltr'><em>μεγίσταις</em></span> <span class='ocrx_word' id='word_1_60' title='bbox 808 629 896 662; x_wconf 86' lang='grc' dir='ltr'><em>τῶν</em></span> <span class='ocrx_word' id='word_1_61' title='bbox 944 622 1095 662; x_wconf 82' lang='grc' dir='ltr'><em>αι’τιῶν</em></span> <span class='ocrx_word' id='word_1_62' title='bbox 1145 620 1217 662; x_wconf 82' lang='grc' dir='ltr'><em>καὶ</em></span> <span class='ocrx_word' id='word_1_63' title='bbox 1269 624 1490 670; x_wconf 85' lang='grc' dir='ltr'><em>παντελῶς</em></span> 
     </span>
     <span class='ocr_line' id='line_1_13' title="bbox 143 690 1488 747; baseline 0.001 -15"><span class='ocrx_word' id='word_1_64' title='bbox 143 691 430 733; x_wconf 77' lang='grc' dir='ltr'><em>ἀπαλλάττειν</em></span> <span class='ocrx_word' id='word_1_65' title='bbox 469 692 650 746; x_wconf 77' lang='grc' dir='ltr'><em>φάσκων</em></span> <span class='ocrx_word' id='word_1_66' title='bbox 688 693 739 734; x_wconf 73' lang='grc' dir='ltr'><em>τὰ</em></span> <span class='ocrx_word' id='word_1_67' title='bbox 777 692 999 747; x_wconf 86' lang='grc' dir='ltr'><em>μειράκια,</em></span> <span class='ocrx_word' id='word_1_68' title='bbox 1042 700 1130 733; x_wconf 86' lang='grc' dir='ltr'><em>τῶν</em></span> <span class='ocrx_word' id='word_1_69' title='bbox 1169 690 1216 733; x_wconf 73' lang='grc' dir='ltr'><em>δὲ</em></span> <span class='ocrx_word' id='word_1_70' title='bbox 1255 693 1399 745; x_wconf 87' lang='grc' dir='ltr'><em>λόγων</em></span> <span class='ocrx_word' id='word_1_71' title='bbox 1438 698 1488 747; x_wconf 76' lang='grc' dir='ltr'><em>τῇ</em></span> 
     </span>
     <span class='ocr_line' id='line_1_14' title="bbox 142 759 1488 818; baseline 0 -15"><span class='ocrx_word' id='word_1_72' title='bbox 142 762 287 818; x_wconf 75' lang='grc' dir='ltr'><em>ἡλικία</em></span> <span class='ocrx_word' id='word_1_73' title='bbox 325 763 404 816; x_wconf 86' lang='grc' dir='ltr'><em>τὴν</em></span> <span class='ocrx_word' id='word_1_74' title='bbox 442 762 657 804; x_wconf 75' lang='grc' dir='ltr'><em>ἀνάθεσιν</em></span> <span class='ocrx_word' id='word_1_75' title='bbox 695 763 969 817; x_wconf 88' lang='grc' dir='ltr'><em>ποιούμενος.</em></span> <span class='ocrx_word' id='word_1_76' title='bbox 1037 762 1166 812; x_wconf 82' lang='grc' dir='ltr'><em>αὐτὸς</em></span> <span class='ocrx_word' id='word_1_77' title='bbox 1210 759 1257 804; x_wconf 77' lang='grc' dir='ltr'><em>δὲ</em></span> <span class='ocrx_word' id='word_1_78' title='bbox 1296 763 1347 803; x_wconf 81' lang='grc' dir='ltr'><em>τὰ</em></span> <span class='ocrx_word' id='word_1_79' title='bbox 1389 760 1488 817; x_wconf 84' lang='grc' dir='ltr'><em>περὶ</em></span> 
     </span>
     <span class='ocr_line' id='line_1_15' title="bbox 142 831 1488 887; baseline 0 -14"><span class='ocrx_word' id='word_1_80' title='bbox 142 835 368 875; x_wconf 73' lang='grc' dir='ltr'><em>Συλλαῖον</em></span> <span class='ocrx_word' id='word_1_81' title='bbox 400 833 651 887; x_wconf 73' lang='grc' dir='ltr'><em>ἠγωνίζετο,</em></span> <span class='ocrx_word' id='word_1_82' title='bbox 683 831 754 874; x_wconf 87' lang='grc' dir='ltr'><em>καὶ</em></span> <span class='ocrx_word' id='word_1_83' title='bbox 780 831 880 884; x_wconf 77' lang='grc' dir='ltr'><em>περὶ</em></span> <span class='ocrx_word' id='word_1_84' title='bbox 909 835 1150 885; x_wconf 73' lang='grc' dir='ltr'><em>θεραπείαν</em></span> <span class='ocrx_word' id='word_1_85' title='bbox 1183 840 1270 874; x_wconf 86' lang='grc' dir='ltr'><em>τῶν</em></span> <span class='ocrx_word' id='word_1_86' title='bbox 1301 833 1488 887; x_wconf 86' lang='grc' dir='ltr'><em>πρώτων</em></span> 
     </span>
     <span class='ocr_line' id='line_1_16' title="bbox 143 900 1487 958; baseline -0.001 -13"><span class='ocrx_word' id='word_1_87' title='bbox 143 902 319 957; x_wconf 75' lang='grc' dir='ltr'><em>ἀνδρῶν</em></span> <span class='ocrx_word' id='word_1_88' title='bbox 363 903 580 957; x_wconf 86' lang='grc' dir='ltr'><em>ἐγεγόνει,</em></span> <span class='ocrx_word' id='word_1_89' title='bbox 624 905 815 958; x_wconf 76' lang='grc' dir='ltr'><em>κόσμους</em></span> <span class='ocrx_word' id='word_1_90' title='bbox 859 900 894 944; x_wconf 85' lang='grc' dir='ltr'><em>τ’</em></span> <span class='ocrx_word' id='word_1_91' title='bbox 949 903 1222 958; x_wconf 79' lang='grc' dir='ltr'><em>ἀξιοπρεπεῖς</em></span> <span class='ocrx_word' id='word_1_92' title='bbox 1261 903 1487 944; x_wconf 79' lang='grc' dir='ltr'><em>ταλάντων</em></span> 
     </span>
     <span class='ocr_line' id='line_1_17' title="bbox 142 973 1487 1028; baseline 0 -14"><span class='ocrx_word' id='word_1_93' title='bbox 142 974 304 1027; x_wconf 74' lang='grc' dir='ltr'><em>ἐώνητο</em></span> <span class='ocrx_word' id='word_1_94' title='bbox 350 975 599 1017; x_wconf 84' lang='grc' dir='ltr'><em>διακοσίων.</em></span> <span class='ocrx_word' id='word_1_95' title='bbox 672 975 797 1028; x_wconf 77' lang='grc'>&lt;82&gt;</span> <span class='ocrx_word' id='word_1_96' title='bbox 840 975 1083 1028; x_wconf 78' lang='grc' dir='ltr'><em>θαυμάσειε</em></span> <span class='ocrx_word' id='word_1_97' title='bbox 1129 973 1168 1014; x_wconf 83' lang='grc' dir='ltr'><em>δ’</em></span> <span class='ocrx_word' id='word_1_98' title='bbox 1218 974 1272 1014; x_wconf 82' lang='grc' dir='ltr'><em>ἄν</em></span> <span class='ocrx_word' id='word_1_99' title='bbox 1317 990 1381 1022; x_wconf 88' lang='grc' dir='ltr'><em>τις</em></span> <span class='ocrx_word' id='word_1_100' title='bbox 1421 973 1487 1015; x_wconf 84' lang='grc' dir='ltr'><em>ὅτι</em></span> 
     </span>
     <span class='ocr_line' id='line_1_18' title="bbox 141 1043 1487 1101; baseline -0.001 -15"><span class='ocrx_word' id='word_1_101' title='bbox 141 1043 328 1086; x_wconf 81' lang='grc' dir='ltr'><em>τοσῶνδ’</em></span> <span class='ocrx_word' id='word_1_102' title='bbox 360 1044 407 1086; x_wconf 87' lang='grc' dir='ltr'><em>ἐν</em></span> <span class='ocrx_word' id='word_1_103' title='bbox 424 1044 616 1101; x_wconf 76' lang='grc' dir='ltr'><em>Ἰουδαία</em></span> <span class='ocrx_word' id='word_1_104' title='bbox 641 1043 735 1086; x_wconf 84' lang='grc' dir='ltr'><em>κατ’</em></span> <span class='ocrx_word' id='word_1_105' title='bbox 767 1045 903 1086; x_wconf 87' lang='grc' dir='ltr'><em>αὐτοῦ</em></span> <span class='ocrx_word' id='word_1_106' title='bbox 929 1044 1226 1099; x_wconf 82' lang='grc' dir='ltr'><em>κεκινημένων</em></span> <span class='ocrx_word' id='word_1_107' title='bbox 1252 1043 1356 1098; x_wconf 83' lang='grc' dir='ltr'><em>μησὶ</em></span> <span class='ocrx_word' id='word_1_108' title='bbox 1381 1046 1487 1098; x_wconf 87' lang='grc' dir='ltr'><em>πρό-</em></span> 
     </span>
     <span class='ocr_line' id='line_1_19' title="bbox 140 1111 1486 1172; baseline -0.001 -16"><span class='ocrx_word' id='word_1_109' title='bbox 140 1131 266 1169; x_wconf 88' lang='grc' dir='ltr'><em>τερον</em></span> <span class='ocrx_word' id='word_1_110' title='bbox 300 1113 404 1157; x_wconf 76' lang='grc' dir='ltr'><em>ἑπτὰ</em></span> <span class='ocrx_word' id='word_1_111' title='bbox 436 1113 568 1158; x_wconf 72' lang='grc' dir='ltr'><em>οὐδὲν</em></span> <span class='ocrx_word' id='word_1_112' title='bbox 601 1116 717 1172; x_wconf 79' lang='grc' dir='ltr'><em>αὐτῷ</em></span> <span class='ocrx_word' id='word_1_113' title='bbox 752 1116 887 1169; x_wconf 76' lang='grc' dir='ltr'><em>δῆλον</em></span> <span class='ocrx_word' id='word_1_114' title='bbox 920 1114 1103 1168; x_wconf 86' lang='grc' dir='ltr'><em>γένοιτο.</em></span> <span class='ocrx_word' id='word_1_115' title='bbox 1166 1119 1308 1156; x_wconf 81' lang='grc' dir='ltr'><em>αἴτιον</em></span> <span class='ocrx_word' id='word_1_116' title='bbox 1347 1111 1386 1156; x_wconf 86' lang='grc' dir='ltr'><em>δ’</em></span> <span class='ocrx_word' id='word_1_117' title='bbox 1431 1112 1486 1168; x_wconf 80' lang='grc' dir='ltr'><em>ἧν</em></span> 
     </span>
    </p>
   </div>
   <div class='ocr_carea' id='block_1_9' title="bbox 104 1182 1486 1241">
    <p class='ocr_par' dir='ltr' id='par_1_9' title="bbox 104 1182 1486 1241">
     <span class='ocr_line' id='line_1_20' title="bbox 104 1182 1486 1241; baseline -0.001 -13"><span class='ocrx_word' id='word_1_118' title='bbox 104 1186 166 1239; x_wconf 79' lang='grc' dir='ltr'><em>5ἥ</em></span> <span class='ocrx_word' id='word_1_119' title='bbox 205 1182 241 1228; x_wconf 79' lang='grc' dir='ltr'><em>τ’</em></span> <span class='ocrx_word' id='word_1_120' title='bbox 284 1185 484 1240; x_wconf 78' lang='grc' dir='ltr'><em>ἀκρίβεια</em></span> <span class='ocrx_word' id='word_1_121' title='bbox 521 1185 593 1227; x_wconf 84' lang='grc' dir='ltr'><em>καὶ</em></span> <span class='ocrx_word' id='word_1_122' title='bbox 631 1187 804 1241; x_wconf 83' lang='grc' dir='ltr'><em>φυλακὴ</em></span> <span class='ocrx_word' id='word_1_123' title='bbox 842 1194 930 1227; x_wconf 87' lang='grc' dir='ltr'><em>τῶν</em></span> <span class='ocrx_word' id='word_1_124' title='bbox 969 1185 1101 1240; x_wconf 89' lang='grc' dir='ltr'><em>ὁδῶν,</em></span> <span class='ocrx_word' id='word_1_125' title='bbox 1132 1183 1205 1227; x_wconf 84' lang='grc' dir='ltr'><em>καὶ</em></span> <span class='ocrx_word' id='word_1_126' title='bbox 1242 1192 1368 1239; x_wconf 79' lang='grc' dir='ltr'><em>μῖσος</em></span> <span class='ocrx_word' id='word_1_127' title='bbox 1398 1192 1486 1226; x_wconf 88' lang='grc' dir='ltr'><em>τῶν</em></span> 
     </span>
    </p>
   </div>
   <div class='ocr_carea' id='block_1_10' title="bbox 136 1253 1532 2297">
    <p class='ocr_par' dir='ltr' id='par_1_10' title="bbox 139 1253 1487 1439">
     <span class='ocr_line' id='line_1_21' title="bbox 141 1253 1487 1312; baseline -0.001 -15"><span class='ocrx_word' id='word_1_128' title='bbox 141 1255 391 1310; x_wconf 82' lang='grc' dir='ltr'><em>ἀνθρώπων</em></span> <span class='ocrx_word' id='word_1_129' title='bbox 417 1258 464 1299; x_wconf 90' lang='grc' dir='ltr'><em>τὸ</em></span> <span class='ocrx_word' id='word_1_130' title='bbox 490 1257 597 1312; x_wconf 90' lang='grc' dir='ltr'><em>πρὸς</em></span> <span class='ocrx_word' id='word_1_131' title='bbox 617 1255 926 1308; x_wconf 87' lang='grc' dir='ltr'><em>Ἀντίπατρον·</em></span> <span class='ocrx_word' id='word_1_132' title='bbox 954 1254 1099 1305; x_wconf 85' lang='grc' dir='ltr'><em>οὐδεὶς</em></span> <span class='ocrx_word' id='word_1_133' title='bbox 1124 1256 1207 1309; x_wconf 79' lang='grc' dir='ltr'><em>γὰρ</em></span> <span class='ocrx_word' id='word_1_134' title='bbox 1234 1253 1288 1309; x_wconf 75' lang='grc' dir='ltr'><em>ἦν</em></span> <span class='ocrx_word' id='word_1_135' title='bbox 1315 1254 1363 1305; x_wconf 86' lang='grc' dir='ltr'><em>ὃς</em></span> <span class='ocrx_word' id='word_1_136' title='bbox 1382 1269 1487 1310; x_wconf 90' lang='grc' dir='ltr'><em>προ-</em></span> 
     </span>
     <span class='ocr_line' id='line_1_22' title="bbox 139 1325 1487 1383; baseline -0.001 -15"><span class='ocrx_word' id='word_1_137' title='bbox 139 1327 294 1381; x_wconf 89' lang='grc' dir='ltr'><em>θύμως</em></span> <span class='ocrx_word' id='word_1_138' title='bbox 319 1327 514 1383; x_wconf 79' lang='grc' dir='ltr'><em>κινδύνῳ</em></span> <span class='ocrx_word' id='word_1_139' title='bbox 540 1333 599 1383; x_wconf 79' lang='grc' dir='ltr'><em>τῷ</em></span> <span class='ocrx_word' id='word_1_140' title='bbox 626 1326 762 1369; x_wconf 86' lang='grc' dir='ltr'><em>αὑτοῦ</em></span> <span class='ocrx_word' id='word_1_141' title='bbox 787 1327 997 1382; x_wconf 86' lang='grc' dir='ltr'><em>ποριστὴς</em></span> <span class='ocrx_word' id='word_1_142' title='bbox 1028 1333 1114 1367; x_wconf 86' lang='grc' dir='ltr'><em>τῶν</em></span> <span class='ocrx_word' id='word_1_143' title='bbox 1141 1325 1312 1373; x_wconf 80' lang='grc' dir='ltr'><em>ἐκείνου</em></span> <span class='ocrx_word' id='word_1_144' title='bbox 1346 1325 1487 1380; x_wconf 76' lang='grc' dir='ltr'><em>ἄσφα-</em></span> 
     </span>
     <span class='ocr_line' id='line_1_23' title="bbox 141 1401 548 1439; baseline 0.002 -1"><span class='ocrx_word' id='word_1_145' title='bbox 141 1401 270 1439; x_wconf 89' lang='grc' dir='ltr'><em>λειῶν</em></span> <span class='ocrx_word' id='word_1_146' title='bbox 301 1401 548 1439; x_wconf 86' lang='grc' dir='ltr'><em>καθίστατο.</em></span> 
     </span>
    </p>

    <p class='ocr_par' dir='ltr' id='par_1_11' title="bbox 136 1465 1532 2297">
     <span class='ocr_line' id='line_1_24' title="bbox 229 1465 1532 1523; baseline -0.002 -12"><span class='ocrx_word' id='word_1_147' title='bbox 229 1469 354 1522; x_wconf 78' lang='lat'>&lt;83&gt;</span> <span class='ocrx_word' id='word_1_148' title='bbox 390 1466 592 1523; x_wconf 60' lang='lat' dir='ltr'><em>‘Hpcbdvyg</em></span> <span class='ocrx_word' id='word_1_149' title='bbox 631 1467 700 1521; x_wconf 80' lang='grc' dir='ltr'><em>δέ,</em></span> <span class='ocrx_word' id='word_1_150' title='bbox 734 1466 1020 1523; x_wconf 79' lang='grc' dir='ltr'><em>Ἀντιπάτρου</em></span> <span class='ocrx_word' id='word_1_151' title='bbox 1063 1470 1335 1522; x_wconf 77' lang='grc' dir='ltr'><em>γεγραφότος</em></span> <span class='ocrx_word' id='word_1_152' title='bbox 1377 1465 1532 1521; x_wconf 75' lang='grc' dir='ltr'><em>πρὸςὸ</em></span> 
     </span>
     <span class='ocr_line' id='line_1_25' title="bbox 140 1537 1484 1593; baseline -0.001 -13"><span class='ocrx_word' id='word_1_153' title='bbox 140 1539 275 1581; x_wconf 84' lang='grc' dir='ltr'><em>αὐτὸν</em></span> <span class='ocrx_word' id='word_1_154' title='bbox 313 1539 370 1588; x_wconf 85' lang='grc' dir='ltr'><em>ὡς</em></span> <span class='ocrx_word' id='word_1_155' title='bbox 407 1540 458 1580; x_wconf 77' lang='grc' dir='ltr'><em>τὰ</em></span> <span class='ocrx_word' id='word_1_156' title='bbox 501 1537 636 1580; x_wconf 86' lang='grc' dir='ltr'><em>πάνθ’</em></span> <span class='ocrx_word' id='word_1_157' title='bbox 686 1538 738 1580; x_wconf 89' lang='grc' dir='ltr'><em>ὃν</em></span> <span class='ocrx_word' id='word_1_158' title='bbox 774 1539 856 1593; x_wconf 88' lang='grc' dir='ltr'><em>χρὴ</em></span> <span class='ocrx_word' id='word_1_159' title='bbox 902 1537 1278 1593; x_wconf 79' lang='grc' dir='ltr'><em>διαπεπραγμένος</em></span> <span class='ocrx_word' id='word_1_160' title='bbox 1320 1539 1484 1593; x_wconf 89' lang='grc' dir='ltr'><em>τρόπον</em></span> 
     </span>
     <span class='ocr_line' id='line_1_26' title="bbox 139 1607 1484 1664; baseline -0.001 -14"><span class='ocrx_word' id='word_1_161' title='bbox 139 1609 230 1663; x_wconf 78' lang='grc' dir='ltr'><em>ἥξει</em></span> <span class='ocrx_word' id='word_1_162' title='bbox 264 1609 310 1651; x_wconf 86' lang='grc' dir='ltr'><em>ἐν</em></span> <span class='ocrx_word' id='word_1_163' title='bbox 342 1610 477 1664; x_wconf 85' lang='grc' dir='ltr'><em>τάχει,</em></span> <span class='ocrx_word' id='word_1_164' title='bbox 516 1608 866 1663; x_wconf 74' lang='grc' dir='ltr'><em>ἐπικρυψάμενος</em></span> <span class='ocrx_word' id='word_1_165' title='bbox 902 1609 982 1662; x_wconf 86' lang='grc' dir='ltr'><em>τὴν</em></span> <span class='ocrx_word' id='word_1_166' title='bbox 1024 1608 1161 1662; x_wconf 81' lang='grc' dir='ltr'><em>ὀργὴν</em></span> <span class='ocrx_word' id='word_1_167' title='bbox 1195 1607 1484 1661; x_wconf 74' lang='grc' dir='ltr'><em>ἀντεπετίθει,</em></span> 
     </span>
     <span class='ocr_line' id='line_1_27' title="bbox 139 1678 1484 1734; baseline -0.001 -13"><span class='ocrx_word' id='word_1_168' title='bbox 139 1680 330 1721; x_wconf 87' lang='grc' dir='ltr'><em>κελεύων</em></span> <span class='ocrx_word' id='word_1_169' title='bbox 362 1681 419 1734; x_wconf 85' lang='grc' dir='ltr'><em>μὴ</em></span> <span class='ocrx_word' id='word_1_170' title='bbox 452 1680 693 1734; x_wconf 85' lang='grc' dir='ltr'><em>βραδύνειν</em></span> <span class='ocrx_word' id='word_1_171' title='bbox 724 1680 786 1728; x_wconf 78' lang='grc' dir='ltr'><em>εἰς</em></span> <span class='ocrx_word' id='word_1_172' title='bbox 817 1680 896 1733; x_wconf 83' lang='grc' dir='ltr'><em>τὴν</em></span> <span class='ocrx_word' id='word_1_173' title='bbox 924 1678 1045 1732; x_wconf 88' lang='grc' dir='ltr'><em>ὁδόν,</em></span> <span class='ocrx_word' id='word_1_174' title='bbox 1078 1679 1134 1732; x_wconf 85' lang='grc' dir='ltr'><em>μὴ</em></span> <span class='ocrx_word' id='word_1_175' title='bbox 1161 1680 1237 1719; x_wconf 90' lang='grc' dir='ltr'><em>καί</em></span> <span class='ocrx_word' id='word_1_176' title='bbox 1258 1694 1299 1719; x_wconf 87' lang='grc' dir='ltr'><em>τι</em></span> <span class='ocrx_word' id='word_1_177' title='bbox 1325 1678 1484 1733; x_wconf 87' lang='grc' dir='ltr'><em>πάσχοι</em></span> 
     </span>
     <span class='ocr_line' id='line_1_28' title="bbox 138 1748 1483 1805; baseline -0.002 -13"><span class='ocrx_word' id='word_1_178' title='bbox 138 1751 254 1805; x_wconf 85' lang='grc' dir='ltr'><em>παρὰ</em></span> <span class='ocrx_word' id='word_1_179' title='bbox 285 1751 365 1804; x_wconf 84' lang='grc' dir='ltr'><em>τὴν</em></span> <span class='ocrx_word' id='word_1_180' title='bbox 398 1749 607 1804; x_wconf 85' lang='grc' dir='ltr'><em>ἐκδημίαν</em></span> <span class='ocrx_word' id='word_1_181' title='bbox 641 1749 791 1803; x_wconf 87' lang='grc' dir='ltr'><em>αὐτοῦ,</em></span> <span class='ocrx_word' id='word_1_182' title='bbox 823 1748 895 1791; x_wconf 85' lang='grc' dir='ltr'><em>καὶ</em></span> <span class='ocrx_word' id='word_1_183' title='bbox 927 1750 1014 1803; x_wconf 80' lang='grc' dir='ltr'><em>ἅμα</em></span> <span class='ocrx_word' id='word_1_184' title='bbox 1052 1755 1127 1802; x_wconf 83' lang='grc' dir='ltr'><em>τῆς</em></span> <span class='ocrx_word' id='word_1_185' title='bbox 1165 1750 1327 1803; x_wconf 87' lang='grc' dir='ltr'><em>μητρὸς</em></span> <span class='ocrx_word' id='word_1_186' title='bbox 1356 1764 1483 1802; x_wconf 86' lang='grc' dir='ltr'><em>κατη-</em></span> 
     </span>
     <span class='ocr_line' id='line_1_29' title="bbox 138 1818 1483 1875; baseline -0.001 -13"><span class='ocrx_word' id='word_1_187' title='bbox 138 1828 284 1875; x_wconf 84' lang='grc' dir='ltr'><em>γορῶν</em></span> <span class='ocrx_word' id='word_1_188' title='bbox 315 1822 424 1874; x_wconf 88' lang='grc' dir='ltr'><em>πρὸς</em></span> <span class='ocrx_word' id='word_1_189' title='bbox 456 1820 623 1874; x_wconf 81' lang='grc' dir='ltr'><em>ὀλίγον,</em></span> <span class='ocrx_word' id='word_1_190' title='bbox 655 1821 987 1874; x_wconf 80' lang='grc' dir='ltr'><em>καταθήσεσθαι</em></span> <span class='ocrx_word' id='word_1_191' title='bbox 1013 1818 1196 1874; x_wconf 77' lang='grc' dir='ltr'><em>μέμψεις</em></span> <span class='ocrx_word' id='word_1_192' title='bbox 1222 1818 1483 1872; x_wconf 88' lang='grc' dir='ltr'><em>ἐπαγγελλό-</em></span> 
     </span>
     <span class='ocr_line' id='line_1_30' title="bbox 137 1888 1481 1945; baseline -0.001 -13"><span class='ocrx_word' id='word_1_193' title='bbox 137 1906 268 1945; x_wconf 86' lang='grc' dir='ltr'><em>μενος</em></span> <span class='ocrx_word' id='word_1_194' title='bbox 299 1890 375 1940; x_wconf 77' lang='grc' dir='ltr'><em>τὰς</em></span> <span class='ocrx_word' id='word_1_195' title='bbox 405 1892 514 1944; x_wconf 87' lang='grc' dir='ltr'><em>πρὸς</em></span> <span class='ocrx_word' id='word_1_196' title='bbox 546 1890 699 1945; x_wconf 83' lang='grc' dir='ltr'><em>αὐτήν,</em></span> <span class='ocrx_word' id='word_1_197' title='bbox 731 1888 850 1932; x_wconf 82' lang='grc' dir='ltr'><em>ὁπότ’</em></span> <span class='ocrx_word' id='word_1_198' title='bbox 897 1889 1059 1939; x_wconf 81' lang='grc' dir='ltr'><em>ἐκεῖνος</em></span> <span class='ocrx_word' id='word_1_199' title='bbox 1098 1889 1316 1944; x_wconf 82' lang='grc' dir='ltr'><em>ἀφίκοιτο,</em></span> <span class='ocrx_word' id='word_1_200' title='bbox 1366 1889 1481 1943; x_wconf 75' lang='grc'>&lt;84&gt;</span> 
     </span>
     <span class='ocr_line' id='line_1_31' title="bbox 136 1959 1482 2018; baseline -0.001 -16"><span class='ocrx_word' id='word_1_201' title='bbox 136 1963 270 2002; x_wconf 88' lang='grc' dir='ltr'><em>παντί</em></span> <span class='ocrx_word' id='word_1_202' title='bbox 297 1976 341 2002; x_wconf 91' lang='grc' dir='ltr'><em>τε</em></span> <span class='ocrx_word' id='word_1_203' title='bbox 368 1963 513 2018; x_wconf 79' lang='grc' dir='ltr'><em>τρόπῳ</em></span> <span class='ocrx_word' id='word_1_204' title='bbox 539 1963 752 2015; x_wconf 82' lang='grc' dir='ltr'><em>φιλότητα</em></span> <span class='ocrx_word' id='word_1_205' title='bbox 778 1961 857 2014; x_wconf 87' lang='grc' dir='ltr'><em>τὴν</em></span> <span class='ocrx_word' id='word_1_206' title='bbox 883 1961 992 2013; x_wconf 84' lang='grc' dir='ltr'><em>πρὸς</em></span> <span class='ocrx_word' id='word_1_207' title='bbox 1024 1959 1158 2001; x_wconf 86' lang='grc' dir='ltr'><em>αὐτὸν</em></span> <span class='ocrx_word' id='word_1_208' title='bbox 1192 1959 1482 2010; x_wconf 86' lang='grc' dir='ltr'><em>ἐνεδείκνυτο,</em></span> 
     </span>
     <span class='ocr_line' id='line_1_32' title="bbox 137 2028 1483 2085; baseline -0.001 -12"><span class='ocrx_word' id='word_1_209' title='bbox 137 2031 294 2081; x_wconf 88' lang='grc' dir='ltr'><em>δεδιὼς</em></span> <span class='ocrx_word' id='word_1_210' title='bbox 325 2031 382 2085; x_wconf 88' lang='grc' dir='ltr'><em>μὴ</em></span> <span class='ocrx_word' id='word_1_211' title='bbox 414 2033 490 2072; x_wconf 87' lang='grc' dir='ltr'><em>καί</em></span> <span class='ocrx_word' id='word_1_212' title='bbox 518 2047 559 2072; x_wconf 87' lang='grc' dir='ltr'><em>τι</em></span> <span class='ocrx_word' id='word_1_213' title='bbox 592 2031 868 2084; x_wconf 83' lang='grc' dir='ltr'><em>ὑποτοπήσας</em></span> <span class='ocrx_word' id='word_1_214' title='bbox 900 2030 1218 2085; x_wconf 85' lang='grc' dir='ltr'><em>ὑπερβάλλοιτο</em></span> <span class='ocrx_word' id='word_1_215' title='bbox 1246 2028 1326 2084; x_wconf 76' lang='grc' dir='ltr'><em>μὲν</em></span> <span class='ocrx_word' id='word_1_216' title='bbox 1352 2030 1483 2078; x_wconf 82' lang='grc' dir='ltr'><em>ὁδοὺς</em></span> 
     </span>
     <span class='ocr_line' id='line_1_33' title="bbox 136 2099 1482 2156; baseline -0.001 -13"><span class='ocrx_word' id='word_1_217' title='bbox 136 2102 211 2151; x_wconf 82' lang='grc' dir='ltr'><em>τὰς</em></span> <span class='ocrx_word' id='word_1_218' title='bbox 240 2102 350 2156; x_wconf 87' lang='grc' dir='ltr'><em>πρὸς</em></span> <span class='ocrx_word' id='word_1_219' title='bbox 381 2101 529 2155; x_wconf 89' lang='grc' dir='ltr'><em>αὐτόν,</em></span> <span class='ocrx_word' id='word_1_220' title='bbox 562 2107 611 2156; x_wconf 74' lang='grc' dir='ltr'><em>τῇ</em></span> <span class='ocrx_word' id='word_1_221' title='bbox 645 2099 692 2142; x_wconf 77' lang='grc' dir='ltr'><em>δὲ</em></span> <span class='ocrx_word' id='word_1_222' title='bbox 711 2099 851 2156; x_wconf 85' lang='grc' dir='ltr'><em>Ῥώμῃ</em></span> <span class='ocrx_word' id='word_1_223' title='bbox 885 2101 1219 2154; x_wconf 87' lang='grc' dir='ltr'><em>ἐνδιαιτώμενος</em></span> <span class='ocrx_word' id='word_1_224' title='bbox 1251 2100 1482 2155; x_wconf 85' lang='grc' dir='ltr'><em>ἐφεδρεύοι</em></span> 
     </span>
     <span class='ocr_line' id='line_1_34' title="bbox 136 2169 1482 2227; baseline -0.001 -14"><span class='ocrx_word' id='word_1_225' title='bbox 136 2178 187 2227; x_wconf 78' lang='grc' dir='ltr'><em>τῇ</em></span> <span class='ocrx_word' id='word_1_226' title='bbox 207 2173 408 2227; x_wconf 81' lang='grc' dir='ltr'><em>βασιλεία</em></span> <span class='ocrx_word' id='word_1_227' title='bbox 427 2169 499 2212; x_wconf 85' lang='grc' dir='ltr'><em>καὶ</em></span> <span class='ocrx_word' id='word_1_228' title='bbox 526 2171 579 2224; x_wconf 87' lang='grc' dir='ltr'><em>δὴ</em></span> <span class='ocrx_word' id='word_1_229' title='bbox 601 2172 672 2212; x_wconf 88' lang='grc' dir='ltr'><em>καὶ</em></span> <span class='ocrx_word' id='word_1_230' title='bbox 700 2170 1007 2225; x_wconf 89' lang='grc' dir='ltr'><em>διαπράττοιτό</em></span> <span class='ocrx_word' id='word_1_231' title='bbox 1026 2186 1069 2212; x_wconf 88' lang='grc' dir='ltr'><em>τι</em></span> <span class='ocrx_word' id='word_1_232' title='bbox 1095 2170 1214 2225; x_wconf 77' lang='grc' dir='ltr'><em>αὐτῇ.</em></span> <span class='ocrx_word' id='word_1_233' title='bbox 1249 2170 1363 2224; x_wconf 77' lang='grc'>&lt;85&gt;</span> <span class='ocrx_word' id='word_1_234' title='bbox 1383 2171 1482 2211; x_wconf 90' lang='grc' dir='ltr'><em>τού-</em></span> 
     </span>
     <span class='ocr_line' id='line_1_35' title="bbox 138 2237 1480 2297; baseline -0.002 -13"><span class='ocrx_word' id='word_1_235' title='bbox 138 2258 228 2292; x_wconf 84' lang='grc' dir='ltr'><em>τοις</em></span> <span class='ocrx_word' id='word_1_236' title='bbox 269 2241 316 2284; x_wconf 83' lang='grc' dir='ltr'><em>ἐν</em></span> <span class='ocrx_word' id='word_1_237' title='bbox 357 2243 535 2297; x_wconf 79' lang='grc' dir='ltr'><em>Κιλικίᾳ</em></span> <span class='ocrx_word' id='word_1_238' title='bbox 575 2248 665 2291; x_wconf 82' lang='grc' dir='ltr'><em>τοῖς</em></span> <span class='ocrx_word' id='word_1_239' title='bbox 705 2241 955 2296; x_wconf 88' lang='grc' dir='ltr'><em>γράμμασιν</em></span> <span class='ocrx_word' id='word_1_240' title='bbox 998 2240 1270 2296; x_wconf 84' lang='grc' dir='ltr'><em>ἐντυγχάνει,</em></span> <span class='ocrx_word' id='word_1_241' title='bbox 1310 2248 1400 2290; x_wconf 78' lang='grc' dir='ltr'><em>τοῖς</em></span> <span class='ocrx_word' id='word_1_242' title='bbox 1433 2237 1480 2281; x_wconf 73' lang='grc' dir='ltr'><em>δὲ</em></span> 
     </span>
    </p>
   </div>
   <div class='ocr_carea' id='block_1_11' title="bbox 231 2321 798 2365">
    <p class='ocr_par' dir='ltr' id='par_1_12' title="bbox 231 2321 798 2365">
     <span class='ocr_line' id='line_1_36' title="bbox 231 2321 798 2365; baseline 0 -9"><span class='ocrx_word' id='word_1_243' title='bbox 231 2326 250 2365; x_wconf 57' lang='grc' dir='ltr'>ξ</span> <span class='ocrx_word' id='word_1_244' title='bbox 276 2325 319 2357; x_wconf 86' lang='lat'><em>83</em></span> <span class='ocrx_word' id='word_1_245' title='bbox 347 2321 392 2357; x_wconf 74' lang='lat' dir='ltr'><em>cf.</em></span> <span class='ocrx_word' id='word_1_246' title='bbox 418 2321 510 2357; x_wconf 67' lang='lat'>3211.</span> <span class='ocrx_word' id='word_1_247' title='bbox 537 2321 614 2356; x_wconf 72' lang='lat' dir='ltr'>Iud.</span> <span class='ocrx_word' id='word_1_248' title='bbox 642 2321 658 2355; x_wconf 90' lang='lat'>1</span> <span class='ocrx_word' id='word_1_249' title='bbox 684 2325 739 2365; x_wconf 87' lang='lat'><em>31,</em></span> <span class='ocrx_word' id='word_1_250' title='bbox 767 2325 798 2356; x_wconf 87' lang='lat'><em>3.</em></span> 
     </span>
    </p>
   </div>
  </div>
 </body>
</html>
