1732 2526
235 74 320 117 352
792 73 1020 107 ῙΩΣΗΠΟΤ

233 189 322 223 τῶν
361 180 521 222 ἐνθάδε
561 180 827 234 πραγμάτων
865 179 1136 234 ἐπιμέλειαν,
1176 179 1238 228 εἰς
1269 179 1349 232 τὴν
1390 179 1580 233 πατρίδα

234 255 530 307 πορευθῆναι·
586 257 715 293 τοῦτο
759 250 841 304 γὰρ
891 248 963 291 καὶ
1012 249 1145 291 πάλαι
1201 255 1345 290 ποιεῖν
1399 248 1578 301 ἤθελον.

236 322 381 375 <22ῖ>
413 323 501 363 ἔδει
533 319 613 375 μὲν
652 317 732 363 οὖν
769 322 826 375 μὴ
869 322 1008 374 μόνον
1047 320 1108 368 εἰς
1149 318 1312 366 Ξαλὼθ
1343 317 1580 373 παραγενέ-

237 397 343 434 σθαι
375 408 425 446 με
458 393 566 446 πρὸς
596 391 709 445 ὑμᾶς
740 390 849 432 ἀλλὰ
889 392 1053 444 πόρρω,
1091 387 1163 430 καὶ
1201 386 1310 442 μηδὲ
1347 389 1578 430 κελευσάν-

236 476 340 504 των·
375 463 636 516 συγγνώμης
668 459 714 503 δὲ
746 467 895 516 τυχεῖν
927 460 1030 510 ἀξιῶ
1070 461 1126 514 μὴ
1168 459 1414 513 δυνάμενος
1450 465 1578 501 τοῦτο
1616 471 1632 496 5

235 540 429 587 ποιῆσαι·
462 531 782 587 παραφυλάττω
815 531 898 584 γὰρ
938 530 985 572 ἐν
1025 529 1220 584 Χαβωλὼ
1254 529 1482 571 Πλάκιδον
1519 529 1581 578 εἰς

235 605 314 657 τὴν
337 605 577 645 Γαλιλαίαν
610 602 826 656 ἀναβῆναι
853 598 913 642 δι’
946 599 1117 649 ε’ννοίας
1143 602 1308 654 ἔχοντα.
1352 596 1466 652 ἥκετ’
1499 595 1581 640 οὗν

237 674 359 728 ὑμεῖς
390 676 496 727 πρός
529 688 580 726 με
614 673 692 726 τὴν
725 671 957 725 ἐπιστολὴν
990 670 1265 723 ἀναγνόντες.
1323 669 1550 723 ἔρρωσθε.’

178 748 302 789 45s
326 745 470 797 <228>
501 750 635 785 ταῦτα
656 742 825 795 γράψας
850 739 922 783 καὶ
943 741 1048 790 δοὺς
1070 746 1128 797 τῷ
1150 741 1388 796 στρατιώτῃ
1415 738 1581 795 φέρειν,

238 813 538 868 συνεξέπεμψα
570 813 802 867 τριάκοντα
834 819 922 853 τῶν
954 812 1202 852 Γαλιλαίων
1242 810 1579 864 δοκιμωτάτους,
1601 821 1633 846 10

237 884 513 938 ὑποθέμενος
551 883 699 932 αὐτοῖς
736 882 1018 924 ἀσπάσασθαι
1060 879 1139 935 μὲν
1182 880 1388 934 ἐκείνους,
1430 879 1580 934 ἕτερον

238 952 286 995 δὲ
324 952 461 1008 μηδὲν
499 953 654 1007 λέγειν.
717 952 842 1002 ἔταξα
882 949 929 993 δὲ
967 950 1036 993 καὶ
1076 949 1179 992 καθ’
1221 950 1404 992 ἕκαστον
1435 950 1580 991 αὐτῶν

236 1032 402 1066 πιστῶν
434 1024 623 1066 ὁπλιτῶν
657 1023 733 1065 ἕνα
764 1021 1136 1077 παραφυλάξοντα
1167 1023 1224 1076 μή
1257 1037 1321 1070 τις
1351 1028 1442 1070 τοῖς
1476 1034 1582 1074 πεμ-

237 1099 419 1150 φθεῖσιν
452 1092 523 1136 ὑπ’
563 1094 669 1148 ἐμοῦ
701 1094 809 1147 πρὸς
833 1094 936 1141 τοὺς
961 1090 1059 1146 περὶ
1086 1093 1162 1133 τὸν
1184 1089 1401 1145 Ἰωνάθην
1434 1090 1581 1144 ὁμιλία

238 1164 427 1220 γε’νηται.
489 1165 631 1218 <229>
663 1162 735 1205 καὶ
773 1165 819 1205 οἳ
853 1160 932 1217 μὲν
966 1161 1287 1216 ἐπορεύθησαν,
1329 1161 1375 1203 οἱ
1403 1158 1451 1202 δὲ
1482 1158 1581 1214 περὶ
1601 1171 1633 1197 15

238 1238 315 1278 τὸν
343 1233 574 1287 Ἰωνάθην,
612 1240 688 1287 τῆς
724 1234 896 1287 πρώτης
926 1235 1076 1287 πείρας
1119 1231 1397 1286 ἁμαρτόντες,
1429 1229 1580 1285 ἑτέραν

239 1305 472 1358 ἐπιστολήν
510 1321 581 1359 μοι
627 1305 833 1358 τοιαύτην
877 1305 1084 1357 ἔπεμψα-ν.
1154 1298 1382 1355 εἸωνάθης
1423 1300 1496 1342 καὶ
1540 1301 1585 1343 οἱ

240 1378 323 1418 σὺν
356 1376 470 1432 αὐτῷ
500 1373 691 1431 Ἰωσήπῳ
719 1376 896 1429 χαίρειν.
954 1370 1313 1427 παραγγέλλομέν
1351 1382 1420 1412 σοι
1451 1369 1583 1426 χωρὶς

240 1447 429 1488 ὁπλιτῶν
462 1447 523 1494 εἰς
554 1447 706 1499 τρίτην
732 1442 1059 1498 παραγενέσθαι
1090 1443 1198 1495 πρὸς
1223 1442 1333 1496 ἡμᾶς
1358 1442 1420 1490 εἰς
1438 1443 1582 1496 Γαβα-

240 1518 338 1571 ρὼθ
368 1518 535 1570 κώμην,
567 1516 640 1557 ἵνα
673 1506 975 1568 διακούσωμεν
1007 1520 1094 1555 τῶν
1135 1513 1243 1567 πρὸς
1269 1510 1481 1566 Ἰωάννην
1513 1510 1581 1565 ἐγ-
1601 1523 1634 1548 20

239 1587 471 1642 κλημάτων
499 1598 567 1628 σοι
595 1584 872 1639 γεγονότων.’
918 1585 1062 1638 <230>
1080 1589 1216 1625 ταῦτα
1242 1582 1486 1637 γράψαντες
1510 1581 1583 1624 καὶ

241 1658 539 1711 ἀσπασάμενοι
565 1658 666 1705 τοὺς
686 1658 948 1704 Γαλιλαίους
975 1654 1050 1703 οὓς
1081 1655 1340 1707 πεπόμφειν,
1371 1651 1581 1707 ἀφίκοντο

243 1730 305 1777 εἰς
331 1726 483 1782 Ἰάφαν
516 1728 666 1781 κώμην
693 1728 900 1781 μεγίστην
928 1722 1066 1767 οὖσαν
1092 1731 1179 1765 τῶν
1207 1722 1254 1764 ἐν
1284 1728 1334 1778 τῇ
1355 1724 1397 1764 Γ
1393 1723 1583 1778 αλιλαία,

240 1801 426 1853 τείχεσιν
468 1797 748 1853 ὀχυρωτάτην
791 1795 861 1838 καὶ
905 1799 1081 1838 πολλῶν
1126 1795 1368 1848 οἰκητόρων
1410 1794 1581 1848 μεστήν.

240 1869 470 1923 ὑπηντίαζε
511 1867 558 1909 δὲ
602 1870 650 1910 τὸ
689 1871 859 1921 πλῆθος
903 1866 1051 1915 αὐτοῖς
1094 1865 1199 1920 μετὰ
1243 1871 1468 1918 γυναικῶν
1510 1861 1582 1904 καὶ
1600 1873 1634 1898 25

240 1938 422 1991 τέκνων,
453 1937 524 1980 καὶ
556 1940 776 1992 κατεβόων
807 1937 1058 1985 κελεύοντες
1084 1934 1258 1977 ἀπιέναι
1284 1933 1355 1976 καὶ
1381 1934 1439 1987 μὴ
1467 1936 1582 1987 φθο-

241 2016 336 2050 νεῖν
368 2009 515 2058 αὐτοῑς
546 2008 720 2062 ἀγαθοῦ
747 2014 824 2050 τοῦ
857 2012 1116 2062 στρατηγοῦ.
1167 2004 1311 2059 <231>
1342 2004 1583 2058 παρηρεθί-

245 2082 367 2130 ζοντο
401 2077 448 2120 δὲ
480 2087 572 2128 ταῖς
605 2087 773 2133 φωναῖς
800 2079 844 2121 οὗ
866 2076 964 2131 περὶ
996 2078 1074 2119 τὸν
1094 2074 1327 2129 Ἰωνάθην,
1359 2072 1430 2116 καὶ
1455 2088 1583 2128 φανε-

243 2156 353 2203 ροῦν
385 2147 464 2203 μὲν
496 2150 574 2204 τὴν
608 2149 745 2203 ὀργὴν
777 2148 856 2189 οὐκ
888 2147 1097 2201 ἐτόλμων,
1130 2146 1211 2188 οὐκ
1243 2144 1503 2196 ἀξιώσαντες
1534 2141 1576 2184 δ’

243 2219 402 2268 αὐτοὺς
440 2218 706 2272 ἀποκρίσεως
743 2220 804 2268 εἰς
841 2218 916 2267 τὰς
953 2218 1085 2266 ἄλλας
1125 2216 1271 2270 κώμας
1308 2214 1636 2269 ἐπορεύοντο.30

244 2290 390 2343 ὅμοιαι
418 2288 456 2330 δ’
488 2289 692 2342 ὑπήντων
719 2288 866 2336 αὐτοῖς
885 2287 1001 2342 παρὰ
1021 2286 1197 2328 πάντων
1217 2285 1266 2326 αἱ
1286 2285 1583 2337 καταβοήσεις,
