1732 2526
100 478 116 503 5

84 831 117 856 10

86 1185 119 1211 15

84 1540 118 1565 20

85 1891 118 1916 25

86 2245 120 2270 30

705 75 922 108 ΕΙΚΟΣΤΗ
1401 73 1488 114 285

135 181 386 223 καταλιπὼν
428 188 544 236 τρεῖς
586 181 731 234 υιόύς,
777 179 1115 236 Ἀριστόβουλον
1161 180 1240 236 μὲν
1286 182 1370 224 ὑπὸ
1415 187 1490 235 τῆς

136 253 308 307 πρώτης
340 252 456 308 αὐτῷ
491 250 702 306 τεχθέντα
735 254 957 306 γυναικός,
991 251 1036 293 ἐκ
1066 255 1301 307 Βερενίκης
1334 250 1380 294 δὲ
1413 258 1490 305 τῆς

136 322 357 378 τάδελφοῦ
400 324 624 378 θυγατρὸς
667 324 981 376 Βερενικιανὸν
1026 321 1097 364 καὶ
1134 322 1363 378 Ὑρκανόν·
1409 323 1488 376 τὴν

137 391 176 434 δ’
219 393 358 449 ἀρχὴν
397 393 532 436 αὐτοῦ
569 394 794 443 Κλαύδιος
831 395 1003 448 Καῖσαρ
1033 392 1245 450 Ἀγρίππᾳ
1283 399 1341 451 τῷ
1382 408 1490 434 νεω-

136 462 246 521 τέρω
279 465 446 506 δίδωσι.

226 533 381 588 <1Οό>
420 534 610 583 στάσεως
648 530 688 575 δ’
727 533 998 589 ἐμπεσούσης
1036 541 1085 589 τῇ
1125 542 1213 576 τῶν
1245 532 1489 589 Ἱεροσολυ-

137 608 284 658 μιτῶν,
312 606 436 646 πόλει
469 607 711 659 Κουμανοῦ
750 605 801 646 τὰ
840 606 947 646 κατὰ
984 606 1065 660 τὴν
1092 604 1312 648 Ἰουδαίαν
1353 604 1490 659 πράγ-

137 690 249 728 ματα
282 676 579 730 διοικοῦντος,
613 675 874 731 ἐφθάρησαν
906 676 991 718 ὑπὸ
1025 677 1182 730 ταύτης
1213 673 1370 718 πολλοὶ
1403 682 1491 717 τῶν

133 741 373 787 Ἰουδαίων.
436 744 507 787 καὶ
545 748 760 801 πρότερον
800 745 1080 801 ἀφηγήσομαι
1121 747 1202 801 τὴν
1241 747 1384 787 αἰτίαν
1428 743 1484 787 δι’

137 815 192 869 ἣν
224 823 360 858 ταῦτα
394 815 569 871 συνέβη.
632 817 776 871 <106>
814 824 890 872 τῆς
929 817 1072 873 πάσχα
1105 818 1186 872 γὰρ
1221 814 1493 871 καλουμένης

139 886 289 942 ἑορτῆς
339 886 569 942 ἐνστάσης,
620 885 721 929 καθ’
768 887 823 941 ἣν
874 889 977 937 ἔθος
1028 886 1146 929 ἐστὶν
1196 887 1300 941 ἡμῖν
1351 887 1490 939 ἄζυμα

137 957 489 1013 προσφέρεσθαι,
526 961 690 1012 πολλῆς
726 956 798 1000 καὶ
835 961 1114 1014 πανταχόθεν
1152 958 1354 1012 πληθύος
1387 970 1490 998 συν-

138 1032 348 1084 αχθείσης
381 1028 450 1071 ἐπὶ
482 1030 561 1083 τὴν
595 1027 766 1083 ἑορτήν,
800 1030 947 1079 δείσας
980 1029 1002 1071 ὁ
1030 1030 1265 1083 Κουμανὸς
1293 1029 1491 1082 μὴ.νεώ-

137 1102 266 1155 τερόν
303 1116 343 1141 τι
380 1101 497 1154 παρὰ
535 1101 703 1142 τούτων
741 1099 988 1155 προσπέσῃ,
1032 1101 1199 1141 κελεύει
1236 1107 1324 1141 τῶν
1363 1111 1491 1153 στρα-

138 1178 305 1212 τιωτῶν
337 1173 442 1225 μίαν
473 1171 596 1221 τάξιν
629 1171 940 1226 ἀναλαβοῦσαν
973 1171 1024 1212 τὰ
1058 1171 1169 1212 ὅπλα
1203 1169 1272 1212 ἐπὶ
1297 1177 1386 1211 τῶν
1411 1175 1490 1211 τοῦ

139 1241 260 1296 ἶεροῦ
292 1248 434 1283 στοῶν
468 1239 645 1283 ἑστάναι
677 1245 1050 1291 καταστελοῦντας
1076 1243 1153 1283 τὸν
1179 1242 1490 1295 νεωτερισμόν,

137 1313 178 1353 εἰ
220 1312 304 1368 ἄρα
347 1328 411 1362 τις
455 1311 638 1366 γένοιτο.
713 1313 868 1366 <107>
917 1319 1046 1355 τοῦτο
1099 1310 1146 1354 δὲ
1196 1310 1269 1353 καὶ
1320 1312 1366 1353 οὗ
1405 1312 1489 1365 πρὸ

138 1382 276 1425 αὐτοῦ
318 1389 394 1437 τῆς
428 1381 646 1434 Ἰουδαίας
690 1382 1047 1438 ἐπιτροπεύοντες
1091 1383 1139 1425 ἐν
1183 1390 1277 1432 ταῖς
1322 1380 1491 1437 ἑορταῖς

138 1455 361 1509 ἔπραττον.
425 1455 570 1509 <108>
602 1455 783 1510 τετάρτῃ
816 1453 853 1496 δ’
892 1453 1030 1511 ἡμέρα
1071 1460 1145 1508 τῆς
1178 1452 1329 1508 ἑορτῆς
1361 1463 1489 1507 στρα-

137 1525 292 1579 τιώτης
329 1541 393 1574 τις
432 1524 716 1575 ἀνακαλύψας
753 1525 1003 1566 ἐπεδείκνυε
1041 1531 1100 1581 τῷ
1138 1525 1301 1578 πλήθει
1341 1523 1392 1563 τὰ
1425 1523 1491 1563 αι’-

138 1595 254 1649 δοῖα,
284 1593 355 1637 καὶ
388 1595 497 1650 πρὸς
527 1601 656 1637 τοῦτο
683 1603 771 1637 τῶν
796 1594 1086 1649 θεασαμένων
1114 1594 1222 1648 ὀργὴ
1249 1591 1321 1635 καὶ
1346 1594 1490 1648 θυμὸς

137 1662 213 1719 ἦν,
258 1665 336 1721 οὐχ
383 1665 565 1715 ἑαυτοὺς
602 1667 817 1721 ὑβρίσθαι
855 1668 1076 1719 λεγόντων
1115 1664 1224 1706 ἀλλὰ
1262 1665 1339 1706 τὸν
1379 1664 1490 1705 θεὸν

137 1737 400 1790 ἠσεβῆσθαι,
458 1734 573 1786 τινὲς
605 1734 653 1778 δὲ
690 1744 778 1778 τῶν
809 1735 1099 1791 θρασυτέρων
1139 1737 1216 1778 τὸν
1248 1734 1490 1789 Κουμανὸν

140 1806 476 1862 ἐβλασφήμουν,
516 1806 588 1849 ὑπ’
635 1807 772 1850 αὐτοῦ
815 1808 892 1849 τὸν
937 1807 1205 1861 στρατιώτην
1248 1809 1490 1848 καθεῖσθαι

139 1875 351 1931 λέγοντες.
414 1877 559 1931 <109>
592 1878 827 1932 Κουμανὸς
866 1875 904 1918 δ’
941 1877 1131 1927 ἀκούσας
1170 1874 1242 1918 καὶ
1275 1875 1404 1925 αὐτὸς
1435 1875 1490 1917 οὐ

138 1950 322 2003 μετρίως
353 1947 591 2002 ἐρεθίζεται
620 1949 728 2001 πρὸς
753 1948 829 1997 τὰς
854 1949 1146 2003 βλασφημίας,
1177 1944 1363 2002 παρῄνει
1388 1944 1489 2000 με’ν-

138 2034 206 2061 τοι
247 2020 504 2061 παύσασθαι
555 2017 781 2074 νεωτέρων
833 2017 1160 2073 ἐπιθυμοῦντας
1204 2017 1490 2073 πραγμάτων,

139 2086 249 2144 μηδὲ
291 2090 461 2139 στάσεις
502 2088 699 2140 ἐξάπτειν
740 2087 818 2131 καῖ
849 2089 1048 2144 ταραχάς.
1112 2089 1269 2143 <11Ο>
1308 2089 1365 2143 μὴ
1397 2089 1490 2130 πεί-

123 2164 238 2209 ,θων
263 2159 316 2202 δέ
339 2159 526 2216 (μᾶλλον
552 2161 634 2216 γὰρ
663 2159 878 2202 ἐνέκειντο
905 2158 1286 2215 βλασφημοῦντες)
1321 2159 1490 2201 κελεύει

139 2232 187 2273 τὸ
232 2232 477 2287 στράτευμα
521 2231 685 2280 πάντας
728 2232 977 2273 πανοπλίαν
1022 2230 1322 2285 ἀναλαβόντας
1365 2230 1490 2283 ἥκειν

235 2316 254 2355 ξ
282 2315 348 2347 105
374 2313 420 2347 ef.
447 2311 538 2347 Bell.
567 2312 644 2347 Iud.
671 2311 705 2345 II
732 2315 786 2355 12,
818 2316 846 2347 1.
