1732 2526
128 206 147 237 6

172 86 231 126 44
664 83 1029 116 APXAIOAOPIAZ

263 192 407 246 <261>
435 189 508 233 καὶ
533 191 583 232 τὰ
610 189 691 245 μὲν
716 188 816 245 περὶ
843 189 1013 232 ἐκεῖνον
1039 187 1154 245 εἶχεν
1187 190 1343 239 οὕτως·
1384 187 1529 245 Ἀρχέ-

173 267 278 313 λαος
311 260 358 304 δὲ
391 262 413 304 ὁ
446 268 535 303 τῶν
567 262 879 303 Καππαδόκων
917 262 1123 316 βασιλεὺς
1161 261 1218 310 ὡς
1257 259 1446 303 ἐπύθετο
1478 261 1531 302 τὰ
1586 277 1590 281 ·

172 335 281 377 κατὰ
324 334 402 375 τὸν
433 331 662 388 “Ηρώδην,
706 332 911 387 ἀγωνιῶν
955 330 1065 386 ὑπέρ
1107 347 1151 374 τε
1192 337 1268 386 τῆς
1308 333 1533 387 θυγατρὸς

174 404 245 447 καὶ
276 410 356 447 τοῦ
388 406 625 446 νεανίσκου
657 402 730 445 καὶ
763 406 997 457 συναλγῶν
1035 401 1164 457 ἀνδρὶ
1206 405 1322 461 φίλῳ
1354 408 1430 456 τῆς
1462 400 1532 444 ἐπὶ

174 477 357 518 τοσόνδε
396 480 605 530 ταραχῆς,
649 471 754 528 ἧκεν
796 474 876 516 οὐκ
918 473 966 515 ἐν
1006 473 1210 531 παρέργῳ
1252 472 1443 528 θέμενος
1482 474 1534 515 τὰ

174 547 418 601 πράγματα.
485 546 629 599 <262>
669 543 741 586 καὶ
782 545 1043 599 καταλαβὼν
1084 545 1223 594 οὕτως
1264 546 1441 600 ἔχοντα,
1485 545 1534 586 τὸ

175 615 256 672 μὲν
308 618 509 671 ἐπιτιμᾶν
559 616 585 670 ἢ
631 616 768 670 φάναι
813 614 1022 669 γενέσθαι
1068 631 1109 657 τι
1160 612 1371 671 προπετὲς
1416 614 1532 672 αὐτῷ

174 687 332 738 τελέως
369 687 593 730 ἀνοίκειον
631 688 694 736 εἰς
730 688 808 728 τὸν
847 688 1004 738 καιρὸν
1044 687 1254 741 ἡγήσατο·
1305 688 1536 742 φιλονική-

176 770 271 801 σειν
297 758 380 813 γὰρ
407 756 727 812 κεκακωμένον,
759 755 831 798 καὶ
858 761 1026 811 μᾶλλον
1058 756 1376 811 ἀπολογεῖσθαι
1404 758 1535 798 σπεύ-

178 831 314 871 δοντα
338 831 542 877 πλείονος
568 828 700 881 ὀργῆς
726 827 1164 882 ἀναπλησθήσεσθαι.
1216 828 1361 882 <263>
1387 826 1534 883 μετῄει

177 898 225 942 δὲ
250 898 374 950 τάξιν
401 897 554 954 ἑτέραν
581 901 642 948 εἰς
668 899 748 952 τὴν
777 898 1088 952 ἐπανόρθωσιν
1118 906 1206 940 τῶν
1232 898 1535 954 ἠτυχημένων,

177 971 458 1025 ὀργιζόμενος
488 976 548 1027 τςό
582 971 823 1026 νεανίσκῳ,
863 968 1071 1012 κάκεῖνον
1104 969 1268 1023 ἐπιεικῆ
1302 969 1535 1027 λε’γων·τῷ

177 1039 315 1096 μηδὲν
354 1041 401 1083 ἐκ
438 1042 696 1096 προπετειάς
728 1040 1017 1094 ἐργάσασθαι·
1069 1042 1146 1082 τόν
1187 1056 1232 1082 τε
1266 1041 1409 1095 γάμον
1442 1042 1536 1082 δια-

178 1114 329 1154 λύσειν
369 1113 453 1167 ἔφη
495 1113 603 1167 πρὸς
644 1112 721 1153 τὸν
755 1110 1065 1167 Ἀλέξανδρον,
1108 1110 1181 1153 καὶ
1221 1110 1322 1166 μηδ’
1366 1111 1421 1153 ἂν
1463 1118 1539 1166 τῆς

175 1184 401 1238 θυγατρὸς
433 1185 696 1237 φείσασθαι,
731 1186 775 1224 εἴ
803 1198 844 1223 τι
881 1183 1112 1224 συνειδυῖα
1147 1183 1316 1224 τούτων
1352 1182 1405 1224 οὐ
1439 1198 1536 1224 κατ·

177 1256 407 1308 εμήνυσεν.
466 1254 609 1307 <264>
634 1254 839 1296 τοιούτου
867 1252 905 1295 δ’
937 1255 1065 1303 ὄντος
1085 1251 1323 1309 Ἀρχελάου
1350 1254 1404 1296 οὐ
1429 1255 1537 1296 κατὰ

176 1326 450 1380 προσδοκίαν
492 1321 553 1366 ὧν
596 1325 618 1366 ὁ
651 1322 855 1379 Ἡρώδης
896 1323 1026 1381 ᾤετο,
1069 1326 1117 1366 τὸ
1161 1322 1209 1366 δὲ
1248 1324 1384 1367 πλέον
1425 1323 1536 1378 ὑπὲρ

178 1396 315 1438 αὐτοῦ
347 1396 428 1450 τὴν
460 1395 598 1450 ὀργὴν
637 1393 1022 1449 ἐπιδεικνυμένου,
1065 1394 1325 1450 μετέπιπτεν
1359 1395 1382 1438 ὁ
1415 1397 1538 1449 βασι-

180 1469 280 1516 λεὺς
311 1473 385 1521 τῆς
416 1468 729 1521 χαλεπότητος,
767 1464 838 1507 καὶ
871 1467 1027 1508 λαθὼν
1060 1466 1107 1508 ἐκ
1139 1473 1218 1509 τοῦ
1252 1467 1431 1516 δικαίως
1464 1467 1535 1508 δο-

1557 843 1590 867 10

1558 1196 1591 1222 15

178 1545 272 1579 κεῖν
305 1538 356 1579 τὰ
388 1536 672 1593 πεπραγμένα
710 1536 1016 1592 πεποιηκέναι,
1057 1537 1165 1579 κατὰ
1204 1538 1362 1592 μικρὸν
1394 1537 1455 1586 εἰς
1487 1539 1535 1579 τὸ
1556 1551 1592 1577 20

178 1615 257 1650 τοῦ
297 1610 459 1663 πατρὸς
497 1608 835 1663 ἀντιμεθίστατο
873 1608 1029 1657 πάθος.
1096 1609 1241 1662 <265>
1281 1609 1454 1663 οἰκτρὸς
1492 1606 1530 1649 δ’

177 1676 233 1733 ἧν
275 1679 323 1721 ἐν
361 1678 648 1734 ἀμφοτέροις,
687 1678 758 1720 ὅτε
796 1676 877 1733 μὲν
915 1678 1161 1721 ἀπελύοντό
1199 1694 1315 1728 τινες
1351 1680 1428 1729 τὰς
1458 1684 1538 1722 τοῦ

179 1752 417 1791 νεανίσκου
450 1750 674 1804 διαβολάς,
707 1751 768 1799 εἰς
801 1750 940 1805 ὀργὴν
973 1749 1353 1804 ἐκταραττόμενος,
1386 1749 1536 1804 ἐπειδὴ

179 1817 218 1861 δ’
258 1817 488 1875 Ἀρχέλαος
532 1823 872 1875 συγκατηγόρει,
915 1822 1024 1876 πρὸς
1068 1821 1237 1876 δάκρυα
1278 1819 1350 1862 καὶ
1392 1822 1536 1875 λύπην

179 1891 259 1933 οὐκ
300 1890 451 1945 ἀπαθῆ
493 1891 830 1946 μεθιστάμενος·
883 1891 1021 1934 ἐδεῖτο
1065 1898 1176 1945 γοῦν
1215 1891 1388 1934 ἐκείνου
1431 1894 1535 1947 μήτε
1556 1904 1593 1930 25

178 1962 377 2003 διαλύειν
408 1964 486 2004 τὸν
519 1962 677 2016 γάμον,
710 1963 844 2016 ὀργῆς
875 1960 911 2004 τ’
950 1964 1131 2004 ἔλαττον
1164 1964 1279 2018 ἔχειν
1312 1959 1381 2017 ἐφ’
1415 1957 1480 2012 οἷς
1512 1963 1535 2005 ὁ

176 2034 408 2081 νεανίσκος
445 2033 665 2087 ἠδίκηκεν.
731 2033 877 2088 <266>
912 2030 1143 2088 Ἀρχέλαος
1180 2031 1229 2075 δὲ
1267 2035 1535 2089 παραλαβὼν

178 2102 518 2158 ἐπιεικέστερον,
561 2108 621 2153 εἴς
661 2119 706 2145 τε
748 2106 852 2153 τοὺς
884 2107 1044 2159 φίλους
1082 2103 1290 2159 μετέφερε
1328 2105 1403 2154 τὰς
1441 2106 1536 2146 δια-

177 2173 324 2228 βολάς,
358 2173 540 2215 ἐκείνων
572 2171 685 2215 εἶναι
718 2173 860 2228 λέγων
892 2173 996 2216 νέον
1029 2175 1135 2216 ὄντα
1165 2173 1238 2216 καὶ
1269 2178 1536 2230 κακοηθείας

178 2244 452 2298 ἀναίσθητον
485 2245 770 2299 διαφθεῖραι,
802 2247 880 2287 τόν
912 2243 947 2286 τ’
986 2244 1181 2301 ἀδελφὸν
1214 2245 1331 2303 αὐτῷ
1365 2250 1534 2301 μᾶλλον
1553 2258 1588 2283 30

274 2330 293 2368 ἓ
321 2329 388 2359 261
417 2325 460 2361 cf.
490 2325 580 2361 Bell.
607 2325 685 2361 Iud.
714 2326 727 2359 Ι
755 2329 811 2370 25,
839 2330 869 2361 1.

1705 2419 1717 2449 32

1696 2450 1717 2526 ἓ
