1732 2526
213 57 300 99 200
705 54 1069 88 ΑΡΧΑΙΟΑΟΓΙΑΣ,

213 162 268 218 ἧν
302 162 557 219 (ἐπιχώριον
596 161 643 204 δὲ
681 169 771 212 τοῖς
803 160 947 218 ἐκείνῃ
987 162 1120 202 πᾶσίν
1160 159 1278 202 ἐστιν
1311 158 1386 202 ἐπί
1412 175 1457 202 τε
1489 166 1589 214 τῆς,

214 236 353 284 οἰκιάς
385 235 499 289 ἔχειν
532 233 780 288 σεβάσματα
819 231 891 275 καὶ
930 233 1074 274 ἰοῦσιν
1113 230 1182 273 ἐπὶ
1222 229 1346 284 ξένης
1377 230 1565 272 συνεπά-

214 304 405 360 γεσθαι),
438 303 800 360 περιστέλλουσα,
839 302 911 346 καὶ
943 303 1052 357 αὐτὴ
1085 309 1163 345 τοῦ
1195 303 1380 357 πατρίου
1412 303 1460 343 τὸ
1494 299 1559 343 ἐπ’

215 376 362 426 αὐτοῖς
395 377 498 426 ε’θος
530 377 810 429 συνεπήγετο.
872 373 944 416 καὶ
975 376 1022 416 τὸ
1055 371 1135 428 μὲν
1174 380 1348 427 πρῶτον
1379 373 1564 426 λεληθό-

214 463 298 496 τως
323 446 469 489 αὐτῶν
494 449 736 502 θρησκείαν
765 445 965 498 ἐποιεῖτο,
994 445 1156 499 γαμετὴ
1185 441 1224 485 δ’
1249 443 1564 498 ἀποδειχθεῖσα
1601 455 1617 481 5

213 518 297 572 ἤδη
330 519 475 576 τρόπῳ
509 523 566 574 τῷ
599 516 732 571 αὐτῆς
763 517 941 558 εἰωθότι
974 513 1045 557 καὶ
1087 513 1187 569 μεθ’
1225 515 1332 557 οἴων
1364 515 1564 568 νομίμων

215 587 284 630 ἐπὶ
322 594 400 631 τοῦ
438 587 653 643 προτέρου
686 586 847 641 ἀνδρὸς
886 585 1155 641 ἐθεράπευεν
1188 585 1359 634 αὐτούς.
1422 583 1565 638 <345>

214 658 286 701 καὶ
318 667 404 701 τῶν
439 657 623 712 ἑταίρων
656 658 702 700 οἰ
729 657 914 712 μάλιστα
944 657 1180 712 τιμώμενοι
1212 654 1310 711 παρ’
1344 655 1491 704 αὐτοῖς
1516 655 1564 696 τὸ

214 728 294 784 μὲν
326 737 501 785 πρῶτον
529 726 797 782 ἐπέσκηπτον
829 727 886 777 ὡς
913 727 1116 782 οὐδαμῶς
1145 726 1324 782 πράττοι
1344 724 1566 780 Ἑβραϊκά,

215 798 310 843 οὐδ’
361 800 499 842 ὁπόσα
544 801 696 853 νόμοις
740 805 830 848 τοῖς
881 798 1026 839 αὐτῶν
1076 800 1329 852 πρόσφορα,
1380 803 1566 850 γυναῖκα
1588 809 1620 835 ιο

215 869 401 926 ἠγμένος
444 869 698 925 ἀλλόφυλον
747 867 819 910 καὶ
869 870 1233 922 παραβαίνουσαν
1277 871 1451 909 θυσιῶν
1494 864 1566 907 καὶ

217 944 448 996 σεβασμῶν
480 948 568 982 τῶν
600 940 750 989 αὐτοῖς
783 941 1009 982 εἰωθότων
1048 940 1127 993 τὴν
1161 938 1405 994 ἀκρίβειαν·
1457 937 1567 991 ὁρᾶν

217 1009 297 1054 οὖν
339 1013 396 1067 μὴ
439 1012 490 1053 τὰ
530 1011 670 1053 πολλὰ
712 1016 761 1065 τῇ
802 1010 938 1065 ἡδονῇ
978 1016 1056 1052 τοῦ
1096 1010 1293 1064 σώματος
1324 1015 1566 1064 συγχωρῶν

217 1082 442 1125 ἀπολέσειε
480 1083 559 1136 τὴν
599 1081 737 1137 ἀρχὴν
777 1087 855 1123 τοῦ
894 1081 1139 1135 εὐπρεποῦς
1169 1079 1241 1122 καὶ
1274 1081 1353 1135 τὴν
1385 1080 1447 1129 εἰς
1480 1082 1567 1133 (κτο-

216 1152 395 1209 σοῦτον)
440 1159 523 1195 νῦν
573 1152 658 1194 ὑπὸ
709 1158 787 1194 τοῦ
837 1156 949 1194 θεοῦ
992 1155 1304 1207 προελθοῦσαν
1351 1150 1566 1201 ἐξουσίαν.
1588 1161 1621 1188 15

215 1225 361 1279 <346>
395 1222 487 1265 ἐπεὶ
521 1221 557 1264 δ’
598 1220 730 1265 οὐδὲν
764 1222 1016 1277 ἐπέραινον,
1055 1221 1165 1263 ἀλλὰ
1197 1224 1273 1263 καί
1300 1219 1385 1263 τιν’
1423 1219 1568 1262 αὐτῶν

215 1297 267 1337 τὰ
300 1295 486 1349 μάλιστα
512 1295 774 1348 τιμώμενον,
807 1293 873 1335 ὅτι
899 1295 1122 1349 παρρησία
1147 1294 1319 1334 πλειόνι
1345 1293 1569 1347 χρήσαιτο,

216 1366 461 1420 ἀπέκτεινε,
505 1364 576 1407 καὶ
616 1365 662 1414 ὃς
699 1366 978 1418 κτεινόμενος
1016 1364 1167 1419 εὐνοία
1205 1369 1255 1418 τῇ
1298 1370 1386 1405 τῶν
1418 1363 1569 1417 νόμων

216 1436 288 1480 καὶ
316 1443 394 1480 τοῦ
426 1438 677 1485 κτείνοντος
703 1435 839 1478 αὐτὸν
866 1436 1080 1490 τιμωρίαν
1107 1433 1352 1488 ἐπηράσατο
1380 1433 1498 1489 αὐτῷ
1523 1447 1569 1474 τε

212 1507 413 1565 Ἀνιλαίῳ
456 1506 526 1549 καὶ
556 1502 758 1563 Ἀσιναίῳ
800 1505 872 1548 καὶ
912 1512 1017 1547 πᾶσι
1059 1511 1149 1554 τοῖς
1187 1503 1374 1559 ἑταίροις
1412 1504 1569 1558 ὁμοίαν
1589 1515 1623 1541 20

218 1580 302 1621 ὑπὸ
329 1586 417 1620 τῶν
446 1577 619 1633 ἐχθρῶν
648 1577 917 1632 ἐπαχθεῖσαν
943 1575 1151 1630 γενέσθαι
1177 1576 1397 1629 τελευτήν,
1424 1575 1569 1627 <34Ῑ>

217 1657 308 1700 τοῖς
340 1647 420 1704 μὲν
453 1649 510 1698 ὡς
535 1647 718 1702 ἡγεμόσι
743 1653 1030 1701 παρανομιῶν
1058 1647 1275 1700 γεγονόσι,
1308 1652 1399 1694 τοῖς
1431 1643 1472 1686 δ’
1504 1644 1570 1686 ὅτι

218 1723 275 1775 μὴ
303 1723 515 1775 βοηθοῖεν
542 1718 658 1774 αὐτῷ
686 1717 832 1760 τοιάδε
859 1717 1071 1772 πάσχοντι
1099 1717 1171 1758 διὰ
1197 1717 1245 1758 τὸ
1273 1715 1461 1757 ἐκδικεῖν
1481 1721 1571 1764 τοῖς

218 1793 383 1845 νόμοις,
411 1792 456 1831 οἳ
479 1787 516 1830 δ’
549 1789 819 1844 ἐβαρύνοντο
846 1787 941 1842 μέν,
974 1788 1202 1841 ἠνείχοντο
1229 1785 1291 1840 δέ,
1324 1785 1569 1841 μνημονεύ-

219 1877 342 1910 οντες
369 1859 448 1902 οὐκ
475 1859 517 1910 ἐξ
545 1860 679 1913 ἄλλης
705 1860 844 1908 αἰτίας
871 1856 965 1900 ἀλλ’
996 1858 1114 1913 ἰσχύι
1140 1863 1190 1912 τῇ
1217 1856 1397 1899 ἐκείνων
1422 1862 1473 1911 τῇ
1499 1855 1568 1897 εὐ·
1589 1868 1623 1894 25

220 1933 428 1987 δαιμονία
450 1932 755 1979 συνελθόντες,
787 1930 932 1983 <34S>
956 1927 1047 1970 ἐπεὶ
1069 1926 1117 1970 δὲ
1136 1927 1208 1969 καὶ
1228 1928 1308 1982 τὴν
1327 1928 1569 1983 θεραπείαν

220 2001 464 2054 ἀκροῶνται
484 2008 571 2042 τῶν
588 2005 709 2042 θεῶν
729 2008 817 2042 τῶν
831 2001 1111 2053 Παρθυαίοις
1131 1996 1404 2053 τιμωμένων,
1424 1994 1563 2040 οὐκέτ’

219 2072 401 2114 ἀνεκτὸν
434 2071 672 2125 ἡγούμενοι
704 2077 783 2112 τοῦ
810 2069 1031 2112 Ἀνιλαίου
1070 2071 1118 2112 τὸ
1157 2069 1338 2123 ὑβρίζον
1376 2069 1438 2117 εἰς
1468 2069 1570 2117 τοὺς

219 2145 404 2197 νόμους,
448 2140 517 2183 ἐπὶ
554 2143 632 2184 τὸν
659 2139 883 2183 Ἀσιναῖον
921 2140 1128 2189 ἐλθόντες
1164 2137 1237 2181 καὶ
1273 2138 1454 2188 πλέονες
1484 2139 1568 2192 ἤδη

218 2215 440 2268 κατεβόων
472 2218 550 2254 τοῦ
579 2210 824 2266 Ἀνιλαίου,
863 2212 1006 2264 (349)
1043 2211 1233 2265 φάμενοι
1265 2212 1407 2258 καλῶς
1439 2211 1568 2264 ἔχειν,
1587 2219 1623 2246 30

219 2286 260 2326 εἰ
296 2285 352 2339 μὴ
392 2284 607 2339 πρότερον
644 2280 745 2324 καθ’
785 2281 919 2324 αὑτὸν
959 2279 1072 2335 ἑώρα
1110 2281 1158 2322 τὸ
1192 2281 1416 2335 ὠφελοῦν,
1459 2279 1570 2321 ἀλλὰ
