1732 2526
655 85 868 117 EIKOETH
1350 81 1432 123 301

86 192 139 235 δέ
169 205 277 248 φασι
309 195 386 235 τὸν
417 193 719 246 πρεσβύτατον
740 189 933 232 ’Ἄνανον
971 190 1284 244 εὐτυχέστατον
1317 189 1438 243 γενέ-

86 268 211 305 σθαι·
262 262 388 305 πέντε
432 264 515 316 γὰρ
560 264 656 316 ἔσχε
700 263 879 311 παῖδας,
930 260 1002 301 καὶ
1046 262 1230 310 τούτους
1273 261 1438 309 πάντας

85 333 250 388 συνέβη
295 334 628 388 ἀρχιερατεῦσαι
672 338 731 388 τῷ
775 336 888 388 θεῷ,
933 331 1063 380 αὐτὸς
1107 330 1178 372 καὶ
1222 333 1437 385 πρότερον

83 411 158 458 τῆς
183 410 309 459 τιμῆς
335 403 404 445 ἐπὶ
430 407 634 445 πλεῖστον
661 402 926 455 ἀπολαύσας,
962 402 1066 454 ὅπερ
1095 400 1246 443 οὐδενὶ
1274 401 1436 454 συνέβη

47 483 172 516 5τῶν
222 470 324 527 παρ’
377 474 482 528 ἡμῖν
533 472 784 528 ἀρχιερέων.
847 474 1004 526 <199>
1054 472 1077 514 ὁ
1129 470 1177 513 δὲ
1227 473 1438 525 νεώτερος

73 543 282 597 ’Ἀνανος,
320 544 371 586 ὃν
410 546 490 598 τὴν
528 543 860 598 ἀρχιερωσύνην
899 545 1065 597 ἔφαμεν
1102 542 1437 598 παρειληφέναι,

83 616 256 666 θρασὺς
304 612 360 668 ἧν
409 616 486 656 τὸν
531 616 695 668 τρόπον
738 612 810 655 καὶ
860 614 1078 667 τολμητὴς
1122 614 1437 667 διαφερόντως,

83 685 253 737 αἵρεσιν
287 683 335 726 δὲ
367 683 514 740 μετῄει
551 670 1012 739 τὴν“Σαδδουκαίων,
1054 685 1177 737 οἵπερ
1217 683 1301 725 εἰσὶ
1338 682 1438 735 περὶ

83 755 159 804 τὰς
189 757 354 808 κρίσεις
386 756 496 809 ὠμοὶ
529 756 645 809 παρὰ
677 756 843 804 πάντας
873 757 976 804 τοὺς
997 752 1257 807 Ἰουδαίους,
1289 755 1439 803 καθὼς

33 843 65 866 10
84 825 534 880 ᾔδη’δεδηλώκαμεν.
603 826 761 879 <200>
802 826 875 866 ἅτε
918 826 972 879 δὴ
1015 822 1096 867 οὖν
1136 832 1335 874 τοιοῦτος
1377 825 1438 866 ὢν

85 896 108 937 ὁ
142 894 351 949 ’Ἁνανος,
394 899 578 950 νομίσας
623 898 738 951 ἔχειν
781 897 937 950 καιρὸν
983 895 1230 949 ἐπιτήδειον
1275 896 1346 936 διὰ
1390 897 1438 936 τὸ

85 967 298 1007 τεθνάναι
331 965 411 1020 μὲν
447 953 643 1020 Φῆστον,
671 965 875 1021 Ἀλβῖνον
908 965 947 1008 δ’
986 969 1047 1008 ε’τι
1080 968 1186 1008 κατὰ
1218 968 1298 1020 τὴν
1331 967 1438 1008 ὁδὸν

86 1037 320 1091 ὑπάρχειν,
361 1040 529 1087 καθίζει
563 1036 799 1091 συνέδριον
838 1045 1019 1090 κριτῶν,
1063 1036 1133 1078 καὶ
1171 1038 1438 1091 παραγαγὼν

88 1109 149 1156 εἰς
187 1108 292 1148 αὐτὸ
331 1109 409 1148 τὸν
448 1107 645 1161 ἀδελφὸν
673 1105 817 1160 Ἰησοῦ
858 1113 936 1149 τοῦ
969 1107 1210 1161 λεγομένου
1245 1110 1438 1160 Χριστοῦ

33 1195 66 1219 15
86 1175 310 1232 (Ἰάκωβος
347 1175 474 1231 ὄνομ’
519 1176 655 1233 αὐτῷ)
695 1181 772 1218 καί
805 1193 927 1227 τινας
973 1176 1168 1232 ἑτέρους,
1209 1178 1266 1226 ὡς
1304 1192 1440 1231 παρα-

86 1248 377 1301 νομησάντων
415 1251 679 1303 κατηγορίαν
720 1248 1033 1302 ποιησάμενος,
1078 1246 1303 1302 παρέδωκε
1343 1251 1441 1289 λευ-

88 1318 406 1372 σθησομένους.
468 1319 625 1371 <201>
671 1319 768 1360 ὅσοι
813 1317 849 1359 δ’
900 1319 1086 1360 ἐδόκουν
1132 1318 1439 1360 ἐπιεικέστατοι

88 1396 174 1429 τῶν
216 1390 324 1430 κατὰ
364 1390 444 1442 τὴν
482 1391 613 1430 πόλιν
656 1386 768 1431 εἶναι
806 1388 878 1430 καὶ
916 1390 966 1430 τὰ
1004 1388 1103 1443 περὶ
1141 1392 1244 1438 τοὺς
1276 1391 1440 1443 νόμους

87 1459 300 1513 ἀκριβεῖς,
345 1459 513 1513 βαρέως
556 1461 746 1513 ἤνεγκαν
788 1458 858 1500 ἐπὶ
898 1460 1054 1516 τούτῳ·
1105 1459 1177 1501 καὶ
1220 1458 1441 1514 πέμπουσι

33 1546 68 1571 20
87 1531 196 1583 πρὸς
239 1532 316 1571 τὸν
360 1529 541 1584 βασιλέα
584 1531 732 1584 κρύφα
776 1535 1132 1583 παρακαλοῦντες
1173 1531 1308 1572 αὐτὸν
1350 1530 1440 1572 ε’πι-

88 1605 253 1641 στεῖλαι
285 1607 343 1657 τῳ
372 1599 542 1658 Ἀνάνῳ
574 1600 724 1655 μηκέτι
755 1607 934 1642 τοιαῦτα
960 1602 1182 1655 πράττειν·
1222 1599 1331 1654 μηδὲ
1357 1601 1440 1654 γὰρ

86 1672 135 1712 τὸ
168 1678 343 1724 πρῶτον
377 1672 523 1727 ὀρθῶς
555 1672 690 1714 αὐτὸν
721 1671 1015 1725 πεποιηκέναι.
1069 1672 1214 1725 <202>
1246 1669 1363 1720 τινες
1395 1669 1434 1712 δ’

88 1741 235 1782 αὐτῶν
276 1741 347 1783 καὶ
388 1749 446 1799 τῷ
481 1740 667 1799 Ἀλβίνῳ
709 1743 1052 1793 ὑπαντιάζουσιν
1093 1742 1177 1784 ἀπὸ
1218 1748 1292 1796 τῆς
1325 1741 1440 1783 Ἀλε-

88 1811 318 1866 ξανδρείας
350 1813 681 1867 ὁδοιποροῦντι,
713 1811 785 1854 καὶ
819 1813 1107 1854 διδάσκουσιν
1140 1813 1197 1862 ὡς
1229 1812 1311 1854 οὐκ
1344 1813 1441 1862 ἐξὸν

37 1897 70 1923 25
89 1880 144 1936 ἧν
180 1881 346 1939 Ἀνάνῳ
391 1882 522 1937 χωρὶς
565 1890 639 1937 τῆς
684 1883 853 1925 ἐκείνου
895 1885 1070 1937 γνώμης
1113 1870 1296 1925 καθίσαι
1338 1894 1440 1925 συν-

90 1954 252 2005 έδριον.
314 1955 457 2006 <203>
490 1951 688 2007 Ἀλβῖνος
730 1951 776 1994 δὲ
818 1952 1016 2003 πεισθεὶς
1058 1961 1149 2002 τοῖς
1189 1952 1442 2008 λεγομένοις

89 2025 251 2077 γράφει
289 2024 377 2078 μετ’
416 2024 550 2077 ὀργῆς
587 2031 644 2079 τῷ
674 2020 862 2081 Ἀνάνῳ,
905 2026 1126 2078 λήψεσθαι
1166 2022 1266 2077 παρ’
1305 2024 1442 2065 αὐτοῦ

91 2095 215 2144 δίκας
252 2095 454 2136 ἀπειλῶν.
516 2093 588 2135 καὶ
630 2095 652 2137 ὁ
694 2097 900 2148 βασιλεὺς
927 2093 1163 2149 Ἀγρίππας
1202 2095 1275 2136 διὰ
1312 2101 1441 2137 τοῦτο

90 2166 171 2218 τὴν
216 2165 560 2219 ἀρχιερωσύνην
588 2165 859 2219 ἀφελόμενος
903 2165 1038 2207 αὐτὸν
1075 2165 1264 2220 ἄρξαντα
1303 2172 1442 2219 μῆνας

37 2248 71 2273 30
90 2243 221 2289 τρεῖς,
247 2235 421 2289 Ἰησοῦν
452 2238 529 2277 τὸν
561 2243 640 2278 τοῦ
671 2239 907 2290 Δαμναίου
939 2235 1210 2289 κατέστησεν.

180 2306 337 2358 <204>
382 2306 530 2359 ἐπειδὴ
575 2305 615 2347 δ’
662 2303 766 2359 ἧκεν
811 2306 833 2348 ὁ
873 2304 1072 2359 Ἀλβῖνος
1120 2311 1182 2355 εἰς
1231 2307 1310 2359 τὴν
1354 2313 1442 2347 τῶν
1468 2317 1488 2347 2
