1732 2526
599 66 1005 100 OKT-QKAIAEKATH
1386 66 1470 108 201

128 179 212 214 νῦν
254 179 363 226 γοῦν
404 172 671 228 ἐπιστροφὴν
711 177 936 215 ποιεῖσθαι
977 179 1055 214 τοῦ
1098 177 1329 227 γεγονότος
1368 173 1474 229 πρὶν

127 243 152 297 ἠ
195 244 274 297 τὴν
315 242 528 297 ἁμαρτίαν
571 242 720 300 ἐκείνῳ
762 258 805 284 τε
847 245 917 284 καὶ
958 250 1063 285 πᾶσι
1105 252 1193 294 τοῖς
1225 246 1374 295 ἄλλοις
1406 261 1474 298 γε-

128 312 285 355 νέσθαι
327 315 387 362 εἰς
427 315 616 366 ὄλεθρον
659 311 967 367 ἀνακειμένην,
1013 316 1089 355 τόν
1130 330 1171 355 τε
1215 316 1354 369 γάμον
1399 321 1474 370 τῆς

131 383 371 437 ἀνθρώπου
399 383 600 437 λέγοντες
631 384 684 425 οὐ
711 381 800 437 μετ’
832 383 977 425 αὐτῶν
1011 383 1106 426 οὐδ’
1137 385 1284 434 αὐτοῖς
1317 387 1474 427 εἰωθό-

91 469 215 495 5των
247 457 475 496 τεθεῖσθαι
514 455 684 507 νόμων,
723 453 795 495 καὶ
833 455 911 508 τὴν
943 457 1204 508 θρησκείαν,
1244 455 1298 508 ἢν
1331 455 1474 510 ἐπιτη-

128 525 249 566 δεύοι
292 524 317 578 ἡ
363 526 499 578 γυνή,
549 522 616 565 ἐπ’
664 523 869 578 ἀτιμώσει
919 531 997 566 τοῦ
1040 529 1152 567 θεοῦ
1203 531 1281 567 τοῦ
1326 526 1475 575 αὑτοῖς

127 596 366 649 σεβασμίου
391 594 670 649 πράττεσθαι.
717 596 860 649 <350>
888 595 909 637 ὃ
938 593 985 637 δὲ
1018 595 1088 637 καὶ
1116 595 1246 645 αὐτὸς
1272 595 1368 650 Γᾔδει
1394 594 1473 650 μὲν

126 665 204 719 τὴν
237 664 464 720 ἁμαρτάδα
496 665 717 721 τάδελφοῦ
750 666 951 720 μεγάλων
984 667 1128 707 αἰτίαν
1157 663 1295 708 οὖσαν
1327 674 1473 708 κακῶν

125 733 197 776 καὶ
238 734 472 790 ἐσομένην,
517 735 569 778 οὐ
610 737 696 790 μὴν
737 735 847 777 ἀλλὰ
888 735 960 778 καὶ
1000 736 1196 791 ἠνείχετό
1238 735 1277 790 γ’
1321 737 1475 793 εὐνοία

74 820 107 846 10
126 811 204 848 τοῦ
241 812 484 859 συγγενοῦς
521 807 780 860 νικώμενος,
824 805 895 848 καὶ
933 807 1198 861 συγγνώμην
1240 805 1384 861 νέμων
1417 807 1475 856 ὡς

125 876 210 918 ὑπὸ
236 878 484 928 κρείττονος
509 883 645 918 κακοῦ
671 883 744 930 τῆς
771 875 1008 931 ἐπιθυμίας
1034 875 1271 933 νικωμένῳ.
1329 877 1473 930 <351>

126 945 218 988 ἐπεὶ
246 944 293 988 δὲ
318 948 497 996 πλείους
521 942 568 987 θ’
593 946 803 1001 ὁσημέραι
830 947 1238 1001 συνανεστρέφοντο
1265 946 1336 988 καὶ
1356 949 1474 990 πλεί-

127 1033 203 1067 ους
232 1014 344 1071 ἦσαν
378 1017 426 1058 αι’
453 1019 676 1072 καταβοαί,
708 1025 944 1072 τηνικαῦτα
977 1019 1031 1071 δή
1063 1029 1171 1072 φησι
1202 1017 1301 1072 περὶ
1329 1018 1473 1060 αὐτῶν

125 1089 233 1141 πρὸς
269 1085 512 1140 Ἀνιλαῖον,
556 1094 647 1136 τοῖς
687 1103 732 1128 τε
772 1095 947 1142 πρῶτον
988 1090 1221 1142 γεγονόσιν
1265 1087 1473 1141 ἐπιτιμῶν

34 1173 106 1198 ·15
125 1156 197 1200 καὶ
246 1157 502 1199 παύσασθαι
552 1157 598 1198 τὸ
644 1159 800 1199 λοιπὸν
844 1158 1057 1211 κελεύων,
1106 1159 1184 1211 τὴν
1233 1158 1473 1212 ἄνθρωποι·

126 1227 496 1282 ἀποπεμψάμενον
528 1228 590 1277 εἰς
626 1229 728 1277 τοὺς
766 1236 1004 1282 συγγενεῖς.
1066 1228 1209 1282 <352>
1245 1227 1473 1282 ἐπράττετο

127 1296 165 1340 δ’
210 1295 342 1341 οὐδὲν
384 1297 431 1340 ἐκ
470 1305 558 1340 τῶν
598 1300 755 1352 λόγων.
817 1297 888 1340 καὶ
929 1299 954 1352 ἡ
994 1299 1105 1352 γυνὴ
1146 1296 1184 1340 δ’
1229 1296 1472 1352 αἰσθομένη

127 1367 206 1423 μὲν
243 1375 321 1411 τοῦ
359 1373 475 1424 θροῦ
513 1374 591 1410 τοῦ
629 1368 885 1423 κατέχοντος
922 1371 1025 1419 τοὺς
1062 1371 1194 1419 λαοὺς
1228 1366 1284 1410 δι’
1321 1368 1474 1422 αὐτήν,

128 1440 352 1481 δεδοικυῖα
385 1437 433 1481 δὲ
459 1438 557 1494 περὶ
582 1445 660 1481 τοῦ
682 1438 904 1481 Ἀνιλαίου
932 1440 988 1493 μὴ
1016 1442 1092 1481 καί
1116 1456 1155 1481 τι
1181 1440 1319 1481 πάθοι
1347 1441 1474 1491 ἔρωτι

74 1525 108 1550 20
126 1516 184 1566 τῷ
216 1511 326 1564 πρὸς
357 1510 514 1564 αὐτήν,
545 1510 777 1564 φάρμακον
809 1516 868 1566 τῷ
896 1508 1099 1566 Ἀσιναίῳ
1134 1511 1272 1551 δοῦσα
1305 1508 1352 1550 ἐν
1385 1516 1475 1558 τοῖς

127 1583 280 1629 σιτίοις
312 1584 499 1636 μεθιστᾷ
530 1582 606 1622 τὸν
639 1580 895 1634 ἄνθρωπον,
928 1580 1057 1634 ἀδεής
1088 1578 1123 1621 τ’
1161 1577 1215 1633 ἦν
1249 1578 1316 1621 ἐπὶ
1348 1585 1472 1633 κριτῇ

127 1658 214 1692 τῶν
245 1649 344 1705 περὶ
376 1650 513 1704 αὐτὴν
545 1649 924 1705 πραχθησομένων
955 1657 1014 1707 τῷ
1049 1650 1205 1704 ἐραστῇ
1238 1649 1473 1706 γενομένω.

216 1721 359 1774 <353>
387 1718 601 1769 Ἀνιλαῖος
632 1717 679 1761 δὲ
711 1720 818 1760 κατὰ
851 1721 988 1774 μόνας
1018 1721 1102 1774 ἤδη
1130 1721 1208 1773 τὴν
1234 1719 1472 1773 ἡγεμονίαν

126 1792 393 1845 παραλαβὼν
431 1790 571 1844 ἐξάγει
611 1790 818 1844 στρατιὰν
857 1789 926 1832 ἐπὶ
965 1791 1040 1839 τὰς
1072 1790 1358 1845 ,Μιθριδάτου
1391 1790 1474 1831 κώ-

73 1877 107 1902 25
127 1878 229 1915 μας,
271 1862 432 1916 ἀνδρὸς
471 1861 644 1915 πρώτου
684 1859 730 1901 ἐν
775 1866 824 1915 τῇ
864 1863 1114 1915 Παρθυηνῇ
1152 1859 1224 1901 καὶ
1262 1859 1474 1914 βασιλέως

121 1930 392 1987 Ἀρταβάνου
430 1932 510 1985 τὴν
546 1928 769 1985 θυγατέρα
807 1933 1119 1985 γεγαμηκότος,
1164 1931 1237 1972 διὰ
1279 1932 1396 1979 λείας
1433 1929 1470 1971 τ’

130 1999 232 2056 ἧγεν
264 2002 408 2052 αὐτάς.
469 2000 540 2043 καὶ
577 2002 717 2043 πολλὰ
754 1998 833 2055 μὲν
871 2002 1069 2056 χρήματα
1106 2000 1178 2042 καὶ
1216 2000 1474 2056 ἀνδράποδα

127 2073 392 2126 εὑρίσκεται,
429 2072 569 2114 πολλὰ
602 2069 650 2113 δὲ
681 2073 898 2126 πρόβατα,
937 2072 1047 2113 ἄλλα
1084 2087 1128 2112 τε
1161 2072 1300 2113 πολλὰ
1333 2072 1473 2113 ὁπόσα

128 2141 198 2184 ἐπὶ
239 2145 484 2197 προσλήψει
534 2147 613 2183 τοῦ
663 2141 924 2196 εὐδαίμονος
974 2142 1137 2196 ὠφελεῖ
1179 2149 1269 2191 τοῖς
1312 2143 1473 2197 ἔχουσι.

1105 2210 1282 2226 .....

128 2283 278 2326 ἀκούει
309 2290 397 2325 τῶν
434 2289 594 2336 κωμῶν
630 2283 710 2336 τὴν
743 2283 928 2336 ἅλωσιν,
968 2282 1014 2324 ἐν
1054 2283 1185 2338 δεινῷ
1225 2281 1375 2336 φέρων
1408 2281 1474 2322 ὅτι
