1732 2526
67 819 100 843 10

68 1171 100 1195 15

67 1525 100 1550 20

68 1876 101 1901 25

67 2227 102 2252 30

738 62 851 95 ΒΙΟΣ
1383 61 1466 103 361

124 167 240 218 ξοις.’
291 168 549 210 ὑπεδείκνυε
577 165 623 209 δὲ
650 170 753 218 τοὺς
778 167 875 222 περὶ
901 167 1127 223 Ἰωνάθην.
1177 170 1318 223 <279>
1345 168 1464 211 ταῦτ’

122 239 301 280 εἰπόντα
344 239 421 281 τὸν
458 237 631 292 Ἰησοῦν
676 236 823 293 ἐπῄνει
868 240 1104 294 παρελθὼν
1145 238 1353 293 Ἰοῦστος,
1397 242 1475 281 καί

122 325 243 359 τινας
275 308 321 351 ἐκ
352 315 430 351 τοῦ
463 310 605 363 δήμου
638 308 912 350 συνέπειθεν.
969 309 1049 351 οὐκ
1076 309 1278 363 ἠρέσκετο
1306 307 1352 351 δὲ
1380 317 1470 360 τοῖς

122 383 317 434 λεχθεῖσι
349 381 396 422 τὸ
428 383 613 433 πλῆθος,
647 381 718 420 καὶ
750 379 922 429 πάντως
953 379 1008 421 ἂν
1036 382 1096 429 εἰς
1122 381 1276 422 στάσιν
1310 380 1468 435 ἐχώρη-

122 461 218 502 σαν,
250 450 290 490 εἰ
319 449 376 504 μὴ
403 449 481 502 τὴν
509 450 703 491 σύνοδον
731 448 933 491 διέλυσεν
960 449 1209 492 ἐπελθοῦσα
1236 450 1333 504 ἕκτη
1362 451 1467 505 ὥρα,

119 518 222 561 καθ’
259 519 314 574 ἣν
345 527 435 570 τοῖς
466 520 682 575 σάββασιν
715 520 1095 575 ἀριστοποιεῖσθαι
1128 523 1317 575 νόμιμόν
1351 520 1468 562 ἐστιν

122 590 235 645 ἡμῖν.
304 589 375 632 καὶ
420 591 466 632 οἶ
504 589 602 646 περὶ
647 592 724 633 τὸν
763 589 980 645 Ἰωνάθην
1024 593 1085 641 εἰς
1131 593 1210 646 τὴν
1257 591 1468 633 ἐπιοῦσαν

120 655 414 716 ὑπερθέμενοι
458 662 537 715 τὴν
582 662 749 716 βουλὴν
801 661 974 717 ἀπῇσαν
1018 663 1240 716 ἄπρακτοι.
1312 662 1467 715 <280>

119 732 257 781 εὐθὺς
290 731 342 773 δέ
369 748 442 787 μοι
474 734 644 774 τούτων
671 731 1039 786 ἀπαγγελθέντων
1066 732 1160 789 πρῲ
1195 731 1381 786 διέγνων
1410 733 1469 781 εἰς

119 803 199 856 τὴν
232 804 466 857 Τιβεριέων
498 806 628 845 πόλιν
661 802 913 857 ἀφικέσθαι.
969 802 1040 844 καὶ
1069 809 1119 858 τῇ
1154 803 1336 858 ἐπιούσῃ
1368 801 1467 857 περὶ

119 874 295 927 πρώτην
328 874 446 928 ὥραν
480 871 587 928 ἧκον
620 874 704 916 άπὸ
737 882 824 916 τῶν
857 877 1117 929 Ταριχαιῶν,
1150 873 1467 927 καταλαμβάνω

120 941 168 985 δὲ
210 947 513 999 συναγόμενον
554 945 636 999 ἤδη
678 946 726 987 τὸ
767 948 938 999 πλῆθος
979 947 1039 994 εἰς
1080 945 1159 998 τὴν
1199 946 1468 999 προσευχήν·

121 1012 187 1069 ἐφ’
226 1015 249 1056 ὅ
281 1031 321 1056 τι
355 1013 394 1056 δ’
434 1012 486 1069 ἧν
519 1015 667 1065 αὐτοῖς
698 1015 724 1069 ἡ
758 1016 968 1069 σύνοδος,
1007 1016 1086 1057 οὐκ
1125 1015 1393 1069 ἐγίγνωσκον
1426 1014 1474 1056 οἱ

121 1087 445 1140 συλλεγόμενοι.
502 1086 647 1140 <231>
681 1087 726 1128 οἶ
755 1084 804 1127 δὲ
835 1085 934 1141 περὶ
964 1087 1040 1127 τὸν
1063 1084 1280 1139 Ἰωνάθην
1307 1084 1468 1138 ἀπροσ-

121 1156 313 1209 δοκήτως
342 1156 616 1210 θεασάμενοί
648 1171 699 1211 με
737 1158 933 1210 παρόντα
967 1156 1338 1211 διεταράχθησαν·
1385 1151 1463 1196 εἶτ’

120 1224 346 1269 ἐπινοοῦσι
379 1227 613 1268 διαδοῦναι
645 1228 779 1280 λόγον
815 1226 881 1268 ὅτι
906 1225 1130 1281 Ῥωμαίων
1165 1226 1306 1275 ἱππεῖς
1339 1224 1385 1266 ἐν
1417 1231 1467 1280 τῇ

119 1299 314 1354 μεθορίῳ
355 1299 504 1352 πόρρω
545 1297 778 1351 τριάκοντα
820 1298 1011 1339 σταδίων
1049 1296 1133 1338 ἀπὸ
1172 1304 1247 1352 τῆς
1283 1298 1465 1349 πόλεως,

119 1368 226 1410 κατὰ
276 1370 412 1410 τόπον
459 1369 698 1421 λεγόμενον
741 1366 998 1422 Ὁμόνοιαν,
1049 1366 1162 1409 εἰσὶν
1213 1366 1465 1422 ἑωραμένοι.

119 1439 263 1493 <232>
296 1437 366 1480 καὶ
399 1436 821 1493 προσαγγελθέντων
859 1439 1028 1480 τούτων
1061 1437 1103 1487 ἐξ
1137 1438 1357 1492 ὑποβολῆς
1387 1454 1467 1480 πα-

120 1509 334 1564 ρεκάλουν
368 1509 414 1551 οἱ
440 1506 539 1562 περὶ
570 1509 648 1549 τὸν
676 1505 891 1562 Ἰωνάθην
923 1509 979 1562 μὴ
1016 1509 1231 1563 περιιδεῖν
1263 1508 1348 1551 ὑπὸ
1380 1517 1469 1551 τῶν

119 1582 340 1634 πολεμίων
382 1578 734 1633 λεηλατουμένην
776 1579 920 1621 αὐτῶν
961 1581 1041 1633 τὴν
1082 1585 1178 1633 γῆν.
1246 1586 1380 1621 ταῦτα
1423 1578 1462 1620 δ’

120 1653 271 1705 ἔλεγον
305 1649 359 1692 δι’
399 1649 572 1699 ἐννοίας
603 1651 774 1704 ἔχοντες
807 1648 880 1705 ἐμὲ
911 1650 1129 1705 προφάσει
1170 1657 1245 1704 τῆς
1275 1665 1467 1692 κατεπει-

120 1722 281 1776 γούσης
307 1723 516 1776 βοηθείας
541 1722 885 1775 μεταστήσαντες
907 1719 1033 1763 αὐτοὶ
1053 1722 1132 1775 τὴν
1151 1723 1280 1762 πόλιν
1302 1720 1468 1775 ἐχθράν

119 1807 194 1846 μοι
226 1791 555 1833 κατασκευάσαι.
613 1792 756 1845 <283>
788 1790 871 1845 ἐγὼ
905 1789 953 1833 δὲ
985 1793 1137 1845 καίπερ
1171 1792 1297 1841 εἰδὼς
1323 1792 1468 1833 αὐτῶν

121 1864 169 1904 τὸ
202 1861 434 1916 ἐνθύμημα
467 1862 583 1916 ὅμως
614 1861 856 1916 ὑπήκουσα,
889 1862 945 1917 μὴ
980 1861 1112 1912 δόξαν
1144 1862 1350 1917 παράσχω
1378 1870 1468 1912 τοῖς

127 1935 402 1987 Τιβεριεῦσιν
446 1932 499 1974 οὐ
542 1933 872 1987 προνοούμενος
913 1932 1057 1974 αὐτῶν
1102 1938 1176 1986 τῆς
1218 1931 1468 1987 ἀσφαλείας.

119 2003 264 2057 <284>
304 2002 492 2057 ἐξῆλθον
531 1999 635 2055 οὖν,
675 2001 747 2044 καὶ
785 2005 1018 2057 γενόμενος
1058 2004 1165 2044 κατὰ
1202 2003 1279 2045 τὸν
1316 2005 1466 2056 τόπον,

121 2074 179 2123 ὡς
209 2071 304 2115 οὐδ’
345 2077 465 2128 ἴχνος
495 2075 716 2127 πολεμίων
754 2070 908 2128 εὗρον,
945 2072 1206 2128 ὑποστρέφω
1245 2075 1468 2123 συντόνως

121 2145 319 2197 ὁδεύσας,
351 2141 423 2184 καὶ
453 2143 770 2197 καταλαμβάνω
802 2145 882 2197 τήν
914 2158 958 2184 τε
990 2144 1159 2198 βουλὴν
1189 2149 1334 2185 πᾶσαν
1367 2155 1466 2184 συν-

121 2218 393 2268 εληλυθυῖαν
425 2211 497 2253 καὶ
529 2213 606 2254 τὸν
638 2213 874 2267 δημοτικὸν
907 2214 1061 2268 ὄχλον,
1100 2213 1392 2268 ποιουμένους
1423 2230 1466 2255 τε

119 2286 288 2339 πολλὴν
328 2284 594 2338 κατηγορίαν
636 2299 721 2337 μου
761 2285 864 2333 τοὺς
902 2282 1000 2339 περὶ
1042 2286 1119 2326 τὸν
1153 2281 1370 2338 Ἰωνάθην
1411 2285 1468 2334 ὡς

1495 1803 1539 1834 55
