<?xml version="1.0" encoding="UTF-8"?>
<!DOCTYPE html PUBLIC "-//W3C//DTD XHTML 1.0 Transitional//EN"
    "http://www.w3.org/TR/xhtml1/DTD/xhtml1-transitional.dtd">
<html xmlns="http://www.w3.org/1999/xhtml" xml:lang="en" lang="en">
 <head>
  <title>
</title>
<meta http-equiv="Content-Type" content="text/html;charset=utf-8" />
  <meta name='ocr-system' content='tesseract 3.04.00' />
  <meta name='ocr-capabilities' content='ocr_page ocr_carea ocr_par ocr_line ocrx_word'/>
</head>
<body>
  <div class='ocr_page' id='page_1' title='image "./flaviiiosephiope04joseuoft_0192.png"; bbox 0 0 1732 2526; ppageno 0'>
   <div class='ocr_carea' id='block_1_1' title="bbox 239 97 1088 142">
    <p class='ocr_par' dir='ltr' id='par_1_1' title="bbox 239 97 1088 142">
     <span class='ocr_line' id='line_1_1' title="bbox 239 97 1088 142; baseline -0.018 1"><span class='ocrx_word' id='word_1_1' title='bbox 239 101 325 142; x_wconf 88' lang='grc'><em>140</em></span> <span class='ocrx_word' id='word_1_2' title='bbox 728 97 1088 132; x_wconf 78' lang='grc' dir='ltr'><strong>ΑΡΧΑΙΟΛΟΓΙΑΣ</strong></span> 
     </span>
    </p>
   </div>
   <div class='ocr_carea' id='block_1_2' title="bbox 193 201 1656 2382">
    <p class='ocr_par' dir='ltr' id='par_1_2' title="bbox 238 201 1601 471">
     <span class='ocr_line' id='line_1_2' title="bbox 238 201 1601 261; baseline -0.004 -11"><span class='ocrx_word' id='word_1_3' title='bbox 238 207 310 250; x_wconf 86' lang='grc' dir='ltr'><em>καὶ</em></span> <span class='ocrx_word' id='word_1_4' title='bbox 344 209 481 251; x_wconf 85' lang='grc' dir='ltr'>ὁπόσα</span> <span class='ocrx_word' id='word_1_5' title='bbox 514 207 539 261; x_wconf 82' lang='grc' dir='ltr'>ἡ</span> <span class='ocrx_word' id='word_1_6' title='bbox 572 212 626 261; x_wconf 85' lang='grc' dir='ltr'><em>γῆ</em></span> <span class='ocrx_word' id='word_1_7' title='bbox 659 205 803 261; x_wconf 80' lang='grc' dir='ltr'><em>φέροι,</em></span> <span class='ocrx_word' id='word_1_8' title='bbox 834 205 998 260; x_wconf 77' lang='grc' dir='ltr'><em>ἄνδρας</em></span> <span class='ocrx_word' id='word_1_9' title='bbox 1029 204 1242 258; x_wconf 83' lang='grc' dir='ltr'><em>ἀγαθούς,</em></span> <span class='ocrx_word' id='word_1_10' title='bbox 1275 203 1404 257; x_wconf 74' lang='grc' dir='ltr'><em>ἱερεῖς</em></span> <span class='ocrx_word' id='word_1_11' title='bbox 1437 201 1478 245; x_wconf 89' lang='grc' dir='ltr'><em>δ’</em></span> <span class='ocrx_word' id='word_1_12' title='bbox 1517 201 1601 245; x_wconf 84' lang='grc' dir='ltr'><em>ἐπὶ.</em></span> 
     </span>
     <span class='ocr_line' id='line_1_3' title="bbox 238 275 1588 333; baseline -0.004 -12"><span class='ocrx_word' id='word_1_13' title='bbox 238 281 412 333; x_wconf 88' lang='grc' dir='ltr'><em>ποιήσει</em></span> <span class='ocrx_word' id='word_1_14' title='bbox 445 280 569 320; x_wconf 81' lang='grc' dir='ltr'><em>σίτου</em></span> <span class='ocrx_word' id='word_1_15' title='bbox 600 293 644 319; x_wconf 86' lang='grc' dir='ltr'><em>τε</em></span> <span class='ocrx_word' id='word_1_16' title='bbox 676 276 748 319; x_wconf 88' lang='grc' dir='ltr'><em>καὶ</em></span> <span class='ocrx_word' id='word_1_17' title='bbox 779 276 1024 332; x_wconf 77' lang='grc' dir='ltr'><em>βρωμάτων</em></span> <span class='ocrx_word' id='word_1_18' title='bbox 1064 275 1423 329; x_wconf 85' lang='grc' dir='ltr'><em>προχειρίζονται.</em></span> <span class='ocrx_word' id='word_1_19' title='bbox 1486 276 1588 324; x_wconf 82' lang='grc' dir='ltr'><em>ζῶσι</em></span> 
     </span>
     <span class='ocr_line' id='line_1_4' title="bbox 240 343 1589 403; baseline -0.005 -11"><span class='ocrx_word' id='word_1_20' title='bbox 240 347 284 392; x_wconf 93' lang='grc' dir='ltr'><em>δ</em></span> <span class='ocrx_word' id='word_1_21' title='bbox 328 347 461 392; x_wconf 74' lang='grc' dir='ltr'><em>οὐδὲν</em></span> <span class='ocrx_word' id='word_1_22' title='bbox 498 346 889 403; x_wconf 78' lang='grc' dir='ltr'><em>παρηλλαγμένως,</em></span> <span class='ocrx_word' id='word_1_23' title='bbox 931 343 1128 388; x_wconf 83' lang='grc' dir='ltr'><em>ἀλλ’ὅτι</em></span> <span class='ocrx_word' id='word_1_24' title='bbox 1170 345 1355 399; x_wconf 88' lang='grc' dir='ltr'><em>μάλιστα</em></span> <span class='ocrx_word' id='word_1_25' title='bbox 1388 344 1589 400; x_wconf 79' lang='grc' dir='ltr'><em>ἐμφερεῖς</em></span> 
     </span>
     <span class='ocr_line' id='line_1_5' title="bbox 240 414 1280 471; baseline -0.006 -8"><span class='ocrx_word' id='word_1_26' title='bbox 240 423 364 471; x_wconf 80' lang='grc' dir='ltr'><em>ὄντες</em></span> <span class='ocrx_word' id='word_1_27' title='bbox 396 423 560 462; x_wconf 83' lang='grc' dir='ltr'><strong><em>Δακῶν</em></strong></span> <span class='ocrx_word' id='word_1_28' title='bbox 589 427 681 469; x_wconf 85' lang='grc' dir='ltr'><em>τοῖς</em></span> <span class='ocrx_word' id='word_1_29' title='bbox 712 421 951 466; x_wconf 88' lang='grc' dir='ltr'><em>Πολισταῖς</em></span> <span class='ocrx_word' id='word_1_30' title='bbox 982 414 1280 470; x_wconf 48' lang='grc' dir='ltr'><em>λεγομένοιςῖζ,</em></span> 
     </span>
    </p>

    <p class='ocr_par' dir='ltr' id='par_1_3' title="bbox 193 486 1654 1676">
     <span class='ocr_line' id='line_1_6' title="bbox 193 486 1642 546; baseline -0.006 -10"><span class='ocrx_word' id='word_1_31' title='bbox 193 505 213 536; x_wconf 84' lang='grc'><strong>6</strong></span> <span class='ocrx_word' id='word_1_32' title='bbox 330 491 445 546; x_wconf 81' lang='grc'>&lt;23&gt;</span> <span class='ocrx_word' id='word_1_33' title='bbox 479 496 529 546; x_wconf 74' lang='grc' dir='ltr'><em>τῇ</em></span> <span class='ocrx_word' id='word_1_34' title='bbox 564 488 612 532; x_wconf 75' lang='grc' dir='ltr'><em>δὲ</em></span> <span class='ocrx_word' id='word_1_35' title='bbox 642 490 823 544; x_wconf 75' lang='grc' dir='ltr'><em>τετάρτῃ</em></span> <span class='ocrx_word' id='word_1_36' title='bbox 860 495 948 530; x_wconf 85' lang='grc' dir='ltr'><em>τῶν</em></span> <span class='ocrx_word' id='word_1_37' title='bbox 981 491 1260 542; x_wconf 86' lang='grc' dir='ltr'><em>φιλοσοφιῶν</em></span> <span class='ocrx_word' id='word_1_38' title='bbox 1299 486 1321 529; x_wconf 87' lang='grc' dir='ltr'>ὁ</span> <span class='ocrx_word' id='word_1_39' title='bbox 1356 488 1590 538; x_wconf 85' lang='grc' dir='ltr'><em>Γαλιλαῖος</em></span> <span class='ocrx_word' id='word_1_40' title='bbox 1625 500 1642 527; x_wconf 83' lang='lat'>5</span> 
     </span>
     <span class='ocr_line' id='line_1_7' title="bbox 237 555 1590 616; baseline -0.004 -11"><span class='ocrx_word' id='word_1_41' title='bbox 237 560 405 613; x_wconf 78' lang='grc' dir='ltr'><em>Ἰούδας</em></span> <span class='ocrx_word' id='word_1_42' title='bbox 435 562 610 616; x_wconf 78' lang='grc' dir='ltr'><em>ἡγεμὼν</em></span> <span class='ocrx_word' id='word_1_43' title='bbox 641 559 836 613; x_wconf 79' lang='grc' dir='ltr'><em>κατέστη,</em></span> <span class='ocrx_word' id='word_1_44' title='bbox 869 556 919 613; x_wconf 75' lang='grc' dir='ltr'><em>ἧς</em></span> <span class='ocrx_word' id='word_1_45' title='bbox 951 559 997 601; x_wconf 74' lang='grc' dir='ltr'><em>οἱ</em></span> <span class='ocrx_word' id='word_1_46' title='bbox 1024 560 1231 613; x_wconf 81' lang='grc' dir='ltr'><em>τρόφιμοι</em></span> <span class='ocrx_word' id='word_1_47' title='bbox 1262 558 1314 599; x_wconf 79' lang='grc' dir='ltr'><em>τὰ</em></span> <span class='ocrx_word' id='word_1_48' title='bbox 1347 555 1428 612; x_wconf 73' lang='grc' dir='ltr'><em>μὲν</em></span> <span class='ocrx_word' id='word_1_49' title='bbox 1460 559 1590 600; x_wconf 80' lang='grc' dir='ltr'><em>λοιπὰ</em></span> 
     </span>
     <span class='ocr_line' id='line_1_8' title="bbox 240 630 1593 688; baseline -0.004 -13"><span class='ocrx_word' id='word_1_50' title='bbox 240 634 383 675; x_wconf 89' lang='grc' dir='ltr'><em>πάντα</em></span> <span class='ocrx_word' id='word_1_51' title='bbox 415 633 567 688; x_wconf 84' lang='grc' dir='ltr'><em>γνώμῃ</em></span> <span class='ocrx_word' id='word_1_52' title='bbox 599 638 687 673; x_wconf 86' lang='grc' dir='ltr'><em>τῶν</em></span> <span class='ocrx_word' id='word_1_53' title='bbox 721 631 978 684; x_wconf 80' lang='grc' dir='ltr'><em>Φαρισαίων</em></span> <span class='ocrx_word' id='word_1_54' title='bbox 1011 630 1298 684; x_wconf 77' lang='grc' dir='ltr'><em>ὁμολογοῦσι,</em></span> <span class='ocrx_word' id='word_1_55' title='bbox 1330 630 1593 683; x_wconf 76' lang='grc' dir='ltr'><em>δυσνίκητος</em></span> 
     </span>
     <span class='ocr_line' id='line_1_9' title="bbox 243 699 1592 756; baseline -0.004 -10"><span class='ocrx_word' id='word_1_56' title='bbox 243 702 291 746; x_wconf 73' lang='grc' dir='ltr'><em>δὲ</em></span> <span class='ocrx_word' id='word_1_57' title='bbox 323 710 402 746; x_wconf 90' lang='grc' dir='ltr'><em>τοῦ</em></span> <span class='ocrx_word' id='word_1_58' title='bbox 436 700 675 756; x_wconf 85' lang='grc' dir='ltr'><em>ἐλευθέρου</em></span> <span class='ocrx_word' id='word_1_59' title='bbox 713 702 821 755; x_wconf 77' lang='grc' dir='ltr'><em>ἔρως</em></span> <span class='ocrx_word' id='word_1_60' title='bbox 859 701 977 742; x_wconf 79' lang='grc' dir='ltr'><em>ἔστιν</em></span> <span class='ocrx_word' id='word_1_61' title='bbox 1015 699 1184 750; x_wconf 86' lang='grc' dir='ltr'><em>αὐτοῖς,</em></span> <span class='ocrx_word' id='word_1_62' title='bbox 1222 700 1361 753; x_wconf 89' lang='grc' dir='ltr'><em>μόνον</em></span> <span class='ocrx_word' id='word_1_63' title='bbox 1398 699 1592 754; x_wconf 81' lang='grc' dir='ltr'><em>ἡγεμόνα</em></span> 
     </span>
     <span class='ocr_line' id='line_1_10' title="bbox 242 769 1593 827; baseline -0.004 -11"><span class='ocrx_word' id='word_1_64' title='bbox 242 773 314 816; x_wconf 81' lang='grc' dir='ltr'><em>καὶ</em></span> <span class='ocrx_word' id='word_1_65' title='bbox 347 775 565 827; x_wconf 79' lang='grc' dir='ltr'><em>δεσπότην</em></span> <span class='ocrx_word' id='word_1_66' title='bbox 596 774 674 814; x_wconf 89' lang='grc' dir='ltr'><em>τὸν</em></span> <span class='ocrx_word' id='word_1_67' title='bbox 706 771 817 812; x_wconf 90' lang='grc' dir='ltr'><em>θεὸν</em></span> <span class='ocrx_word' id='word_1_68' title='bbox 848 770 1129 824; x_wconf 83' lang='grc' dir='ltr'><em>ὑπειληφόσι·</em></span> <span class='ocrx_word' id='word_1_69' title='bbox 1168 770 1378 812; x_wconf 78' lang='grc' dir='ltr'><em>θανάτων</em></span> <span class='ocrx_word' id='word_1_70' title='bbox 1404 769 1439 812; x_wconf 80' lang='grc' dir='ltr'><em>τ’</em></span> <span class='ocrx_word' id='word_1_71' title='bbox 1473 769 1593 820; x_wconf 80' lang='grc' dir='ltr'><em>ἰδέας</em></span> 
     </span>
     <span class='ocr_line' id='line_1_11' title="bbox 243 840 1647 900; baseline -0.004 -13"><span class='ocrx_word' id='word_1_72' title='bbox 243 844 481 900; x_wconf 88' lang='grc' dir='ltr'><em>ὑπομένειν</em></span> <span class='ocrx_word' id='word_1_73' title='bbox 512 840 876 898; x_wconf 84' lang='grc' dir='ltr'><em>παρηλλαγμένας</em></span> <span class='ocrx_word' id='word_1_74' title='bbox 903 840 949 883; x_wconf 91' lang='grc' dir='ltr'><em>ἐν</em></span> <span class='ocrx_word' id='word_1_75' title='bbox 977 841 1110 897; x_wconf 81' lang='grc' dir='ltr'><em>ὀλίγῳ</em></span> <span class='ocrx_word' id='word_1_76' title='bbox 1142 843 1356 894; x_wconf 80' lang='grc' dir='ltr'><em>τίθενται,</em></span> <span class='ocrx_word' id='word_1_77' title='bbox 1387 840 1459 882; x_wconf 82' lang='grc' dir='ltr'><em>καὶ</em></span> <span class='ocrx_word' id='word_1_78' title='bbox 1488 853 1593 896; x_wconf 89' lang='grc' dir='ltr'><em>συγ-</em></span> <span class='ocrx_word' id='word_1_79' title='bbox 1615 854 1647 879; x_wconf 83' lang='grc' dir='ltr'><em>ιο</em></span> 
     </span>
     <span class='ocr_line' id='line_1_12' title="bbox 243 909 1594 970; baseline -0.004 -12"><span class='ocrx_word' id='word_1_80' title='bbox 243 922 386 970; x_wconf 84' lang='grc' dir='ltr'><em>γενῶν</em></span> <span class='ocrx_word' id='word_1_81' title='bbox 418 916 627 970; x_wconf 86' lang='grc' dir='ltr'><em>τιμωρίας</em></span> <span class='ocrx_word' id='word_1_82' title='bbox 658 912 730 954; x_wconf 88' lang='grc' dir='ltr'><em>καὶ</em></span> <span class='ocrx_word' id='word_1_83' title='bbox 762 914 928 967; x_wconf 87' lang='grc' dir='ltr'><em>φίλων,</em></span> <span class='ocrx_word' id='word_1_84' title='bbox 965 909 1075 965; x_wconf 74' lang='grc' dir='ltr'><em>ὑπὲρ</em></span> <span class='ocrx_word' id='word_1_85' title='bbox 1112 917 1191 953; x_wconf 90' lang='grc' dir='ltr'><em>τοῦ</em></span> <span class='ocrx_word' id='word_1_86' title='bbox 1229 909 1381 965; x_wconf 85' lang='grc' dir='ltr'><em>μηδέν’</em></span> <span class='ocrx_word' id='word_1_87' title='bbox 1419 912 1594 968; x_wconf 75' lang='grc' dir='ltr'><em>ἄνθρω-</em></span> 
     </span>
     <span class='ocr_line' id='line_1_13' title="bbox 243 980 1596 1040; baseline -0.004 -11"><span class='ocrx_word' id='word_1_88' title='bbox 243 1002 329 1029; x_wconf 89' lang='grc' dir='ltr'><em>πον</em></span> <span class='ocrx_word' id='word_1_89' title='bbox 361 985 707 1040; x_wconf 83' lang='grc' dir='ltr'><em>προσαγορεύειν</em></span> <span class='ocrx_word' id='word_1_90' title='bbox 746 984 973 1037; x_wconf 89' lang='grc' dir='ltr'><em>δεσπότην.</em></span> <span class='ocrx_word' id='word_1_91' title='bbox 1036 982 1151 1036; x_wconf 78' lang='lat'>&lt;24&gt;</span> <span class='ocrx_word' id='word_1_92' title='bbox 1189 980 1391 1037; x_wconf 79' lang='grc' dir='ltr'><em>ἑορακόσι</em></span> <span class='ocrx_word' id='word_1_93' title='bbox 1424 980 1472 1024; x_wconf 73' lang='grc' dir='ltr'><em>δὲ</em></span> <span class='ocrx_word' id='word_1_94' title='bbox 1504 989 1596 1033; x_wconf 91' lang='grc' dir='ltr'><em>τοῖς</em></span> 
     </span>
     <span class='ocr_line' id='line_1_14' title="bbox 243 1051 1596 1109; baseline -0.002 -10"><span class='ocrx_word' id='word_1_95' title='bbox 243 1060 423 1106; x_wconf 76' lang='grc' dir='ltr'><em>πολλοῖς</em></span> <span class='ocrx_word' id='word_1_96' title='bbox 453 1058 501 1098; x_wconf 92' lang='grc' dir='ltr'><em>τὸ</em></span> <span class='ocrx_word' id='word_1_97' title='bbox 534 1055 856 1109; x_wconf 80' lang='grc' dir='ltr'><em>ἀμετάλλακτον</em></span> <span class='ocrx_word' id='word_1_98' title='bbox 882 1053 1028 1094; x_wconf 86' lang='grc' dir='ltr'><em>αὐτῶν</em></span> <span class='ocrx_word' id='word_1_99' title='bbox 1053 1058 1129 1107; x_wconf 81' lang='grc' dir='ltr'><em>τῆς</em></span> <span class='ocrx_word' id='word_1_100' title='bbox 1155 1051 1223 1094; x_wconf 82' lang='grc' dir='ltr'><em>ἐπὶ</em></span> <span class='ocrx_word' id='word_1_101' title='bbox 1249 1053 1464 1102; x_wconf 87' lang='grc' dir='ltr'><em>τοιούτοις</em></span> <span class='ocrx_word' id='word_1_102' title='bbox 1489 1053 1596 1096; x_wconf 87' lang='grc' dir='ltr'><em>ὑπο-</em></span> 
     </span>
     <span class='ocr_line' id='line_1_15' title="bbox 246 1122 1596 1181; baseline -0.003 -11"><span class='ocrx_word' id='word_1_103' title='bbox 246 1128 436 1177; x_wconf 89' lang='grc' dir='ltr'><em>στάσεως</em></span> <span class='ocrx_word' id='word_1_104' title='bbox 479 1125 720 1181; x_wconf 82' lang='grc' dir='ltr'><em>περαιτέρω</em></span> <span class='ocrx_word' id='word_1_105' title='bbox 766 1125 962 1166; x_wconf 87' lang='grc' dir='ltr'><em>διελθεῖν</em></span> <span class='ocrx_word' id='word_1_106' title='bbox 1005 1122 1263 1178; x_wconf 85' lang='grc' dir='ltr'><em>παρέλιπον·</em></span> <span class='ocrx_word' id='word_1_107' title='bbox 1309 1124 1362 1165; x_wconf 86' lang='grc' dir='ltr'><em>οὐ</em></span> <span class='ocrx_word' id='word_1_108' title='bbox 1403 1125 1485 1179; x_wconf 79' lang='grc' dir='ltr'><em>γὰρ</em></span> <span class='ocrx_word' id='word_1_109' title='bbox 1528 1123 1596 1166; x_wconf 80' lang='grc' dir='ltr'><em>δέ·</em></span> 
     </span>
     <span class='ocr_line' id='line_1_16' title="bbox 247 1194 1651 1251; baseline -0.005 -11"><span class='ocrx_word' id='word_1_110' title='bbox 247 1199 374 1240; x_wconf 92' lang='grc' dir='ltr'><em>δοικα</em></span> <span class='ocrx_word' id='word_1_111' title='bbox 415 1197 473 1251; x_wconf 86' lang='grc' dir='ltr'><em>μὴ</em></span> <span class='ocrx_word' id='word_1_112' title='bbox 515 1198 577 1246; x_wconf 83' lang='grc' dir='ltr'><em>εἰς</em></span> <span class='ocrx_word' id='word_1_113' title='bbox 619 1195 822 1237; x_wconf 77' lang='grc' dir='ltr'><em>ἀπιστίαν</em></span> <span class='ocrx_word' id='word_1_114' title='bbox 865 1195 1103 1249; x_wconf 73' lang='grc' dir='ltr'><em>ὑποληφθῇ</em></span> <span class='ocrx_word' id='word_1_115' title='bbox 1144 1210 1185 1235; x_wconf 92' lang='grc' dir='ltr'><em>τι</em></span> <span class='ocrx_word' id='word_1_116' title='bbox 1222 1201 1309 1236; x_wconf 86' lang='grc' dir='ltr'><em>τῶν</em></span> <span class='ocrx_word' id='word_1_117' title='bbox 1347 1194 1597 1249; x_wconf 88' lang='grc' dir='ltr'><em>λεγομένων</em></span> <span class='ocrx_word' id='word_1_118' title='bbox 1619 1208 1651 1233; x_wconf 84' lang='lat'><em>15</em></span> 
     </span>
     <span class='ocr_line' id='line_1_17' title="bbox 248 1263 1597 1321; baseline -0.003 -10"><span class='ocrx_word' id='word_1_119' title='bbox 248 1268 315 1311; x_wconf 79' lang='grc' dir='ltr'><em>ἐπ’</em></span> <span class='ocrx_word' id='word_1_120' title='bbox 354 1269 522 1321; x_wconf 85' lang='grc' dir='ltr'><em>αὐτοῖς,</em></span> <span class='ocrx_word' id='word_1_121' title='bbox 564 1267 825 1309; x_wconf 87' lang='grc' dir='ltr'><em>τούναντίον</em></span> <span class='ocrx_word' id='word_1_122' title='bbox 865 1263 913 1307; x_wconf 79' lang='grc' dir='ltr'><em>δὲ</em></span> <span class='ocrx_word' id='word_1_123' title='bbox 946 1267 1003 1320; x_wconf 85' lang='grc' dir='ltr'><em>μὴ</em></span> <span class='ocrx_word' id='word_1_124' title='bbox 1038 1265 1276 1315; x_wconf 83' lang='grc' dir='ltr'><em>ἐλαττόνως</em></span> <span class='ocrx_word' id='word_1_125' title='bbox 1306 1272 1386 1308; x_wconf 84' lang='grc' dir='ltr'><em>τοῦ</em></span> <span class='ocrx_word' id='word_1_126' title='bbox 1419 1264 1597 1307; x_wconf 81' lang='grc' dir='ltr'><em>ἐκείνων</em></span> 
     </span>
     <span class='ocr_line' id='line_1_18' title="bbox 247 1335 1600 1393; baseline -0.003 -12"><span class='ocrx_word' id='word_1_127' title='bbox 247 1340 641 1393; x_wconf 81' lang='grc' dir='ltr'><em>καταφρονήματος</em></span> <span class='ocrx_word' id='word_1_128' title='bbox 678 1335 886 1392; x_wconf 88' lang='grc' dir='ltr'><em>δέχεσθαι</em></span> <span class='ocrx_word' id='word_1_129' title='bbox 917 1337 997 1391; x_wconf 85' lang='grc' dir='ltr'><em>τὴν</em></span> <span class='ocrx_word' id='word_1_130' title='bbox 1031 1338 1330 1391; x_wconf 91' lang='grc' dir='ltr'><em>ταλαιπωρίαν</em></span> <span class='ocrx_word' id='word_1_131' title='bbox 1362 1342 1438 1390; x_wconf 80' lang='grc' dir='ltr'><em>τῆς</em></span> <span class='ocrx_word' id='word_1_132' title='bbox 1469 1335 1600 1391; x_wconf 87' lang='grc' dir='ltr'><em>ἀλγη-</em></span> 
     </span>
     <span class='ocr_line' id='line_1_19' title="bbox 248 1406 1601 1464; baseline -0.004 -11"><span class='ocrx_word' id='word_1_133' title='bbox 248 1412 395 1464; x_wconf 88' lang='grc' dir='ltr'><em>δόνος,</em></span> <span class='ocrx_word' id='word_1_134' title='bbox 428 1410 450 1452; x_wconf 88' lang='grc' dir='ltr'>ὁ</span> <span class='ocrx_word' id='word_1_135' title='bbox 483 1411 613 1462; x_wconf 88' lang='grc' dir='ltr'><em>λόγος</em></span> <span class='ocrx_word' id='word_1_136' title='bbox 640 1407 871 1462; x_wconf 81' lang='grc' dir='ltr'><em>ἀφηγῆται.</em></span> <span class='ocrx_word' id='word_1_137' title='bbox 929 1407 1044 1461; x_wconf 75' lang='lat'>&lt;25&gt;</span> <span class='ocrx_word' id='word_1_138' title='bbox 1076 1406 1205 1463; x_wconf 77' lang='grc' dir='ltr'><em>ἀνοίᾳ</em></span> <span class='ocrx_word' id='word_1_139' title='bbox 1237 1423 1280 1448; x_wconf 94' lang='grc' dir='ltr'><em>τε</em></span> <span class='ocrx_word' id='word_1_140' title='bbox 1307 1412 1357 1462; x_wconf 78' lang='grc' dir='ltr'><em>τῇ</em></span> <span class='ocrx_word' id='word_1_141' title='bbox 1391 1406 1601 1449; x_wconf 88' lang='grc' dir='ltr'><em>ἐντεῦθεν</em></span> 
     </span>
     <span class='ocr_line' id='line_1_20' title="bbox 247 1477 1601 1536; baseline -0.002 -14"><span class='ocrx_word' id='word_1_142' title='bbox 247 1481 407 1536; x_wconf 79' lang='grc' dir='ltr'><em>ἤρξατο</em></span> <span class='ocrx_word' id='word_1_143' title='bbox 440 1487 590 1522; x_wconf 77' lang='grc' dir='ltr'><em>νοσεῖν</em></span> <span class='ocrx_word' id='word_1_144' title='bbox 622 1481 671 1521; x_wconf 90' lang='grc' dir='ltr'><em>τὸ</em></span> <span class='ocrx_word' id='word_1_145' title='bbox 705 1480 837 1528; x_wconf 84' lang='grc' dir='ltr'><em>ἔθνος</em></span> <span class='ocrx_word' id='word_1_146' title='bbox 869 1480 1058 1520; x_wconf 88' lang='grc' dir='ltr'><em>Γεσσίου</em></span> <span class='ocrx_word' id='word_1_147' title='bbox 1095 1479 1302 1531; x_wconf 86' lang='grc' dir='ltr'><em>Φλώρου,</em></span> <span class='ocrx_word' id='word_1_148' title='bbox 1342 1477 1389 1527; x_wconf 85' lang='grc' dir='ltr'><em>ὃς</em></span> <span class='ocrx_word' id='word_1_149' title='bbox 1424 1477 1601 1533; x_wconf 78' lang='grc' dir='ltr'><em>ἡγεμὼν</em></span> 
     </span>
     <span class='ocr_line' id='line_1_21' title="bbox 248 1548 1654 1606; baseline -0.005 -12"><span class='ocrx_word' id='word_1_150' title='bbox 248 1549 325 1606; x_wconf 76' lang='grc' dir='ltr'><em>ἦν,</em></span> <span class='ocrx_word' id='word_1_151' title='bbox 374 1557 425 1605; x_wconf 77' lang='grc' dir='ltr'><em>τῇ</em></span> <span class='ocrx_word' id='word_1_152' title='bbox 477 1550 653 1606; x_wconf 80' lang='grc' dir='ltr'><em>ἐξουσία</em></span> <span class='ocrx_word' id='word_1_153' title='bbox 702 1557 781 1592; x_wconf 85' lang='grc' dir='ltr'><em>τοῦ</em></span> <span class='ocrx_word' id='word_1_154' title='bbox 825 1549 1020 1605; x_wconf 80' lang='grc' dir='ltr'><em>ὑβρίζειν</em></span> <span class='ocrx_word' id='word_1_155' title='bbox 1065 1548 1396 1603; x_wconf 79' lang='grc' dir='ltr'><em>ἀπονοήσαντος</em></span> <span class='ocrx_word' id='word_1_156' title='bbox 1439 1548 1602 1599; x_wconf 86' lang='grc' dir='ltr'><em>αὐτοὺς</em></span> <span class='ocrx_word' id='word_1_157' title='bbox 1621 1562 1654 1587; x_wconf 81' lang='lat'><em>20</em></span> 
     </span>
     <span class='ocr_line' id='line_1_22' title="bbox 248 1619 802 1676; baseline -0.007 -11"><span class='ocrx_word' id='word_1_158' title='bbox 248 1622 494 1676; x_wconf 80' lang='grc' dir='ltr'><em>ἀποστῆναι</em></span> <span class='ocrx_word' id='word_1_159' title='bbox 519 1619 802 1676; x_wconf 62' lang='grc' dir='ltr'><em>Ῥωμαι’ων.]γ’</em></span> 
     </span>
    </p>

    <p class='ocr_par' dir='ltr' id='par_1_4' title="bbox 200 1688 1656 2313">
     <span class='ocr_line' id='line_1_23' title="bbox 200 1688 1602 1747; baseline -0.003 -11"><span class='ocrx_word' id='word_1_160' title='bbox 200 1695 227 1735; x_wconf 75' lang='lat'>2</span> <span class='ocrx_word' id='word_1_161' title='bbox 341 1693 457 1747; x_wconf 76' lang='grc'>&lt;26&gt;</span> <span class='ocrx_word' id='word_1_162' title='bbox 488 1691 560 1733; x_wconf 84' lang='grc' dir='ltr'><em>καὶ</em></span> <span class='ocrx_word' id='word_1_163' title='bbox 586 1695 894 1746; x_wconf 82' lang='grc' dir='ltr'><em>φιλοσοφεῖται</em></span> <span class='ocrx_word' id='word_1_164' title='bbox 926 1688 1007 1745; x_wconf 76' lang='grc' dir='ltr'><em>μὲν</em></span> <span class='ocrx_word' id='word_1_165' title='bbox 1034 1689 1267 1740; x_wconf 87' lang='grc' dir='ltr'><em>Ἰουδαίοις</em></span> <span class='ocrx_word' id='word_1_166' title='bbox 1291 1690 1468 1732; x_wconf 86' lang='grc' dir='ltr'><em>τοσάδε·</em></span> <span class='ocrx_word' id='word_1_167' title='bbox 1510 1693 1602 1732; x_wconf 88' lang='grc' dir='ltr'><em>Κυ-</em></span> 
     </span>
     <span class='ocr_line' id='line_1_24' title="bbox 250 1759 1602 1818; baseline -0.003 -12"><span class='ocrx_word' id='word_1_168' title='bbox 250 1766 391 1818; x_wconf 90' lang='grc' dir='ltr'><em>ρίνιος</em></span> <span class='ocrx_word' id='word_1_169' title='bbox 424 1761 472 1805; x_wconf 74' lang='grc' dir='ltr'><em>δὲ</em></span> <span class='ocrx_word' id='word_1_170' title='bbox 504 1763 555 1804; x_wconf 74' lang='grc' dir='ltr'><em>τὰ</em></span> <span class='ocrx_word' id='word_1_171' title='bbox 582 1761 818 1817; x_wconf 78' lang='grc' dir='ltr'><em>Ἀρχελάου</em></span> <span class='ocrx_word' id='word_1_172' title='bbox 851 1763 1047 1817; x_wconf 88' lang='grc' dir='ltr'><em>χρήματα</em></span> <span class='ocrx_word' id='word_1_173' title='bbox 1080 1761 1375 1816; x_wconf 84' lang='grc' dir='ltr'><em>ἀποδόμενος,</em></span> <span class='ocrx_word' id='word_1_174' title='bbox 1411 1762 1496 1816; x_wconf 74' lang='grc' dir='ltr'><em>ἤδη</em></span> <span class='ocrx_word' id='word_1_175' title='bbox 1528 1759 1602 1803; x_wconf 83' lang='grc' dir='ltr'><em>καὶ</em></span> 
     </span>
     <span class='ocr_line' id='line_1_25' title="bbox 249 1831 1601 1888; baseline -0.002 -12"><span class='ocrx_word' id='word_1_176' title='bbox 249 1842 337 1876; x_wconf 88' lang='grc' dir='ltr'><em>τῶν</em></span> <span class='ocrx_word' id='word_1_177' title='bbox 358 1833 663 1888; x_wconf 86' lang='grc' dir='ltr'><em>ἀποτιμήσεων</em></span> <span class='ocrx_word' id='word_1_178' title='bbox 683 1831 816 1887; x_wconf 87' lang='grc' dir='ltr'><em>πέρας</em></span> <span class='ocrx_word' id='word_1_179' title='bbox 837 1832 1047 1888; x_wconf 85' lang='grc' dir='ltr'><em>ἐχουσῶν,</em></span> <span class='ocrx_word' id='word_1_180' title='bbox 1071 1834 1119 1874; x_wconf 85' lang='grc' dir='ltr'><em>αἳ</em></span> <span class='ocrx_word' id='word_1_181' title='bbox 1136 1831 1340 1886; x_wconf 87' lang='grc' dir='ltr'><em>ἐγένοντο</em></span> <span class='ocrx_word' id='word_1_182' title='bbox 1360 1838 1601 1888; x_wconf 74' lang='grc' dir='ltr'><em>τριακοστῷ</em></span> 
     </span>
     <span class='ocr_line' id='line_1_26' title="bbox 249 1898 1655 1961; baseline -0.004 -15"><span class='ocrx_word' id='word_1_183' title='bbox 249 1904 323 1947; x_wconf 85' lang='grc' dir='ltr'><em>καὶ</em></span> <span class='ocrx_word' id='word_1_184' title='bbox 359 1902 532 1961; x_wconf 78' lang='grc' dir='ltr'><em>ἑβδόμῳ</em></span> <span class='ocrx_word' id='word_1_185' title='bbox 569 1905 652 1945; x_wconf 82' lang='grc' dir='ltr'><em>ἔτει</em></span> <span class='ocrx_word' id='word_1_186' title='bbox 687 1904 793 1958; x_wconf 81' lang='grc' dir='ltr'><em>μετὰ</em></span> <span class='ocrx_word' id='word_1_187' title='bbox 827 1903 907 1956; x_wconf 88' lang='grc' dir='ltr'><em>τὴν</em></span> <span class='ocrx_word' id='word_1_188' title='bbox 928 1901 1168 1944; x_wconf 88' lang='grc' dir='ltr'><em>Ἀντωνίου</em></span> <span class='ocrx_word' id='word_1_189' title='bbox 1205 1901 1251 1945; x_wconf 88' lang='grc' dir='ltr'><em>ἐν</em></span> <span class='ocrx_word' id='word_1_190' title='bbox 1281 1900 1433 1960; x_wconf 83' lang='grc' dir='ltr'><em>Ἀκτίῳ</em></span> <span class='ocrx_word' id='word_1_191' title='bbox 1468 1898 1601 1956; x_wconf 81' lang='grc' dir='ltr'><em>ἧτταν</em></span> <span class='ocrx_word' id='word_1_192' title='bbox 1622 1915 1655 1941; x_wconf 79' lang='lat'><em>25</em></span> 
     </span>
     <span class='ocr_line' id='line_1_27' title="bbox 249 1970 1604 2028; baseline -0.002 -11"><span class='ocrx_word' id='word_1_193' title='bbox 249 1975 336 2018; x_wconf 88' lang='grc' dir='ltr'><em>ὑπὸ</em></span> <span class='ocrx_word' id='word_1_194' title='bbox 351 1976 590 2027; x_wconf 88' lang='grc' dir='ltr'><em>Καίσαρος,</em></span> <span class='ocrx_word' id='word_1_195' title='bbox 599 1973 831 2028; x_wconf 82' lang='grc' dir='ltr'><em>Ἰωάζαρον</em></span> <span class='ocrx_word' id='word_1_196' title='bbox 851 1974 928 2015; x_wconf 89' lang='grc' dir='ltr'><em>τὸν</em></span> <span class='ocrx_word' id='word_1_197' title='bbox 949 1971 1150 2028; x_wconf 85' lang='grc' dir='ltr'><em>ἀρχιερέα</em></span> <span class='ocrx_word' id='word_1_198' title='bbox 1170 1970 1604 2015; x_wconf 85' lang='grc' dir='ltr'><em>καταστασιασθέντα</em></span> 
     </span>
     <span class='ocr_line' id='line_1_28' title="bbox 251 2042 1603 2099; baseline -0.003 -11"><span class='ocrx_word' id='word_1_199' title='bbox 251 2046 337 2088; x_wconf 86' lang='grc' dir='ltr'><em>ὑπὸ</em></span> <span class='ocrx_word' id='word_1_200' title='bbox 380 2051 456 2099; x_wconf 79' lang='grc' dir='ltr'><em>τῆς</em></span> <span class='ocrx_word' id='word_1_201' title='bbox 498 2045 701 2099; x_wconf 86' lang='grc' dir='ltr'><em>πληθύος</em></span> <span class='ocrx_word' id='word_1_202' title='bbox 745 2043 1020 2098; x_wconf 87' lang='grc' dir='ltr'><em>ἀφελόμενος</em></span> <span class='ocrx_word' id='word_1_203' title='bbox 1056 2044 1105 2085; x_wconf 90' lang='grc' dir='ltr'><em>τὸ</em></span> <span class='ocrx_word' id='word_1_204' title='bbox 1144 2042 1311 2097; x_wconf 83' lang='grc' dir='ltr'><em>ἀξίωμα</em></span> <span class='ocrx_word' id='word_1_205' title='bbox 1349 2049 1423 2097; x_wconf 83' lang='grc' dir='ltr'><em>τῆς</em></span> <span class='ocrx_word' id='word_1_206' title='bbox 1463 2049 1603 2098; x_wconf 81' lang='grc' dir='ltr'><em>τιμῆς,</em></span> 
     </span>
     <span class='ocr_line' id='line_1_29' title="bbox 238 2111 1604 2171; baseline -0.001 -13"><span class='ocrx_word' id='word_1_207' title='bbox 238 2115 434 2158; x_wconf 74' lang='grc' dir='ltr'><em>’Ἀνανον</em></span> <span class='ocrx_word' id='word_1_208' title='bbox 465 2117 542 2157; x_wconf 91' lang='grc' dir='ltr'><em>τὸν</em></span> <span class='ocrx_word' id='word_1_209' title='bbox 569 2112 668 2156; x_wconf 75' lang='grc' dir='ltr'><em>Σὲθ</em></span> <span class='ocrx_word' id='word_1_210' title='bbox 698 2119 888 2171; x_wconf 79' lang='grc' dir='ltr'><em>καθιστᾷ</em></span> <span class='ocrx_word' id='word_1_211' title='bbox 921 2112 1133 2169; x_wconf 85' lang='grc' dir='ltr'><em>ἀρχιερέα.</em></span> <span class='ocrx_word' id='word_1_212' title='bbox 1185 2113 1300 2168; x_wconf 76' lang='grc'>&lt;27&gt;</span> <span class='ocrx_word' id='word_1_213' title='bbox 1325 2111 1529 2169; x_wconf 65' lang='grc' dir='ltr'><em>“Ηρώδης</em></span> <span class='ocrx_word' id='word_1_214' title='bbox 1554 2112 1604 2156; x_wconf 77' lang='grc' dir='ltr'><em>δὲ</em></span> 
     </span>
     <span class='ocr_line' id='line_1_30' title="bbox 250 2182 1603 2241; baseline -0.001 -13"><span class='ocrx_word' id='word_1_215' title='bbox 250 2185 323 2228; x_wconf 82' lang='grc' dir='ltr'><em>καὶ</em></span> <span class='ocrx_word' id='word_1_216' title='bbox 358 2189 575 2235; x_wconf 86' lang='grc' dir='ltr'><em>Φίλιππος</em></span> <span class='ocrx_word' id='word_1_217' title='bbox 607 2188 865 2241; x_wconf 86' lang='grc' dir='ltr'><em>τετραρχίαν</em></span> <span class='ocrx_word' id='word_1_218' title='bbox 904 2183 1104 2239; x_wconf 79' lang='grc' dir='ltr'><em>ἑκάτερος</em></span> <span class='ocrx_word' id='word_1_219' title='bbox 1141 2185 1220 2239; x_wconf 87' lang='grc' dir='ltr'><em>τὴν</em></span> <span class='ocrx_word' id='word_1_220' title='bbox 1263 2182 1422 2226; x_wconf 79' lang='grc' dir='ltr'><em>ἑαυτοῦ</em></span> <span class='ocrx_word' id='word_1_221' title='bbox 1453 2199 1603 2240; x_wconf 90' lang='grc' dir='ltr'><em>παρει-</em></span> 
     </span>
     <span class='ocr_line' id='line_1_31' title="bbox 251 2254 1656 2313; baseline -0.003 -13"><span class='ocrx_word' id='word_1_222' title='bbox 251 2259 438 2313; x_wconf 89' lang='grc' dir='ltr'><em>ληφότες</em></span> <span class='ocrx_word' id='word_1_223' title='bbox 468 2259 749 2298; x_wconf 88' lang='grc' dir='ltr'><em>καθίσταντο.</em></span> <span class='ocrx_word' id='word_1_224' title='bbox 800 2254 872 2297; x_wconf 84' lang='grc' dir='ltr'><em>καὶ</em></span> <span class='ocrx_word' id='word_1_225' title='bbox 897 2254 1100 2311; x_wconf 66' lang='grc' dir='ltr'><em>“Ηρώδης</em></span> <span class='ocrx_word' id='word_1_226' title='bbox 1125 2254 1368 2310; x_wconf 88' lang='grc' dir='ltr'><em>Σέπφωριν</em></span> <span class='ocrx_word' id='word_1_227' title='bbox 1399 2256 1602 2310; x_wconf 89' lang='grc' dir='ltr'><em>τειχίσας,</em></span> <span class='ocrx_word' id='word_1_228' title='bbox 1622 2267 1656 2292; x_wconf 81' lang='lat'><em>30</em></span> 
     </span>
    </p>

    <p class='ocr_par' dir='ltr' id='par_1_5' title="bbox 346 2337 909 2382">
     <span class='ocr_line' id='line_1_32' title="bbox 346 2337 909 2382; baseline 0 -9"><span class='ocrx_word' id='word_1_229' title='bbox 346 2343 365 2382; x_wconf 67' lang='grc' dir='ltr'><em>ξ)</em></span> <span class='ocrx_word' id='word_1_230' title='bbox 392 2342 436 2373; x_wconf 76' lang='grc'><em>26</em></span> <span class='ocrx_word' id='word_1_231' title='bbox 463 2337 508 2373; x_wconf 84' lang='lat' dir='ltr'><em>cf.</em></span> <span class='ocrx_word' id='word_1_232' title='bbox 535 2337 626 2372; x_wconf 79' lang='lat' dir='ltr'><strong>Bell.</strong></span> <span class='ocrx_word' id='word_1_233' title='bbox 652 2337 731 2372; x_wconf 81' lang='lat' dir='ltr'>Iud.</span> <span class='ocrx_word' id='word_1_234' title='bbox 758 2337 790 2370; x_wconf 82' lang='grc' dir='ltr'><em>ΙΙ</em></span> <span class='ocrx_word' id='word_1_235' title='bbox 818 2340 849 2381; x_wconf 82' lang='lat'><em>9,</em></span> <span class='ocrx_word' id='word_1_236' title='bbox 878 2340 909 2374; x_wconf 90' lang='lat'><em>1.</em></span> 
     </span>
    </p>
   </div>
  </div>
 </body>
</html>
