1732 2526
57 811 90 835 10

35 1162 90 1188 ,15

58 1516 92 1541 20

61 1867 94 1893 25

572 58 1009 91 ENNEAKAIAEKATH
1369 57 1453 98 235

112 171 255 218 μεῖναι
288 166 367 219 τὴν
399 165 550 206 ἄδειαν
583 164 731 218 αὐτῆς·
773 163 966 217 ἀρκοῦσα
1000 163 1038 206 δ’
1083 164 1137 206 ἂν
1179 164 1350 218 γένοιτο
1383 164 1451 206 καὶ

112 235 190 288 ἥδε
222 235 248 289 ἡ
282 234 418 289 ἡμέρα
448 241 539 283 τοῖς
571 249 614 275 τε
641 233 870 288 νεωτέροις
899 235 1018 288 ἡμῶν
1050 233 1122 275 καὶ
1149 235 1245 276 ὅσοι
1271 235 1454 289 γεγηρά-

110 321 246 360 καμεν
291 306 399 347 αι’ὼν
437 305 716 358 ὑπείληπται,
754 312 844 353 τοῖς
881 303 1213 359 πρεσβυτέροις,
1253 304 1328 346 ἐὰν
1365 313 1454 346 τῶν

111 375 294 429 ἀγαθῶν
327 376 459 429 αὐτῆς
491 373 539 416 ἐν
572 374 718 430 ὁμιλία
750 377 980 428 γεγονότες
1009 383 1280 428 μετασταῖεν,
1312 375 1455 428 <171>

111 454 201 495 τοῖς
233 444 281 488 δὲ
313 444 541 499 νεωτέροις
572 446 791 498 παίδευμα
823 445 976 499 ἀρετῆς
1001 445 1326 498 καταστησάσης
1351 445 1455 498 ἀγα-

109 518 196 558 θὸν
223 515 408 568 ἀνδράσι
429 513 570 557 τοῖσδ’
601 513 677 569 ἀφ’
711 512 772 556 ὧν
800 517 1053 569 γεγόναμεν.
1097 521 1182 556 νῦν
1209 511 1248 556 δ’
1272 516 1354 568 ἤδη
1383 514 1454 555 καὶ

108 586 214 640 ἡμῖν
247 587 319 627 διὰ
350 586 429 639 τὴν
455 586 552 641 ἄρτι
579 587 698 640 ὥραν
726 584 858 627 οὐδὲν
884 588 1250 640 προυργιαίτερον
1284 590 1348 640 εἴη
1376 592 1454 627 τοῦ

111 658 186 710 ζῆν
224 654 522 711 μετ’·ἀρετῆς,
561 657 587 710 ἢ
627 658 738 710 μόνη
772 656 1043 711 ἐκφροντίζει
1085 655 1373 712 τάνθρωπείῳ
1406 658 1453 697 τὸ

110 726 361 781 ἐλεύθερον.
412 727 557 781 (HQ)
585 727 667 780 ἐγὼ
696 728 777 782 γὰρ
804 728 855 768 τὰ
881 728 1044 768 παλαιὰ
1071 724 1170 768 οἶδα
1190 726 1297 781 ἀκοῇ
1318 741 1455 781 παρα-

110 797 272 852 λαβών,
305 791 370 846 οἷς
403 796 444 838 δ’
483 799 581 847 ὄψει
608 798 818 851 ὁμιλήσας
844 796 1049 853 [ᾐσθόμην
1077 798 1183 839 οἵων
1209 805 1354 838 κακῶν
1380 798 1455 845 τὰς

109 870 328 917 πολιτείας
359 867 687 922 ἀναπιμπλᾶσιν
720 869 767 909 αἱ
789 870 1064 921 τυραννίδες,
1091 869 1339 909 κωλύουσαι
1374 865 1455 922 μὲν

108 944 254 980 πᾶσαν
285 937 443 992 ἀρετὴν
475 937 547 979 καὶ
578 945 656 980 τοῦ
689 941 1021 993 μεγαλόφρονος
1054 938 1374 992 ἀφαιρούμεναι
1406 939 1454 979 τὸ

110 1008 363 1063 ἐλεύθερον,
395 1011 624 1058 κολακείας
656 1007 705 1050 δὲ
741 1008 811 1050 καὶ
852 1010 996 1063 φόβου
1039 1008 1296 1049 διδάσκαλοι
1328 1012 1455 1049 καθι·

110 1080 319 1133 στάμεναι
358 1079 430 1120 διὰ
468 1080 516 1121 τὸ
554 1080 612 1133 μὴ
653 1078 721 1120 ἐπὶ
754 1082 890 1135 σοφίᾳ
926 1087 1015 1121 τῶν
1054 1081 1203 1134 νόμων
1245 1077 1337 1120 ἀλλ’
1386 1077 1455 1120 ε’πὶ

110 1156 160 1205 τῇ
193 1150 301 1204 ὀργῇ
342 1156 430 1191 τῶν
475 1149 777 1204 ἐφεστηκότων
814 1152 1089 1191 καταλείπειν
1130 1150 1181 1191 τὰ
1213 1149 1455 1204 πράγματα.

109 1221 254 1274 <173>
281 1218 355 1274 ἀφ’
388 1217 441 1262 οὗ
467 1221 550 1274 γὰρ
565 1218 749 1270 Ἰούλιος
770 1222 940 1274 Καῖσαρ
974 1222 1200 1275 φρονήσας
1233 1219 1302 1261 ἐπὶ
1328 1235 1457 1261 κατα-

110 1291 232 1332 λύσει
276 1297 349 1344 τῆς
394 1291 686 1345 δημοκρατίας
730 1290 801 1332 καὶ
852 1291 1115 1345 βιασάμενος
1164 1293 1240 1332 τὸν
1290 1292 1456 1345 κόσμον

109 1369 197 1403 τῶν
228 1363 378 1415 νόμων
410 1363 489 1415 τὴν
520 1364 745 1404 πολιτείαν
772 1361 1010 1417 διετάραξε,
1036 1364 1244 1413 κρείττων
1271 1358 1351 1415 μὲν
1377 1366 1456 1402 τοῦ

111 1433 286 1474 δικαίου
325 1433 560 1486 γενόμενος
598 1433 738 1486 ἥττων
778 1430 826 1474 δὲ
862 1439 940 1474 τοῦ
982 1429 1074 1473 κατ’
1125 1433 1244 1473 ἰδίαν
1288 1431 1456 1484 ἡδονὴν

112 1502 228 1558 αὐτῷ
260 1509 535 1556 κομιοῦντος,
575 1503 655 1544 οὐκ
694 1505 811 1545 ἔστιν
851 1504 873 1544 ὅ
906 1519 945 1544 τι
978 1510 1066 1544 τῶν
1106 1510 1253 1543 κακῶν
1285 1501 1338 1543 οὐ
1371 1500 1457 1542 διέ«

112 1580 270 1625 στρεψε
319 1574 399 1627 τὴν
449 1575 598 1626 πόλιν,
647 1572 1032 1628 φιλοτιμηθέντων
1082 1574 1192 1627 πρὸς
1241 1571 1458 1625 ἀλλήλους

113 1642 318 1684 ἁπάντων
360 1645 404 1684 οἳ
445 1642 595 1700 ἐκείνῳ
644 1643 842 1697 διάδοχοι
882 1649 957 1696 τῆς
997 1642 1131 1697 ἀρχῆς
1174 1641 1458 1695 κατέστησαν,

113 1712 178 1755 ἐπ’
217 1713 448 1770 ἀφανισμῷ
482 1721 561 1756 τοῦ
591 1716 793 1768 πατρίου,
827 1713 972 1767 <174>
1004 1711 1075 1754 καὶ
1103 1713 1160 1761 ὡς
1186 1712 1239 1754 ἂν
1272 1712 1458 1767 μάλιστα

112 1792 200 1826 τῶν
238 1787 429 1826 πολιτῶν
468 1783 650 1839 ἐρημίαν
687 1789 766 1825 τοῦ
803 1785 1009 1837 γενναίου
1049 1785 1342 1835 καταλίποιεν,
1385 1783 1458 1823 διὰ

113 1857 162 1898 τὸ
194 1859 366 1898 οἴεσθαι
398 1856 507 1908 πρὸς
539 1854 776 1909 ἀσφαλείας
807 1851 919 1895 εἶναι
944 1860 1018 1907 τῆς
1051 1854 1196 1895 αὑτῶν
1227 1855 1276 1895 τὸ
1308 1854 1459 1907 κιβδή-

115 1930 207 1976 λοις
237 1925 454 1980 ἀνδράσιν
487 1926 670 1979 ὁμιλεῖν.ι
703 1924 774 1966 καὶ
806 1932 894 1966 τῶν
927 1925 1055 1979 ἀρετῇ
1093 1925 1304 1979 προύχειν
1335 1937 1459 1964 πεπι-

115 1995 366 2051 στευμένων
399 1996 451 2037 οὐ
484 1998 623 2050 μόνον
654 1996 862 2050 ὑφαιρεῖν
893 2012 933 2037 τι
965 2002 1043 2037 τοῦ
1071 1995 1333 2049 αὐχήματος,
1359 1992 1452 2034 ἀλλ’

117 2068 178 2116 εἰς
214 2068 262 2109 τὸ
300 2073 388 2108 πᾶν
427 2066 702 2121 ἐπιψηφίζειν
740 2066 886 2108 αὐτῶν
917 2074 1008 2115 τοῖς
1039 2064 1256 2121 ὀλέθροις.
1313 2064 1459 2118 <175>

117 2133 179 2178 ὧν
211 2136 416 2179 ἁπάντων
448 2137 623 2193 ἀριθμῷ
657 2152 700 2178 τε
744 2140 920 2178 πολλῶν
962 2138 1104 2178 ὄντων
1135 2134 1207 2177 καὶ
1238 2135 1460 2190 βαρύτητα

63 2219 98 2245 30
117 2206 385 2250 ἀνύποιστον
417 2206 756 2262 ἐπιδειξαμένων
794 2206 896 2249 καθ’
938 2207 964 2249 ἃ
1002 2207 1179 2256 ἕκαστος
1216 2203 1359 2261 ἧρξεν,
1400 2198 1461 2253 εἷς

118 2277 180 2318 ὢν
213 2278 235 2319 ὁ
258 2280 299 2319 Γ
295 2278 388 2328 ἀιος
414 2279 436 2320 ὁ
465 2280 656 2334 σήμερον
686 2279 877 2328 τεθνεὼς
901 2280 1034 2320 πλείω
1061 2293 1105 2319 τε
1130 2277 1308 2318 πάντων
1337 2276 1461 2317 δεινὰ
