1732 2526
208 71 293 112 303
699 70 1063 103 ΑΡΧΑΙΟΑΟΓῙΑΣ

205 180 411 230 βασιλεὺς
446 175 747 232 Ἀλέξανδρος,
792 177 876 219 ὑπὸ
920 178 1057 218 νόσου
1103 173 1182 230 μὲν
1225 176 1557 229 τελευτήσαντα,

206 248 286 301 τὴν
320 248 565 302 ἱερωσύνην
599 245 646 288 δὲ
672 249 943 302 κατασχόντα
969 248 1074 301 μετὰ
1106 253 1181 300 τῆς
1205 247 1446 301 βασιλειάς·
1484 243 1557 287 καὶ

206 319 289 372 γὰρ
323 318 514 372 διάδημα
552 317 781 373 περιέθετο
821 325 991 372 πρῶτος
1017 314 1185 366 Ἰούδας
1224 317 1426 358 ἐνιαυτὸν
1468 315 1557 357 ἕνα.

205 388 359 443 <242>
403 389 665 442 βασιλεύσας
709 386 746 430 δ’
799 388 821 430 ὁ
861 384 1146 443 Ἀλέξανδρος
1189 386 1261 429 καὶ
1308 386 1558 441 ἱερατεύσας

206 461 278 513 ἔτη
318 460 565 501 εἰκοσιεπτὰ
603 457 890 514 καταστρέφει
928 460 1006 500 τὸν
1045 460 1165 512 βίον,
1204 455 1467 511 Ἀλεξάνδρα
1505 462 1555 511 τῇ
1597 470 1612 495 5

207 529 383 583 γυναικὶ
420 536 685 584 καταστῆσαι
726 530 804 571 τὸν
835 529 1284 584 ἀρχιερατευσόμενον
1317 527 1559 583 ἐπιτρέψας.

207 599 233 653 ἣ
275 597 323 641 δὲ
360 601 440 654 τὴν
478 598 557 653 μὲν
595 599 928 655 ἀρχιερωσύνην
960 597 1158 655 (Υρκανςό
1201 599 1406 652 δίδωσιν,
1450 598 1560 652 αὐτὴ

209 668 257 711 δὲ
294 671 374 724 τὴν
413 673 640 724 βασιλειάν
679 669 807 711 ἐννέα
844 672 915 724 ἔτη
955 676 1232 725 κατασχοῦσα
1271 673 1453 725 τελευτᾷ
1484 670 1560 710 τὸν

209 742 321 793 βίον.
384 742 460 782 τὸν
499 745 596 782 ι”σον
635 738 682 782 δὲ
720 742 883 795 χρόνον
921 741 1000 794 τὴν
1041 740 1375 795 ἀρχιερωσύνην
1407 740 1430 782 ὁ
1461 745 1563 788 παῖς

208 811 341 865 αὐτῆς
364 809 574 865 ’Υρκανὸς
611 812 753 866 ἔσχεν·
799 812 943 865 <243>
985 812 1090 864 μετὰ
1128 814 1210 866 γὰρ
1249 813 1326 853 τὸν
1358 810 1556 852 θάνατον
1578 822 1610 846 10
1726 825 1732 847 ι

209 882 343 936 αὐτῆς
373 884 622 936 πολεμήσας
652 884 760 936 πρὸς
792 882 927 924 αὐτὸν
961 882 982 923 ὁ
1015 881 1207 936 ἀδελφὸς
1228 880 1563 936 Ἀριστόβουλος

211 951 283 994 καὶ
314 954 494 1006 νικήσας
525 952 775 1007 ἀφαιρεῖται
807 950 886 1007 μὲν
919 951 1089 995 ἐκεῖνον
1122 954 1202 1007 τὴν
1235 952 1394 1008 ἀρχήν,
1433 951 1564 1001 αὐτὸς

213 1020 255 1064 δ’
302 1022 526 1077 ἐβασίλευε
567 1022 639 1064 καὶ
679 1023 986 1079 ἠρχιεράτευσε
1026 1030 1084 1080 τῷ
1126 1028 1231 1081 θεῷ.
1295 1022 1441 1077 <244>
1479 1023 1565 1064 ε”τει

214 1091 262 1135 δὲ
293 1096 423 1151 τρίτῳ
455 1100 531 1147 τῆς
556 1096 780 1148 βασιλείας
812 1093 883 1136 καὶ
915 1096 1023 1149 πρὸς
1049 1093 1153 1148 μησὶ
1184 1101 1275 1143 τοῖς
1302 1098 1414 1143 ἴσοις
1441 1096 1564 1147 Πομ-

212 1166 339 1217 πήιος
371 1163 539 1217 ἐλθών,
570 1163 642 1205 καὶ
673 1166 754 1218 τὴν
787 1172 874 1206 τῶν
899 1163 1262 1219 Ἱεροσολυμιτῶν
1294 1166 1424 1206 πόλιν
1455 1163 1563 1205 κατὰ
1584 1174 1617 1200 15
1724 1179 1732 1201 1.

211 1234 368 1290 κράτος
399 1232 533 1287 ἑλών,
571 1234 707 1277 αὐτὸν
740 1233 820 1289 μὲν
851 1239 913 1285 εἰς
937 1233 1105 1290 Ῥώμην
1143 1235 1249 1289 μετὰ
1281 1242 1368 1276 τῶν
1398 1233 1565 1275 τέκνων

213 1305 348 1359 δήσας
391 1305 574 1358 ἔπεμψε,
622 1312 680 1362 τῷ
726 1304 773 1347 δὲ
810 1304 1009 1363 “Τρκανῷ
1056 1306 1189 1347 πάλιν
1233 1306 1313 1359 τὴν
1356 1304 1565 1360 ἀρχιερω-

213 1375 354 1428 σύνην
393 1373 584 1424 ἀποδοὺς
622 1376 701 1429 τὴν
739 1373 819 1430 μὲν
858 1382 936 1418 τοῦ
978 1378 1141 1426 ε”θνους
1180 1378 1454 1430 προστασίαν
1493 1374 1566 1416 ἐπ-

215 1444 381 1499 έτρεψε,
413 1445 606 1499 διάδημα
638 1442 686 1486 δὲ
717 1453 875 1501 φορεῖν
909 1445 1141 1488 ἐκώλυσεν.
1205 1446 1350 1500 <245>
1382 1441 1485 1501 ἦρξε
1519 1441 1568 1486 δὲ

213 1517 322 1571 πρὸς
341 1522 430 1564 τοῖς
450 1514 578 1557 ἐννέα
597 1523 688 1565 τοῖς
713 1517 902 1571 πρώτοις
927 1516 948 1558 ὁ
966 1515 1178 1572 ’Τρκανὸς
1201 1515 1381 1571 τέτταρα
1402 1514 1474 1557 καὶ
1500 1519 1559 1557 εἰ·
1580 1527 1614 1553 20
1722 1534 1732 1557 π

214 1597 324 1628 κοσι.
373 1586 693 1641 Βαρζαφάρνης
719 1584 767 1628 δὲ
793 1586 864 1628 καὶ
893 1587 1095 1641 Πάκορος
1121 1588 1166 1629 οἱ
1187 1593 1264 1641 τῆς
1289 1590 1565 1640 Παρθυηνῆς

216 1656 428 1698 δυνάσται
466 1657 697 1711 διαβάντες
733 1658 809 1698 τὸν
848 1657 1090 1712 Εὐφράτην
1131 1656 1203 1699 καὶ
1241 1658 1565 1711 πολεμήσαντες

208 1720 404 1783 ’Υρκανῷ
448 1726 584 1768 αὐτὸν
625 1725 704 1782 μὲν
746 1729 904 1783 ζωγρίᾳ
945 1727 1212 1782 συνέλαβον,
1255 1729 1332 1770 τὸν
1368 1726 1562 1782 Ἀριστο-

216 1798 381 1851 βούλου
409 1793 450 1838 δ’
480 1798 581 1839 υἱὸν
604 1794 859 1851 Ἀντίγονον
888 1796 1155 1852 κατέστησαν
1181 1797 1373 1853 βασιλέα.
1423 1796 1570 1850 <246>

216 1870 314 1921 τριά
353 1864 392 1908 δ’
428 1868 498 1921 ἔτη
532 1867 603 1909 καὶ
635 1876 750 1922 τρεῖς
785 1875 925 1923 μῆνας
956 1869 1147 1924 ἄρξαντα
1184 1875 1342 1911 τοῦτον
1379 1869 1569 1916 Σόσσιός
1590 1879 1623 1905 25

216 1952 262 1978 τε
294 1936 366 1979 καὶ
391 1936 594 1992 “Ηρώδης
625 1938 1012 1995 ἐξεπολιόρκησαν,
1045 1938 1278 1989 Ἀντώνιος
1316 1937 1354 1980 δ’
1393 1938 1566 1980 ἀνεῖλεν

218 2008 280 2057 είς
316 2008 395 2061 τὴν
429 2004 695 2063 Ἀντιόχειαν
733 2009 995 2065 ἀναχθέντα.
1056 2010 1198 2062 <247>
1238 2009 1318 2063 τὴν
1357 2006 1405 2050 δὲ
1443 2010 1566 2063 βασι-

219 2080 340 2119 λείαν
365 2076 567 2133 “Ηρώδης
591 2080 706 2132 παρὰ
726 2077 947 2134 Ῥωμαίων
981 2078 1270 2135 ἐγχειρισθεὶς
1296 2078 1440 2122 οὐκέτι
1465 2081 1567 2129 τοὺς

220 2148 266 2190 ἐκ
290 2154 370 2190 τοῦ
398 2147 701 2203 Ἀσαμωναίου
726 2150 881 2204 γένους
906 2153 1170 2204 καθίστησιν
1197 2150 1423 2206 ἀρχιερεῖς,
1455 2149 1568 2192 ἀλλά

219 2232 336 2261 τισιν
376 2218 558 2273 ἀσήμοις
598 2219 667 2262 καὶ
705 2223 844 2275 μόνον
883 2221 925 2272 ἐξ
966 2220 1118 2276 ἱερέων
1157 2217 1279 2274 οὖσι,
1322 2222 1436 2274 πλὴν
1470 2218 1568 2270 ἑνὸς
1587 2232 1622 2258 30
1717 2239 1732 2264 ει

216 2288 578 2344 Ἀριστοβούλου,
627 2292 706 2345 τὴν
756 2293 887 2346 τιμὴν
937 2291 1132 2346 ἀπένεμε.
1195 2292 1352 2345 <248>
1401 2292 1479 2333 τὸν
1523 2289 1566 2332 δ’
