1732 2526
223 86 310 127 114
716 85 1080 119 ΑΡΧΑΙοΑοΓΙΑΣ

222 192 319 235 ἀλλ’
361 192 599 249 ἀκραιφνεῖ
632 191 712 248 μὲν
750 199 809 250 τῷ
849 196 1044 249 λογισμῷ
1084 190 1337 248 χρωμένου,
1374 191 1483 247 ἀλκῇ
1528 189 1577 234 δὲ

224 265 421 319 σώματος
461 271 553 314 τοῖς
592 264 844 319 πράγμασιν
883 263 1181 318 ἐφεστηκότος.
1250 262 1406 317 (239)
1447 263 1489 304 εἰ
1528 260 1591 304 δὲ’

222 333 294 376 καὶ
331 337 545 390 πρότερον
584 336 645 384 εἰς
682 334 817 377 αὐτὸν
856 332 919 376 ἐπ’
965 338 1061 388 ἴσης
1100 340 1192 383 τοῖς
1232 339 1318 375 νῦν
1359 334 1577 375 διατεθεῖ-

223 410 331 447 σθαι
372 406 450 447 τὸν
490 404 675 461 πατέρα,
718 405 1031 460 ἀποπεφάνθαι
1072 405 1265 454 ποταπὸς
1305 402 1361 446 ἂν
1404 403 1576 458 γένοιτο

223 476 449 531 βασιλεύς,
493 477 571 518 τὸν
615 473 695 530 μὲν
739 476 895 531 κύριον
939 482 1181 530 παρασχεῖν
1223 475 1305 528 τὴν
1348 477 1577 529 βασιλείαν

222 549 426 602 Καίσαρα
459 546 744 603 ἀφῃρημένον
777 552 856 588 τοῦ
895 547 1052 588 δοῦναι
1089 547 1171 600 τὴν
1211 545 1436 599 ἐξουσίαν,
1474 548 1579 596 τοὺς

223 615 272 659 δὲ
303 620 482 668 πολίτας
521 618 701 672 ἰδιώτην
740 618 845 659 ὄντα
877 617 1021 672 ἀκμὴν
1063 617 1270 672 σφάττειν
1301 615 1350 658 ἐν
1384 617 1485 674 ιἐρῷ
1520 617 1577 671 μὴ

224 687 622 743 ἀποτετραμμένον.

313 760 458 813 <24Ο>
489 758 561 800 καὶ
589 757 868 815 Ἀντίπατρος
900 757 980 814 μὲν
1012 757 1150 802 τοιάδ’
1186 760 1336 812 εἰπών,
1367 757 1440 800 καὶ
1472 774 1576 813 μαρ-

223 832 370 885 τύρων
403 829 701 884 παραστάσεσι
732 831 784 871 τά
811 828 1019 885 εἰρημένα
1043 830 1370 886 κρατυνάμενος
1399 832 1580 879 πολλοῖς

224 908 311 943 τῶν
345 908 591 955 συγγενῶν,
623 901 806 942 παύεται
838 907 918 943 τοῦ
951 899 1112 955 λέγειν·
1162 899 1389 942 ἀνίσταται
1422 897 1471 942 δὲ
1495 902 1580 941 Νι-

224 973 384 1022 κόλαος
415 969 524 1027 ὑπὲρ
553 969 810 1027 Ἀρχελάου,
849 970 921 1013 καὶ
954 973 1073 1025 ἔλεγε
1104 972 1156 1013 τὰ
1189 969 1268 1026 μὲν
1301 970 1349 1013 ἐν
1381 976 1440 1027 τῷ
1475 970 1578 1028 ἱερῷ

223 1043 375 1098 γνώμῃ
402 1049 491 1084 τῶν
516 1044 807 1084 πεπονθότων
835 1041 1060 1092 ἀνατιθεὶς
1085 1045 1253 1097 μᾶλλον
1280 1042 1306 1096 ἢ
1333 1041 1510 1099 ἐξουσία
1529 1047 1579 1097 τῇ

217 1111 472 1169 Ἀρχελάου·
505 1116 607 1163 τοὺς
632 1114 714 1169 γὰρ
742 1112 812 1154 ε’πὶ
832 1111 1015 1155 τοιοῖσδ’
1040 1114 1255 1169 ἄρχοντας
1280 1113 1334 1155 οὐ
1360 1115 1500 1168 μόνον
1519 1118 1579 1169 τῷ

222 1182 324 1225 καθ’
363 1184 525 1234 αὑτοὺς
562 1184 788 1239 ὑβρίζοντι
827 1180 939 1226 εἶναι
978 1185 1222 1239 πονηρούς,
1263 1184 1372 1226 ἀλλὰ
1410 1182 1483 1225 καὶ
1520 1189 1579 1240 τῷ

223 1254 511 1308 ἀναγκάζοντι
555 1255 617 1303 εἰς
660 1255 740 1309 τὴν
785 1256 959 1309 ἄμυναν
1003 1262 1090 1296 τῶν
1132 1255 1433 1309 εὐγνωμονεῖν
1474 1267 1580 1309 προ-

223 1324 512 1380 αιρουμένων.
575 1325 721 1380 (241)
760 1325 817 1375 ὡς
856 1325 905 1367 δὲ
941 1324 1127 1380 πολέμια
1169 1326 1311 1380 ἔδρων
1350 1326 1466 1382 λόγῳ
1499 1323 1580 1379 μὲν

222 1394 314 1438 κατ’
355 1393 593 1451 Ἀρχελάου
637 1397 686 1437 τὸ
730 1393 768 1437 δ’
807 1393 971 1450 ἀληθὲς
1009 1397 1072 1446 είς
1111 1397 1334 1451 Καίσαρα,
1380 1397 1579 1450 φανερὸν

223 1463 354 1508 εἶναι·
396 1468 500 1516 τοὺς
531 1467 613 1520 γὰρ
646 1472 725 1508 τοῦ
757 1466 1023 1522 ὑβριοῦντος
1054 1467 1252 1516 κωλυτὰς
1283 1464 1581 1521 παραγενομέ-

226 1553 331 1587 νους
368 1539 548 1591 καιρίως
581 1535 816 1593 Ἀρχελάου
858 1539 1140 1593 πεπομφότος
1176 1545 1341 1580 κτεῖναι
1379 1536 1614 1592 ἐπιθεμέ-2

224 1624 355 1662 νους,
397 1608 497 1650 οὔτε
536 1615 614 1650 τοῦ
652 1612 763 1650 θεοῦ
803 1609 902 1650 οὔτε
940 1615 1019 1650 τοῦ
1057 1611 1198 1663 νόμου
1236 1615 1311 1663 τῆς
1349 1607 1501 1663 ἑορτῆς
1534 1607 1581 1650 ἐν

224 1680 432 1734 φροντίδι
463 1677 751 1734 γενομένους,
796 1680 953 1734 <242>
993 1675 1055 1721 ὧν
1082 1678 1369 1733 Ἀντίπατρον
1402 1679 1484 1721 οὐκ
1515 1680 1581 1721 αι’-

226 1750 469 1804 σχύνεσθαι
490 1750 720 1804 ἐκδικητὴν
745 1750 1074 1805 καθιστάμενον
1095 1749 1164 1792 ἐπὶ
1184 1752 1399 1807 θεραπεία
1419 1751 1582 1806 ἔχθρας

225 1826 299 1874 τῆς
331 1820 467 1862 αὑτοῦ
498 1821 609 1876 πρὸς
635 1818 887 1876 Ἀρχέλαον,
919 1821 945 1875 ἣ
977 1823 1095 1875 μίσει
1124 1827 1203 1864 τοῦ
1229 1820 1359 1876 ἀρετῇ
1393 1822 1580 1862 δικαίου.

1600 827 1694 867 ιο’

1600 1195 1633 1221 15

226 1890 289 1932 (οἱ
316 1893 615 1945 παρελθόντες
645 1890 717 1933 καὶ
756 1893 813 1946 μὴ
846 1893 956 1947 πρὸς
994 1890 1343 1947 διανοουμένους
1374 1892 1581 1947 ἄρχοντες
1599 1902 1633 1928 25

226 1960 392 2002 ἀδίκων
435 1963 597 2016 ἔργων,
639 1960 724 2004 οἵδ’
767 1961 881 2005 εἰσὶν
922 1963 968 2004 οἱ
1004 1965 1256 2017 βιαζόμενοι
1295 1960 1367 2003 καὶ
1409 1962 1467 2016 μὴ
1505 1960 1580 2003 θέ-

227 2035 383 2081 λοντας
423 2034 525 2082 τοὺς
565 2031 872 2088 ἀμυνομένους
913 2031 980 2088 ἐφ’
1025 2034 1137 2075 ὅπλα
1174 2032 1359 2089 χωρεῖν.’
1423 2032 1580 2087 <243>

227 2103 423 2145 ἀνετίθει
468 2100 516 2144 δὲ
559 2102 629 2144 καὶ
676 2104 726 2145 τὰ
771 2105 902 2146 λοιπά
946 2110 1051 2146 πᾶσι
1092 2112 1183 2154 τοῖς
1225 2103 1272 2146 ἐν
1311 2105 1451 2158 βουλῇ
1492 2110 1579 2145 τῶν

227 2174 500 2227 κατηγόρων·
552 2171 684 2215 οὐδὲν
716 2175 798 2229 γὰρ
832 2175 854 2215 ὅ
887 2189 927 2216 τι
959 2176 1017 2229 μὴ
1056 2175 1109 2216 οὐ
1148 2175 1253 2229 μετὰ
1290 2175 1468 2229 γνώμης
1504 2179 1579 2229 τῆς

227 2243 375 2285 αὐτῶν
407 2243 701 2298 γεγενημένον
733 2246 849 2301 αἰτίᾳ
880 2251 959 2287 τοῦ
992 2244 1162 2287 ἀδικεῖν
1202 2244 1461 2298 ὑπάγεσθαι.
1525 2244 1578 2287 οὐ

326 2329 343 2367 ξ
371 2327 438 2357 240
466 2324 508 2359 cf.
535 2324 627 2360 Bell.
653 2325 731 2360 Iud.
758 2325 792 2359 Π
819 2330 849 2370 2,
878 2330 909 2361 6.

1598 2257 1633 2281 30
