1732 2526
196 84 281 125 273
691 83 1053 116 ΑΡΧΑΙΟΑΟΓΙΑΣ

194 188 241 232 δὲ
272 188 470 240 πεισθεὶς
501 189 570 232 ἐπὶ
602 191 679 232 τὸν
711 191 845 232 ἵππον
881 191 1038 244 ἥλατο,
1079 188 1151 230 καὶ
1189 188 1367 242 ἀγαγὼν
1405 186 1562 228 αὐτὸνι

193 263 254 310 είς
297 262 348 303 τὰ
392 263 590 315 βασίλεια
633 267 778 302 πᾶσαν
819 261 949 315 τιμὴν
990 259 1223 314 ἀπένειμεν
1264 260 1312 300 ἔν
1353 273 1396 300 τε
1438 268 1543 299 συν-

192 333 358 385 εδρίαις
395 329 467 372 καὶ
505 338 598 380 ταῖς
635 330 734 385 περὶ
771 331 847 380 τὰς
885 329 1098 380 ἑστιάσεις
1134 330 1541 384 προκατακλίσεσιν,

192 402 273 444 οὐκ
313 403 376 451 εἰς
415 402 463 443 τὸ
504 403 645 456 παρὸν
684 401 821 443 αὐτοῦ
858 407 933 455 τῆς
969 402 1100 456 τύχης
1138 400 1400 455 ἀποβλέπων
1441 397 1538 440 ἀλλ’

191 473 253 521 εἰς
290 473 339 513 τὸ
377 474 593 527 πρότερον
631 472 819 527 ἀξίωμα,
863 474 941 514 καί
973 488 1014 513 τι
1051 470 1123 513 καὶ
1161 475 1356 526 λογισμῷ
1389 469 1542 518 διδοὺς
1577 480 1594 506 ⁵

191 543 249 592 ὡς
292 540 438 602 κοιναὶ
480 550 572 592 τοῖς
615 542 871 598 ἀνθρώποις
916 543 964 583 αἱ
1003 540 1240 596 μεταβολαὶ
1283 548 1358 596 τῆς
1400 541 1542 595 τύχης.

190 613 307 667 <62>
350 613 509 667 γράφει
547 628 592 654 τε
630 614 738 667 πρὸς
775 614 876 661 τοὺς
908 613 1347 666 Πάρθους,’πείθων
1384 611 1543 661 αὐτοὺς

191 685 269 725 τὸν
307 682 576 738 Ἀρτάβανον
620 682 942 737 ὑποδέξασθαι,
989 686 1137 724 πίστιν
1181 684 1425 737 προτείνων
1469 688 1544 735 τῆς

189 762 278 796 τῶν
322 753 641 809 πεπραγμένων
687 753 926 807 ἀμνηστίας
970 754 1117 804 δεξιὰν
1157 752 1229 795 καὶ
1272 753 1430 806 ὅρκους
1469 751 1541 794 καὶ

189 827 411 879 μεσιτείαν
443 826 523 879 τὴν
556 824 704 866 αὑτοῦ.
755 825 872 878 <63>
902 831 990 866 τῶν
1023 822 1071 866 δὲ
1096 824 1297 879 Πάρθων
1331 822 1541 873 δέξασθαι
1563 833 1597 858 10

190 892 270 949 μὲν
309 894 444 936 αὐτὸν
482 895 634 936 θέλειν
673 894 753 937 οὐκ
792 893 1100 948 ἀρνουμένων,
1142 895 1199 949 μὴ
1238 894 1461 936 δύνασθαι
1494 891 1543 935 δὲ

192 967 414 1019 λεγόντων
448 966 521 1006 διὰ
553 967 601 1008 τὸ
628 966 708 1019 τὴν
734 964 873 1021 ἀρχὴν
900 964 1030 1023 ἑτέρῳ
1057 963 1389 1006 πεπιστευκέναι
1415 962 1543 1020 (Κίν-

190 1052 327 1090 ναμος
372 1034 411 1077 δ’
448 1034 504 1090 ἦν
545 1037 685 1090 ὄνομα
727 1042 786 1092 τῷ
828 1034 1138 1092 παρειληφότι)
1181 1034 1254 1077 καὶ
1296 1034 1542 1078 δεδοικέναι

189 1107 247 1161 μὴ
288 1107 436 1156 στάσις
473 1106 634 1155 αὖτοὺς
673 1106 719 1148 ἐκ
751 1107 910 1148 τούτου
948 1107 1191 1162 καταλάβῃ,
1235 1106 1350 1159 <64>
1383 1106 1542 1160 μαθὼν

188 1178 269 1231 τὴν
300 1180 559 1231 προαίρεσιν
591 1176 736 1218 αὐτῶν
769 1177 791 1218 ὁ
825 1178 1051 1231 Κίνναμος
1082 1178 1244 1230 ταύτην
1276 1176 1406 1226 αὐτὸς
1437 1177 1541 1230 γρά-
1562 1185 1595 1210 15

186 1263 259 1302 φει
286 1254 344 1304 τῷ
367 1246 620 1304 Ἀρταβάνῳ
648 1246 887 1303 (τέθραπτο
914 1248 996 1301 γὰρ
1023 1244 1095 1289 ὑπ’
1129 1246 1279 1300 αὐτοῦ,
1311 1246 1383 1288 καὶ
1409 1247 1539 1301 φύσει

189 1316 227 1359 δ’
265 1315 321 1372 ἦν
353 1320 484 1367 καλὸς
515 1316 730 1373 κάγαθός)
769 1321 1032 1372 παρακαλῶν
1072 1317 1207 1360 αὐτὸν
1248 1318 1541 1359 πιστεύσαντα

187 1388 515 1443 παραγενέσθαι
565 1390 645 1443 τὴν
696 1388 834 1443 ἀρχὴν
884 1389 1223 1443 ἀποληψόμενον
1266 1389 1347 1442 τὴν
1392 1388 1540 1430 αὑτοῦ.

191 1460 305 1513 <65>
343 1458 414 1501 καὶ
454 1459 475 1502 ὁ
504 1455 766 1514 Ἀρτάβανος
803 1461 1037 1509 πιστεύσας
1073 1466 1229 1514 παρῆν.
1292 1459 1464 1516 ὑπαντᾷ
1495 1456 1534 1500 δ’

186 1530 302 1586 αὐτῷ
337 1530 359 1571 ὁ
392 1531 639 1583 Κίνναμος,
671 1528 742 1571 καὶ
773 1531 1082 1584 προσκυνήσας
1114 1528 1295 1584 βασιλέα
1327 1545 1371 1571 τε
1403 1540 1537 1585 προσκ
1557 1538 1590 1563 20

189 1601 432 1653 αγορεύσας
471 1603 751 1655 περιτίθησιν
793 1600 928 1642 αὐτοῦ
965 1607 1015 1656 τῇ
1057 1604 1223 1656 κεφαλῇ
1262 1602 1310 1643 τὸ
1350 1601 1540 1656 διάδημα

142 1682 161 1712 3
189 1669 365 1724 ἀφελὼν
407 1676 480 1723 τῆς
523 1669 693 1713 ἑαυτοῦ.
757 1672 872 1725 <66>
909 1670 980 1712 καὶ
1017 1667 1279 1726 Ἀρτάβανος
1320 1672 1433 1713 οὕτω
1477 1669 1535 1713 δι’

182 1740 346 1790 Ἰζάτου
378 1741 510 1782 πάλιν
543 1742 606 1790 εἰς
636 1742 716 1795 τὴν
749 1741 888 1797 ἀρχὴν
913 1745 1189 1796 καθίσταται,
1220 1744 1436 1797 πρότερον
1463 1742 1540 1784 αὐ-

186 1817 260 1864 τῆς
302 1810 496 1852 ἐκπεσὼν
539 1812 612 1853 διὰ
650 1814 753 1862 τοὺς
791 1819 1062 1866 μεγιστᾶνας.
1125 1813 1205 1854 οὐκ
1243 1812 1413 1865 ἐγένετο
1452 1812 1539 1867 μὴν

187 1880 399 1934 ἀμνήμων
431 1888 517 1922 τῶν
557 1883 618 1931 είς
657 1881 791 1924 αὑτὸν
829 1882 1114 1937 εὐεργεσιῶν,
1152 1881 1245 1924 ἀλλ’
1285 1882 1538 1937 ἀντιδωρεϊ-
1558 1890 1591 1915 25

186 1968 254 1992 ται
299 1953 376 1992 τὸν
417 1949 580 2005 Ἰζάτην
624 1959 717 2002 ταῖς
761 1955 982 2006 μεγίσταις
1030 1961 1173 2007 τιμαῖς
1215 1952 1317 2008 παρ’
1369 1953 1538 2002 αὐτοῖς·

186 2022 301 2075 <67>
339 2023 419 2075 τήν
456 2037 500 2063 τε
540 2023 622 2076 γὰρ
662 2023 817 2076 τιάραν
857 2023 1001 2078 ὀρθὴν
1043 2023 1277 2079 ἐπέτρεψεν
1310 2023 1427 2080 αὐτῷ
1459 2039 1539 2078 φο-

186 2100 281 2147 ρεῖν
324 2090 393 2133 καὶ
439 2091 509 2133 ἐπὶ
550 2099 714 2147 χρυσῆς
751 2097 902 2148 κλίνης
940 2095 1200 2148 καθεύδειν,
1243 2095 1351 2148 ἅπερ
1389 2092 1539 2148 μόνων

186 2161 277 2204 ἐστὶ
314 2161 421 2216 γέρα
460 2161 532 2204 καὶ
571 2171 726 2217 σημεῖα
764 2171 851 2205 τῶν
891 2165 1092 2217 Πάρθων
1131 2163 1358 2219 βασιλέων.
1422 2165 1538 2219 <68>

186 2234 322 2274 ἔδωκε
356 2230 404 2274 δὲ
435 2232 503 2274 καὶ
538 2234 685 2288 χώραν
717 2236 887 2288 πολλὴν
926 2235 1043 2292 αὐτῷ
1082 2235 1305 2289 κάγαθήν,
1346 2241 1420 2289 τῆς
1457 2242 1537 2277 τοῦ
1557 2241 1591 2266 3⁰

181 2300 422 2358 Ἀρμενίων
466 2302 679 2358 βασιλέως
722 2304 1061 2360 ἀποτεμόμενος·
1107 2308 1287 2360 Νίσιβις
1331 2303 1369 2347 δ’
1418 2305 1536 2348 ἐστὶν
