1732 2526
217 69 303 108 300
709 70 1074 103 APXAIOAOPIAE

216 177 298 230 γὰρ
331 172 386 229 ἧν
418 175 604 229 πάτριον
638 173 742 217 οὐδὲ
773 177 962 230 νόμιμον
994 175 1099 230 ἡμῖν
1137 176 1188 216 τὰ
1225 176 1333 216 κατὰ
1364 176 1412 216 τὸ
1447 175 1565 228 ἱερὸν

217 247 420 300 δρώμενα
459 246 824 298 κατοπτεύεσθαι,
865 244 935 287 καὶ
976 246 1160 299 μάλιστα
1198 246 1272 294 τὰς
1305 246 1565 299 ἱερουργίας.

214 324 366 371 τοῖχον
405 312 487 358 οὖν
526 315 774 370 ἐγείρουσιν
813 314 882 357 ε’πὶ
919 322 994 369 τῆς
1031 315 1206 370 ἐξέδρας
1236 315 1432 369 ὑψηλόν,
1475 316 1566 369 ἥτις

214 384 270 440 ἦν
304 386 351 427 ἐν
382 393 441 442 τῷ
469 388 639 428 ἔσωθεν
667 387 768 443 ἱερῷ
796 385 1063 440 τετραμμένη
1090 388 1199 441 πρὸς
1225 387 1367 427 δύσιν.
1422 386 1565 439 <192>

215 457 268 498 οὐ
301 459 440 511 μόνον
473 455 520 498 δὲ
552 463 631 498 τοῦ
663 460 896 511 βασιλικοῦ
928 460 1154 511 τρικλίνου
1186 457 1265 510 τὴν
1300 457 1465 506 ἄποψιν
1491 453 1566 498 οὗ-

214 543 287 576 τος
332 526 642 581 οἰκοδομηθεὶς
686 527 966 581 ἀπετέμνετο,
1010 527 1120 569 ἀλλὰ
1161 525 1231 568 καὶ
1273 533 1348 579 τῆς
1389 528 1567 580 δυτικῆς

215 604 343 647 στοᾶς
374 604 449 651 τῆς
481 599 588 639 κατὰ
620 599 667 639 τὸ
701 598 866 648 ἔξωθεν
901 599 1021 651 ἱερὸν
1053 599 1202 651 οὔσης,
1236 599 1348 638 ἔνθα
1377 598 1452 646 τὰς
1483 613 1566 651 φυ-

214 669 348 717 λακὰς
381 669 426 710 οἱ
447 667 651 721 Ῥωμαῖοι
684 676 777 716 ταῖς
803 667 973 722 ἑορταῖς
999 668 1229 710 ἐποιοῦντο
1258 668 1330 709 διὰ
1356 669 1404 710 τὸ
1432 668 1565 722 ἱερόν.

215 739 359 791 (193)
394 736 462 779 ε’πὶ
493 738 666 787 τούτοις
696 738 998 792 ἠγανάκτησεν
1030 739 1053 779 ὅ
1085 754 1128 780 τε
1161 740 1366 791 βασιλεὺς
1391 736 1566 791 Ἀγρίπ-

213 822 315 856 πας,
362 808 547 862 μάλιστα
588 806 636 850 δὲ
670 811 843 862 Φῆστος
881 809 903 850 ὁ
945 811 1149 863 ἔπαρχος,
1193 808 1264 850 καὶ
1302 808 1566 862 προσέταξεν

214 878 363 927 αὐτοῖς
393 883 612 921 καθελεῖν.
676 881 721 921 οἳ
756 877 804 920 δὲ
842 879 1142 932 παρεκάλεσαν
1181 878 1384 928 ἐξουσίαν
1417 879 1566 928 αὑτοῖς

215 950 372 990 δοῦναι
416 952 684 1004 πρεσβεῦσαι
727 949 826 1003 περὶ
870 951 1029 991 τούτου
1072 950 1181 1002 πρὸς
1224 948 1431 1000 Νέρωνα·
1490 951 1566 1003 ζῆν

213 1020 296 1072 γὰρ
341 1020 420 1074 οὐχ
466 1019 702 1074 ὑπομενεῖν
743 1019 1088 1073 καθαιρεθέντος
1127 1021 1246 1068 τινὸς
1286 1019 1447 1073 μέρους
1485 1026 1566 1061 τοῦ

215 1090 346 1143 ἱεροῦ.
410 1091 567 1144 <194>
612 1093 977 1145 συγχωρήσαντος
1022 1088 1070 1131 δὲ
1113 1097 1192 1132 τοῦ
1239 1092 1417 1143 Φήστου
1460 1089 1565 1144 πέμ-

212 1172 374 1202 πουσιν
420 1160 462 1210 ἐξ
508 1161 654 1202 αὑτῶν
695 1163 803 1215 πρὸς
843 1160 1033 1216 Νέρωνα
1074 1163 1176 1209 τοὺς
1214 1161 1414 1215 πρώτους
1459 1160 1564 1201 δέκα

212 1229 286 1271 καὶ
320 1229 550 1285 Ἰσμάηλον
587 1233 664 1273 τὸν
702 1230 904 1286 ἀρχιερέα
942 1230 1013 1273 καὶ
1046 1230 1221 1272 Ἑλκίαν
1259 1232 1336 1272 τὸν
1377 1232 1565 1285 γαζοφύ-

214 1304 334 1342 λακα.
397 1302 540 1355 <195>
582 1301 740 1356 Νέρων
782 1300 830 1343 δὲ
871 1303 1108 1350 διακούσας
1148 1302 1293 1343 αὐτῶν
1331 1301 1384 1343 οὐ
1425 1303 1564 1355 μόνον

214 1371 412 1424 συνέγνω
445 1370 543 1426 περὶ
574 1378 653 1413 τοῦ
684 1371 980 1427 πραχθέντος,
1013 1371 1122 1413 ἀλλὰ
1154 1370 1225 1412 καὶ
1258 1372 1564 1426 συνεχώρησεν

213 1442 352 1491 οὕτως
385 1441 461 1483 ἐᾶν
492 1443 572 1496 τὴν
605 1443 878 1496 οἰκοδομίαν,
910 1449 960 1496 τῇ
993 1441 1170 1496 γυναικὶ
1200 1443 1411 1498 Ποππαίᾳ
1442 1440 1564 1498 (θεο-

214 1513 344 1565 σεβὴς
387 1512 469 1565 γὰρ
518 1509 573 1565 ἦν
617 1512 745 1566 αὕτη)
790 1510 899 1563 ὑπὲρ
951 1520 1038 1554 τῶν
1078 1511 1308 1554 Ἰουδαίων
1354 1513 1563 1567 δεηθείσῃ

212 1584 511 1636 χαριζόμενος·
556 1583 582 1636 ἢ
615 1590 706 1632 τοῖς
737 1581 816 1637 μὲν
847 1582 950 1624 δέκα
975 1582 1239 1638 προσέταξεν
1266 1582 1455 1637 ἀπιέναι,
1485 1585 1563 1625 τὸν

215 1650 261 1693 δὲ
281 1651 458 1694 “Ελκίαν
484 1653 556 1694 καὶ
582 1655 659 1695 τὸν
680 1653 913 1708 Ἰσμάηλον
940 1654 1265 1707 ὁμηρεύσοντας
1299 1653 1402 1705 παρ’
1432 1652 1562 1708 ἑαυτῇ

212 1722 432 1778 κατέσχεν.
495 1725 650 1778 <196>
691 1724 713 1765 ὁ
757 1723 804 1766 δὲ
845 1726 1050 1778 βασιλεὺς
1090 1722 1218 1766 ταῦθ’
1262 1724 1319 1773 ὡς
1360 1723 1564 1777 ἐπύθετο,

214 1794 372 1834 δίδωσι
403 1795 483 1848 τὴν
525 1794 857 1849 ἀρχιερωσύνην
886 1793 1080 1852 Ἰωσήπῳ
1113 1800 1171 1850 τῷ
1205 1797 1409 1849 Σίμωνος
1439 1792 1563 1835 παιδὶ

213 1863 463 1918 ἀρχιερέως,
496 1864 825 1921 ἐπικαλουμένῳ
859 1863 906 1906 δὲ
939 1868 1066 1918 Καβί.

302 1935 447 1989 <197>
491 1934 647 1989 πέμπει
693 1934 740 1977 δὲ
782 1938 953 1991 Καῖσαρ
990 1935 1192 1990 Ἀλβῖνον
1236 1937 1298 1986 εἰς
1338 1936 1419 1989 τὴν
1456 1934 1562 1976 'Iov-

214 2006 344 2046 δαίαν
382 2004 593 2060 ἔπαρχον,
634 2008 811 2059 Φήστου
849 2008 928 2060 τὴν
967 2008 1174 2060 τελευτὴν
1211 2007 1475 2060 πυθόμενος.
1538 2005 1560 2047 ὁ

214 2073 262 2117 δὲ
294 2078 500 2129 βασιλεὺς
533 2076 734 2129 ἀφείλετο
768 2075 848 2131 μὲν
880 2079 956 2119 τὸν
984 2076 1197 2131 Ἰώσηπον
1235 2078 1315 2130 τὴν
1354 2075 1561 2129 ἀρχιερω-

213 2147 374 2201 σύνην,
412 2153 470 2202 τςό
506 2144 553 2188 δὲ
580 2145 767 2188 Ἀνάνου
799 2149 944 2201 παιδί,
983 2147 1055 2189 καὶ
1094 2148 1209 2204 αὐτῷ
1237 2146 1406 2202 Ἀνάνῳ
1439 2149 1561 2199 λεγο-

1587 821 1619 846 10

1586 1172 1618 1197 15

1583 1524 1617 1548 20

1583 1876 1615 1900 25

213 2216 345 2274 μένῳ,
385 2218 466 2271 τὴν
499 2218 711 2272 διαδοχὴν
744 2224 818 2271 τῆς
850 2218 983 2273 ἀρχῆς
1015 2219 1161 2259 ἔδωκε.
1225 2217 1368 2270 <198>
1400 2223 1560 2258 τοῦτον
1579 2229 1614 2254 30

309 2302 326 2340 ξ
355 2302 421 2331 197
450 2298 493 2332 cf.
521 2298 612 2332 Bell.
639 2298 716 2333 Iud.
744 2299 778 2332 Π
804 2302 858 2342 14,
889 2303 918 2334 1.
