1732 2526
159 1228 178 1258 2⁸!

202 54 288 95 294
695 53 1056 86 APXAIOAOFIAE

200 160 365 216 τημένα
396 167 477 215 τῆς
502 159 790 215 προκειμένης
821 159 926 214 ἡμῖν
957 160 1252 213 πραγματείας
1286 153 1351 199 ἐπ’
1395 156 1548 209 ὀλίγον

201 235 373 286 μνήμης
411 231 634 286 ἀξιοῦμεν,
673 232 724 273 τὰ
767 227 805 272 δ’
852 231 957 284 ἡμῖν
998 237 1088 278 τοῖς
1115 227 1346 286 Ἰουδαίοις
1387 239 1548 281 συμπε-

202 305 338 344 σόντα
384 304 605 356 δηλοῦμεν
647 302 700 344 οὐ
742 299 992 354 παρέργως,
1042 301 1145 353 μήτε
1197 298 1271 347 τὰς
1321 297 1549 351 συμφορὰς

201 375 306 427 μήτε
357 374 432 423 τὰς
485 372 695 427 ἁμαρτίας
749 373 983 425 διασαφεῖν
1034 370 1279 418 ὀκνοῦντες.
1349 367 1547 417 ἐπανάξω

202 447 355 486 τοίνυν
395 445 472 486 τὸν
517 445 651 497 λόγον
697 441 766 484 ἐπὶ
809 443 889 496 τὴν
933 449 1020 483 τῶν
1065 442 1240 482 οἰκείων
1282 438 1548 493 πραγμάτων

205 516 423 569 διήγησιν.
976 504 982 508 ⁸

291 584 435 638 <158>
467 590 524 640 τῷ
558 585 640 638 γὰρ
672 585 828 641 πρώτῳ
862 591 936 638 τῆς
968 582 1178 637 Νέρωνος
1204 582 1338 637 ἀρχῆς
1368 585 1452 624 ε’τει
1483 597 1549 623 τε-

201 655 491 708 λευτήσαντος
510 661 589 696 τοῦ
604 653 797 709 Ἐμέσων
819 654 1041 696 δυνάστου
1058 651 1221 704 Ἀζίζου
1236 655 1407 708 Σόεμος
1428 652 1547 695 ἀδελ-

201 727 285 779 φὸς
315 726 395 779 τὴν
428 725 567 780 ἀρχὴν
600 724 856 780 διαδέχεται.
919 726 998 779 τὴν
1032 722 1080 766 δὲ
1111 731 1186 778 τῆς
1218 730 1374 778 μικρᾶς
1400 722 1549 778 Ἀρμε-

201 798 300 845 νίας
330 798 600 850 προστασίαν
630 792 977 850 Ἀριστόβουλος,
994 793 1200 858 ’ῌρώδου
1233 801 1308 848 τῆς
1332 795 1550 843 Χαλκίδος

202 864 416 920 βασιλέως
445 874 560 920 παῖς,
591 867 676 908 ὑπὸ
710 865 919 921 Νέρωνος
950 865 1240 920 ἐγχειρίζεται.
1302 865 1446 919 <159>
1479 863 1551 906 καὶ

202 938 280 978 τὸν
310 932 550 991 Ἀγρίππαν
583 934 631 978 δὲ
664 938 868 991 δωρεῖται
905 938 1036 992 μοίρᾳ
1074 934 1160 977 τινὶ
1199 942 1272 989 τῆς
1314 937 1552 986 Γαλιλαίας

205 1007 227 1049 ὁ
260 1009 448 1061 Καῖσαρ,
496 1008 733 1062 Τιβεριάδα
770 1007 843 1049 καὶ
891 1010 1127 1062 Ταριχαίας
1158 1007 1399 1049 ὑπακούειν
1433 1006 1549 1063 αὐτῷ

203 1079 428 1127 κελεύσας·
463 1079 618 1120 δίδωσι
652 1076 700 1119 δὲ
731 1077 803 1120 καὶ
830 1076 1052 1120 Ἰουλιάδα
1083 1080 1214 1120 πόλιν
1252 1084 1328 1132 τῆς
1358 1079 1552 1131 Περαίας

204 1147 277 1189 καὶ
309 1150 456 1202 κώμας
486 1149 561 1198 τὰς
591 1148 691 1201 περὶ
722 1150 861 1203 αὐτὴν
896 1150 1290 1203 τετταρεσκαίδεκα.

296 1219 439 1273 <160>
472 1220 524 1260 τὰ
564 1217 611 1260 δὲ
656 1220 762 1261 κατὰ
807 1221 885 1273 τὴν
919 1218 1140 1261 Ἰουδαίαν
1177 1220 1407 1274 πράγματα
1444 1220 1554 1273 πρὸς

205 1290 253 1330 τὸ
286 1297 434 1343 χεῖρον
467 1288 532 1331 ἀεὶ
564 1290 645 1343 τὴν
678 1290 878 1332 ἐπίδοσιν
916 1290 1149 1344 ἐλάμβανε·
1188 1292 1437 1344 λῃστηρίων
1469 1291 1551 1344 γὰρ

204 1359 230 1413 ἡ
270 1361 390 1414 χώρα
426 1361 560 1402 πάλιν
601 1361 859 1415 ἀνεπλήσθη
898 1360 969 1402 καὶ
1002 1363 1173 1414 γοήτων
1213 1361 1478 1415 ἀνθρώπων,
1511 1362 1556 1402 οἳ

205 1432 282 1472 τὸν
316 1431 448 1485 ὄχλον
479 1431 670 1484 ἠπάτων.
733 1433 877 1486 <161>
909 1431 1018 1473 ἀλλὰ
1050 1432 1217 1473 τούτων
1249 1429 1328 1485 μὲν
1362 1432 1384 1473 ὁ
1414 1430 1551 1485 Φῆλιξ

206 1503 397 1550 πολλοὺς
428 1500 529 1543 καθ’
569 1501 753 1557 ἑκάστην
784 1502 952 1556 ’ἡμέραν
994 1504 1076 1543 σὺν
1115 1510 1206 1551 τοῖς
1237 1506 1416 1557 λῃσταῖς
1447 1505 1552 1556 λαμ-

206 1571 356 1624 βάνων
389 1570 556 1627 ἀνῄρει,
589 1571 660 1614 καὶ
688 1570 947 1627 Ἐλεάζαρον
980 1570 1027 1614 δὲ
1060 1573 1137 1613 τὸν
1163 1575 1377 1614 Δειναίου
1403 1573 1553 1627 παῖδα,

206 1643 285 1684 τὸν
317 1643 649 1696 συστησάμενον
679 1651 767 1685 τῶν
799 1647 971 1698 λῃστῶν
1003 1645 1050 1685 τὸ
1085 1644 1326 1697 σύνταγμα,
1368 1641 1424 1684 δι’
1463 1641 1554 1684 ἐνέ-

208 1714 314 1767 δρας
357 1708 443 1754 εἶλε
490 1716 644 1763 ζῶντα·
687 1715 834 1754 πίστιν
878 1714 960 1767 γὰρ
1006 1712 1123 1769 αὐτῷ
1168 1714 1400 1766 προτείνας
1442 1709 1551 1764 ὑπὲρ

207 1789 285 1824 τοῦ
318 1781 455 1837 μηδὲν
487 1786 718 1825 πείσεσθαι
749 1786 898 1836 κακόν,
929 1786 1074 1825 πείθει
1105 1785 1214 1837 πρὸς
1239 1783 1373 1824 αὐτὸν
1405 1781 1553 1837 ἀφικέ-

208 1857 330 1905 σθαι,
361 1853 432 1895 καὶ
466 1855 601 1908 δήσας
638 1853 887 1908 ἀνέπεμψεν
925 1855 986 1904 εἰς
1019 1853 1198 1907 Ῥώμην.
1262 1854 1408 1907 <162>
1440 1854 1551 1908 ἔχων

208 1922 246 1964 δ’
286 1923 488 1978 ἀπεχθῶς
518 1926 627 1979 πρὸς
657 1926 736 1967 τὸν
769 1924 969 1979 ἀρχιερέα
1001 1926 1079 1966 τὸν
1105 1923 1324 1978 Ἰωνάθην
1357 1924 1379 1966 ὁ
1414 1923 1550 1976 Φῆλιξ

208 1995 281 2035 διὰ
324 1997 372 2036 τὸ
417 1995 624 2044 πολλάκις
666 1991 740 2036 ὑπ’
789 1995 925 2037 αὐτοῦ
969 1998 1282 2036 νουθετεῖσθαι
1332 1992 1430 2048 περὶ
1473 1999 1552 2035 τοῦ

206 2067 466 2119 κρειττόνως
496 2068 791 2120 προΐστασθαι
823 2074 909 2107 τῶν
942 2066 1048 2107 κατὰ
1074 2066 1153 2119 τὴν
1175 2063 1393 2106 Ἰουδαίαν
1415 2078 1552 2117 πραγ-

208 2135 373 2189 μάτων,
404 2137 461 2190 μὴ
494 2135 565 2177 καὶ
597 2136 761 2190 μέμψιν
793 2137 922 2186 αὐτὸς
955 2137 1084 2191 ὄφλοι
1125 2136 1242 2189 παρὰ
1272 2141 1363 2183 τοῖς
1389 2135 1552 2187 πλήθε-

210 2217 282 2247 σιν
307 2206 595 2260 αἰτησάμενος
620 2206 790 2249 ἐκεῖνον
815 2208 932 2261 παρὰ
951 2213 1030 2249 τοῦ
1051 2208 1274 2260 Καίσαρος
1294 2208 1553 2258 πεμφθῆναι

304 2290 323 2328 ξ
351 2290 419 2321 160
446 2288 490 2323 cf.
518 2288 608 2323 Bell.
636 2286 714 2323 Iud.
741 2288 774 2322 Π
803 2292 855 2331 13τ
884 2292 914 2323 3,

1572 809 1602 833 10

1572 1161 1605 1187 15

1572 1515 1606 1539 20

1572 1866 1605 1891 25

1573 2217 1607 2241 30
