1732 2526
203 46 288 88 306
693 47 1056 81 APXAIOAOPIAE

202 153 326 209 μέχρι
358 159 433 208 τῆς
470 156 532 203 είς
558 152 779 196 Ἰουδαίαν
818 154 1023 209 ἀφίξεως,
1056 154 1125 195 ὅτε
1159 157 1377 209 Σολομῶν
1418 155 1440 197 ὁ
1473 158 1551 210 βα-

202 226 348 273 σιλεὺς
379 230 438 281 τῷ
469 229 561 281 θεῷ
593 226 671 267 τὸν
701 226 811 267 ναὸν
838 226 1028 279 ἤγειρεν,
1059 226 1400 280 ἠρχιεράτευσαν
1431 236 1549 281 τρισ-

201 297 391 337 καίδεκα.
457 295 611 350 <229>
654 297 702 338 τὸ
740 296 822 349 γὰρ
866 303 1041 350 πρῶτον
1085 295 1165 345 ἕως
1208 302 1283 350 τῆς
1325 302 1403 338 τοῦ
1447 298 1549 351 βίου

201 369 404 420 τελευτῆς
429 367 505 415 τὰς
531 365 857 421 ἀρχιερωσύνας
882 364 1018 422 εἶχον,
1049 367 1235 421 ὕστερον
1262 364 1310 408 δὲ
1335 365 1407 408 καὶ
1432 367 1549 420 παρὰ

202 438 374 487 ζώντων
407 435 669 492 διεδέχοντο.
727 437 772 478 οί
799 439 951 478 τοίνυν
983 438 1261 492 τρισκαίδεκα
1293 433 1430 491 οὗτοι,
1462 444 1549 478 τῶν

202 508 282 548 δύο
323 508 494 548 παίδων
530 505 751 561 Ἀαρῶνος
792 508 915 556 ὄντες
955 509 1147 560 ἔκγονοι,
1192 508 1300 548 κατὰ
1344 507 1551 562 διαδοχὰς

199 579 280 632 τὴν
318 578 448 631 τιμὴν
487 578 840 632 παρελάμβανον.
904 576 1073 631 ἐγένετο
1113 575 1152 619 δ’
1190 578 1335 619 αὐτῶν
1377 577 1550 632 ἀριστο-

199 649 379 703 κρατικὴ
419 645 499 701 μὲν
538 647 563 700 ἡ
602 649 748 702 πρώτη
788 650 1004 702 πολιτεία,
1048 649 1152 702 μετὰ
1192 649 1355 702 ταύτην
1393 646 1442 690 δὲ
1473 663 1549 703 μο-

199 721 376 774 ναρχία,
421 717 640 772 βασιλέων
683 716 730 759 δὲ
761 720 896 773 τρίτη.
959 719 1114 774 <230>
1148 721 1343 773 γίγνεται
1382 717 1430 761 δὲ
1461 726 1548 760 τῶν

200 789 309 830 ἐτῶν
342 788 530 843 ἀριθμὸς
562 784 623 829 ὧν
650 785 787 843 ἧρξαν
813 789 859 830 οἱ
883 790 1175 843 τρισκαίδεκα,
1207 787 1280 845 ἀφ’
1312 786 1364 843 ἧς
1388 788 1550 844 ἡμέρας

199 860 246 900 οἱ
272 858 452 913 πατέρες
482 858 605 913 ἡμῶν
639 857 837 909 ἐξέλιπον
862 863 1091 913 Αἰγύπτου
1116 858 1334 909 Μωυσέος
1366 860 1551 913 ἄγοντος

199 928 323 984 μέχρι
355 935 430 983 τῆς
460 936 538 971 τοῦ
570 934 681 971 ναοῦ
712 935 1000 984 κατασκευῆς,
1039 930 1090 972 ὃν
1123 933 1339 984 Σολομῶν
1372 930 1394 972 ὁ
1426 932 1550 984 βασι-

198 1002 298 1049 λεὺς
341 999 390 1042 ἐν
442 998 765 1054 Ἱεροσολύμοις
809 999 1061 1055 ἀνήγειρεν,
1111 1002 1182 1054 ἔτη
1229 1001 1398 1041 δώδεκα
1441 1002 1550 1055 πρὸς

198 1078 289 1120 τοῖς
340 1069 590 1121 ἑξακοσίοις.
661 1071 816 1125 <231>
866 1072 972 1125 μετὰ
1023 1069 1071 1112 δὲ
1120 1073 1223 1120 τοὺς
1271 1072 1550 1125 τρισκαίδεκα

199 1140 415 1197 ἀρχιερεῖς
456 1141 649 1190 ἐκείνους
691 1140 795 1182 δέκα
836 1140 908 1182 καὶ
947 1142 1058 1183 ὀκτὼ
1096 1142 1176 1195 τὴν
1217 1140 1548 1196 ἀρχιερωσύνην

200 1214 348 1267 ἔσχον,
381 1211 464 1253 ἀπὸ
498 1215 766 1266 Σολομῶνος
798 1211 1011 1266 βασιλέως
1043 1211 1090 1253 ἐν
1115 1210 1439 1266 Ἱεροσολύμοις
1470 1211 1547 1253 αὐ-

198 1283 277 1336 τὴν
310 1281 614 1336 διαδεξάμενοι
646 1280 771 1336 μέχρι
798 1283 1204 1338 Ναβουχοδονόσορ
1238 1283 1260 1324 ὁ
1287 1289 1375 1324 τῶν
1400 1284 1547 1336 Βαβυ-

198 1355 371 1395 λωνίων
403 1355 608 1406 βασιλεὺς
635 1351 971 1408 ἐπιστρατεύσας
997 1359 1045 1407 τῇ
1078 1354 1202 1394 πόλει
1228 1354 1306 1394 τὸν
1331 1350 1412 1407 μὲν
1436 1353 1548 1394 ναὸν

199 1422 429 1477 ἐνέπρησε,
460 1425 509 1465 τὸ
543 1421 585 1464 δ’
623 1425 756 1473 ἔθνος
786 1423 910 1478 ἡμῶν
942 1425 1003 1472 εἰς
1035 1425 1281 1477 Βαβυλῶνα
1314 1424 1546 1477 μετήνεγκε

197 1493 268 1536 καὶ
295 1496 372 1536 τὸν
397 1492 599 1549 ἀρχιερέα
619 1492 889 1549 Ἰωσαδάκην
916 1495 1190 1549 αἰχμάλωτον
1216 1495 1355 1548 ἔλαβε.
1405 1494 1547 1547 <232>

198 1566 367 1608 τούτων
392 1567 551 1620 χρόνος
576 1571 650 1618 τῆς
676 1564 1002 1620 ἀρχιερωσύνης
1021 1567 1312 1619 τετρακοσίων
1339 1562 1547 1618 ἑξήκοντα

198 1636 241 1687 ἓξ
274 1636 382 1678 ε’τῶν
415 1635 526 1689 ε’στί,
558 1643 712 1690 μηνῶν
744 1636 808 1688 ἕξ,
845 1635 1020 1690 ἡμερῶν
1053 1634 1170 1689 δέκα,
1202 1635 1286 1688 ἤδη
1317 1637 1546 1688 βασιλευο-

198 1706 343 1762 μένων
373 1704 611 1748 Ἰουδαίων.
673 1706 818 1760 <233>
859 1707 965 1760 μετὰ
1004 1703 1051 1746 δὲ
1090 1707 1251 1761 χρόνον
1289 1704 1398 1746 ἐτῶν
1436 1703 1546 1746 ἁλώ-

199 1789 306 1826 σεως
356 1775 659 1831 ἑβδομήκοντα
707 1783 782 1830 τῆς
831 1777 916 1818 ὑπὸ
960 1777 1262 1829 Βαβυλωνίων
1308 1774 1547 1830 γενομένης

196 1850 345 1902 Κῦρος
371 1847 393 1889 ὁ
419 1850 607 1901 Περσῶν
634 1848 839 1901 βασιλεὺς
864 1845 1051 1888 ἀπέλυσε
1077 1847 1180 1894 τοὺς
1207 1845 1253 1887 ἐκ
1278 1848 1546 1900 Βαβυλῶνος

193 1916 435 1965 Ἰουδαίους
466 1915 536 1958 ἐπὶ
567 1918 648 1971 τὴν
675 1918 841 1958 οἰκείαν
874 1922 956 1970 γῆν
988 1916 1136 1969 πάλιν,
1166 1914 1238 1957 καὶ
1269 1917 1544 1971 συνεχώρησε

196 1989 274 2030 τὸν
306 1987 416 2028 ναὸν
449 1986 622 2042 ἐγεῖραι.
678 1988 820 2040 <234>
854 1989 949 2029 τότε
977 1987 1030 2041 δὴ
1057 1993 1145 2027 τῶν
1172 1986 1544 2040 ὑποστρεψάντων

197 2053 260 2107 εἷς
287 2058 348 2099 ὢν
376 2057 398 2098 ὁ
419 2064 497 2099 τοῦ
524 2056 955 2112 αἰχμαλωτισθέντος
971 2053 1237 2098 Ἰωσαδάκου
1263 2063 1363 2105 παῖς
1377 2052 1544 2110 Ἰησοῦς

196 2130 276 2183 τὴν
309 2127 640 2183 ἀρχιερωσύνην
672 2128 896 2182 λαμβάνει.
953 2124 1081 2176 οὗτος
1113 2124 1161 2168 δὲ
1192 2125 1263 2168 καὶ
1295 2126 1341 2168 οἱ
1369 2127 1543 2180 ἔκγονοι

197 2199 354 2252 αὐτοῦ,
390 2200 698 2239 πεντεκαίδεκα
738 2199 1001 2252 σύμπαντες,
1043 2196 1166 2252 μέχρι
1204 2195 1416 2251 βασιλέως
1449 2194 1541 2238 'Av-

196 2272 346 2324 τιόχου
378 2274 457 2310 τοῦ
490 2268 728 2323 εὐπάτορος
766 2268 1069 2311 ἐπολιτεύοντο
1113 2269 1438 2322 δημοκρατικῶς
1471 2268 1541 2321 ἔτη

1571 801 1603 827 10

1568 1154 1602 1179 15

1567 1505 1601 1530 20

1565 1855 1597 1881 25

1563 2208 1597 2234 30
