1732 2526
212 55 295 97 152
700 55 1064 89 ΑΡΧΑῐοΛοΓΙΑΣ

210 163 359 205 στάσει
372 160 595 217 Ῥωμαίων
627 159 722 204 ἀλλ’
753 160 822 204 ἐπὶ
850 163 1044 217 διαφυγῇ
1070 167 1145 216 τῆς
1165 159 1365 202 Πιλάτου
1390 158 1559 214 ὕβρεως
1601 203 1605 207 ,

210 235 272 283 εἰς
302 234 382 289 τὴν
421 236 649 288 Τιραθανᾶ
680 232 1022 289 παραγενέσθαι.
1083 231 1199 286 <89>
1230 229 1303 272 καὶ
1334 228 1559 279 ’ὅιτέλλιος

210 305 479 360 Μάρκελλόν
511 320 609 346 τινα
641 311 729 346 τῶν
756 304 892 346 αὑτοῦ
924 305 1068 358 φίλων
1101 300 1319 356 ἐκπέμψας
1357 300 1558 355 ἐπιμελη-

211 377 291 431 τὴν
335 382 427 425 τοῖς
466 373 697 424 Ἰουδαίοις
734 376 1048 429 γενησόμενον,
1087 377 1286 415 Πιλᾶτον
1331 370 1558 414 ἐκέλευσεν

212 445 459 502 ἐπὶῬώμης
490 444 679 499 ἀπιέναι,
710 446 819 500 πρὸς
845 444 870 486 ἃ
896 452 1182 500 κατηγοροῖεν
1198 442 1407 485 Ἰουδαῖοι
1437 441 1558 484 διδά-

212 519 342 570 ξοντα
374 519 453 560 τὸν
485 516 798 571 αὐτοκράτορα.
859 514 932 557 καὶ
953 518 1145 564 Πιλᾶτος
1171 512 1258 556 δέκ’
1292 516 1433 556 ἔτεσιν
1466 514 1560 554 δια-

210 592 366 645 τρίψας
398 586 467 630 ἐπὶ
504 585 720 635 Ἰουδαίας
752 587 814 635 εἰς
844 583 1012 640 Ῥώμην
1050 585 1250 639 ἠπείγετο
1288 590 1382 632 ταῖς
1415 581 1560 624 ’ὅιτελ-

211 662 310 703 λίου
341 660 607 713 πειθόμενος
639 656 835 706 ἐντολαῖς
875 656 955 698 οὐκ
997 655 1049 697 ὃν
1083 655 1317 696 ἀντειπεῖν.
1379 652 1484 709 πρὶν
1517 652 1556 695 δ’

211 731 237 786 ἢ
258 737 309 788 τῇ
323 728 462 784 Ῥώμῃ
482 735 720 783 προσσχεῖν
746 726 896 780 αὐτόν,
917 726 1085 781 φθάνει
1112 724 1310 780 Τιβέριος
1339 724 1560 780 μεταστάς.

165 790 416 855 3s‘f<90>
453 797 681 848 ’ὃιτέλλιος
726 794 763 839 δ’
812 798 873 846 εἰς
916 798 995 851 τὴν
1036 795 1256 838 Ἰουδαίαν
1297 796 1562 851 ἀφικόμενος

214 871 283 915 ἐπὶ
319 870 641 926 Ἱεροσολύμων
686 866 835 924 ἀνῄει,
878 866 949 910 καὶ
993 865 1048 921 ἧν
1092 868 1175 922 γὰρ
1221 866 1368 916 αὐτοῖς
1412 864 1561 921 ἑορτή·

211 943 355 998 πάσχα
388 940 436 984 δὲ
461 945 670 994 καλεῖται,
697 937 873 995 δεχθεὶς
898 941 1237 994 μεγαλοπρεπῶς
1258 936 1485 987 ’ὅιτέλλιος
1509 937 1562 979 τὰ

212 1013 314 1068 τέλη
347 1020 435 1055 τῶν
461 1011 762 1066 πωλουμένων
788 1017 968 1065 καρπῶν
995 1009 1171 1064 ἀνιήσιν
1197 1010 1259 1058 είς
1283 1009 1332 1051 τὸ
1358 1014 1446 1050 πᾶν
1472 1014 1563 1057 τοῖς

213 1086 347 1141 ταύτῃ
379 1089 648 1136 κατοικοῦσι,
679 1080 752 1124 καὶ
789 1081 870 1135 τὴν
903 1082 1063 1134 στολὴν
1101 1085 1179 1121 τοῦ
1218 1078 1453 1134 ἀρχιερέως
1489 1077 1563 1120 καὶ

213 1157 290 1198 τὸν
334 1153 460 1196 πάντ’
509 1154 643 1196 αὐτοῦ
688 1155 855 1207 κόσμον
900 1152 1206 1206 συνεχώρησεν
1257 1150 1305 1192 ἐν
1354 1156 1413 1207 τῷ
1459 1149 1561 1206 ἱερῷ

213 1228 416 1280 κείμενον
448 1224 533 1266 ὑπὸ
566 1231 656 1274 τοῖς
689 1224 879 1278 ἱερεῦσιν
919 1224 1034 1278 ἔχειν
1072 1222 1152 1275 τὴν
1192 1220 1456 1276 ἐπιμέλειαν,
1487 1236 1562 1262 κα-

213 1299 315 1339 θότι
353 1294 426 1337 καὶ
469 1296 684 1350 πρότερον
721 1290 776 1347 ἦν
815 1292 964 1341 αὐτοῖς
1001 1290 1192 1342 ἐξουσία·
1236 1291 1351 1345 <91>
1389 1292 1483 1332 τότε
1517 1289 1557 1332 δ’

215 1367 263 1410 ἐν
294 1373 344 1423 τῇ
376 1365 587 1422 Ἀντωνία
624 1363 861 1421 (φρούριον
902 1361 944 1404 δ’
990 1361 1108 1405 ἐστὶν
1147 1362 1261 1405 οὕτω
1302 1362 1562 1417 λεγόμενον)

214 1438 239 1492 ἡ
274 1437 486 1486 ἀπόθεσις
519 1436 651 1489 αὐτῆς
675 1432 732 1489 ἦν
759 1434 831 1476 διὰ
857 1434 1065 1488 τοιαύτην
1091 1434 1249 1474 αἰτίαν.
1293 1439 1381 1473 τῶν
1409 1431 1563 1487 ἱερέων

214 1525 278 1558 τις
304 1507 529 1564 “Υρκανός,
559 1509 736 1548 πολλῶν
769 1504 807 1547 δ’
847 1506 988 1547 ὄντων
1021 1506 1065 1546 οἳ
1100 1501 1190 1546 τόδ’
1237 1503 1475 1546 ἐκαλοῦντο
1512 1503 1562 1545 τὸ

215 1582 354 1634 ὄνομα
395 1579 418 1621 ὁ
457 1584 641 1633 πρῶτος,
680 1574 771 1618 ἐπεὶ
809 1578 997 1630 πλησίον
1035 1580 1093 1632 τῷ
1129 1575 1230 1631 ἱερῷ
1272 1577 1403 1629 βᾶριν
1435 1590 1562 1616 κατα-

216 1649 540 1704 σκευασάμενος
573 1647 620 1690 ε’ν
653 1647 787 1703 ταύτῃ
813 1647 864 1689 τὰ
890 1647 1030 1689 πολλὰ
1055 1646 1137 1700 τὴν
1163 1646 1337 1687 δίαιταν
1362 1642 1464 1700 εἶχε,
1491 1644 1563 1687 καὶ

214 1723 295 1776 τὴν
334 1722 496 1774 στολήν
537 1718 698 1776 (φύλαξ
737 1718 820 1772 γὰρ
862 1714 917 1772 ἦν
956 1717 1089 1771 αὐτῆς
1126 1717 1199 1758 διὰ
1240 1717 1287 1758 τὸ
1328 1715 1400 1758 καὶ
1441 1718 1563 1773 μόνῳ

217 1795 581 1847 συγκεχωρῆσθαι
623 1796 701 1832 τοῦ
755 1788 994 1831 ἐνδύεσθαι
1038 1788 1118 1841 τὴν
1161 1786 1385 1842 ἐξουσίαν)
1427 1788 1563 1843 ταύτῃ

216 1859 332 1918 εἶχεν
371 1859 676 1915 ἀποκειμένην,
720 1856 842 1902 ὁπότ’
887 1860 951 1909 εἰς
982 1859 1062 1913 τὴν
1102 1860 1233 1900 πόλιν
1264 1859 1427 1900 κατιὼν
1459 1857 1563 1899 ἀνα-

217 1933 433 1987 λαμβάνοι
465 1933 545 1986 τὴν
579 1932 824 1985 ἰδιωτικήν·
864 1930 981 1984 <92>
1020 1928 1092 1971 καὶ
1132 1930 1177 1972 οἵ
1198 1927 1245 1970 θ’
1281 1929 1390 1978 υἱεῖς
1428 1928 1564 1970 αὐτοῦ

217 2010 350 2045 ταῦτα
381 2002 587 2057 πράττειν
619 2000 883 2055 ἐπετήδευον
909 1999 981 2042 καὶ
1007 1999 1136 2042 τέκνα
1162 1999 1386 2042 τάκείνων.
1422 1997 1565 2055 “Ηρώ-

218 2075 296 2129 δης
328 2071 376 2115 δὲ
408 2072 670 2128 βασιλεύσας
702 2074 782 2126 τήν
814 2087 858 2113 τε
890 2073 1023 2126 βᾶριν
1054 2071 1233 2125 ταύτην,
1260 2070 1308 2112 ἐν
1334 2069 1564 2127 ἐπιτηδείῳ

216 2144 444 2200 κειμένην,
494 2143 819 2192 κατασκευάσας
867 2145 1116 2191 πολυτελῶς
1153 2139 1392 2183 Ἀντωνίαν
1441 2143 1569 2182 καλεῖ

218 2217 372 2270 ὄνομα,
404 2221 462 2271 τῷ
490 2210 707 2271 Ἀντωνίῳ
740 2216 868 2268 φίλος
901 2214 977 2266 ὥν,
1008 2211 1081 2254 καὶ
1112 2213 1192 2266 τὴν
1225 2211 1386 2265 στολὴν
1419 2212 1564 2267 ὥσπερ

218 2285 540 2341 καταλαμβάνει
571 2285 674 2340 τῇδε
705 2282 913 2338 κειμένην
952 2290 1136 2339 κατεῖχε,
1173 2283 1391 2324 πιστεύων
1430 2280 1564 2325 οὐδὲν

1583 807 1617 833 10

1583 1162 1616 1188 15

1583 1517 1617 1542 20

1584 1870 1617 1896 25

1585 2223 1620 2248 30
