1732 2526
710 72 926 104 ΕΙΚΟΣΤΗ
1405 69 1459 110 28
1469 70 1488 108 1

141 190 283 233 σαμον
309 181 598 233 καλούμενον,
623 176 695 219 καὶ
720 178 1134 232 προσμαχεσάμενος
1159 185 1377 231 καρτερῶς
1403 172 1490 219 εἷλε

140 250 188 291 τὸ
220 250 459 304 φρούριον,
497 248 740 303 διαρπάσας
770 263 814 289 τε
846 248 928 302 τὴν
961 247 1007 289 ἐν
1040 248 1157 304 αὐτῷ
1191 250 1314 290 λείαν
1345 254 1491 289 πᾶσαν

140 318 298 374 (πολλὴ
344 315 383 361 δ’
430 316 505 374 ἦν)
549 318 820 374 ὑπέστρεψεν
864 319 925 367 εἰς
969 318 1047 372 τὴν
1074 317 1362 372 Ἀδιαβηνήν,
1412 320 1489 360 τὸν

133 392 283 444 Ἀβιάν
333 390 386 432 οὐ
435 390 695 443 καταλαβὼν
740 391 896 440 ζῶντα·
946 390 1490 443 περικαταλαμβανόμενος

101 474 117 499 5
137 461 220 515 γὰρ
254 458 412 503 ἑαυτὸν
445 459 604 513 ἀνεῖλε,
636 458 740 514 πρὶν
773 461 835 509 είς
867 466 1014 515 χεῖρας
1040 463 1384 513 συγκλεισθῆναι
1410 465 1488 500 τοῦ

132 531 308 581 Ἰζάτου.

224 601 339 655 <81>
370 600 663 657 ἀποτυχόντες
695 599 743 644 δὲ
776 602 822 643 οἱ
858 609 946 643 τῶν
974 600 1248 656 Ἀδιαβηνῶν
1286 606 1488 655 μεγιστᾶ-

135 686 208 720 νες
237 676 312 725 τῆς
342 672 514 726 πρώτης
546 671 873 726 ἐπιχειρήσεως,
910 672 1186 726 παραδόντος
1217 665 1378 720 αὐτοὺς
1408 677 1486 713 τοῦ

133 745 246 784 θεοῦ
286 748 345 799 τῷ
386 744 576 797 βασιλεῖ,
621 740 716 785 οὐδ’
761 743 818 792 ὣς
858 742 1072 798 ἠρέμουν,
1118 742 1227 784 ἀλλὰ
1264 742 1487 798 γράφουσι

82 827 115 853 10
133 813 266 855 πάλιν
295 811 519 869 ’ὅολογέσῃ
552 812 778 869 (βασιλεὺς
816 811 864 855 δὲ
896 814 1099 869 Πάρθων
1141 810 1269 863 οὗτος
1299 810 1375 869 ἧν)
1407 827 1487 854 πα-

133 886 426 939 ρακαλοῦντες
466 883 719 926 ἀποκτεῖναι
760 881 840 938 μὲν
881 886 958 926 τὸν
991 883 1175 938 Ἰζάτην,
1220 890 1488 937 καταστῆσαι

133 950 173 995 δ’
221 954 371 1004 αὐτοῖς
415 953 565 1009 ἕτερον
610 955 834 1009 δυνάστην
883 954 956 996 καὶ
1005 961 1063 1012 τῷ
1109 954 1227 1009 γένει
1272 955 1485 1010 Πάρθον·

132 1033 277 1080 μισεῖν
314 1026 397 1079 γὰρ
436 1027 513 1068 τὸν
552 1024 720 1068 ἑαυτῶν
758 1025 940 1081 βασιλέα
977 1027 1281 1068 καταλύσαντα
1322 1023 1402 1079 μὲν
1434 1026 1487 1066 τὰ

131 1095 292 1151 πάτρια
336 1096 504 1150 αὐτοῖς,
555 1096 693 1146 ξένων
736 1095 772 1138 τ’
824 1097 1012 1151 ἐραστὴν
1062 1097 1181 1138 ἐθῶν
1232 1098 1484 1150 γενόμενον.

78 1179 111 1205 1⁵
132 1167 248 1222 <82>
279 1165 396 1209 ταῦτ’
436 1167 626 1217 ἀκούσας
664 1168 686 1210 ὁ
720 1168 906 1223 Πάρθος
945 1167 1117 1222 ἐπήρθη
1159 1169 1268 1221 πρὸς
1298 1169 1376 1209 τὸν
1408 1169 1486 1208 πό-

131 1241 285 1292 λεμον,
322 1236 395 1280 καὶ
431 1239 694 1292 προφάσεως
733 1240 904 1288 δικαίας
940 1240 1157 1293 μηδεμίαν
1196 1240 1308 1292 ἔχων
1346 1237 1485 1292 ἀφορ-

130 1310 239 1363 μήν,
280 1309 356 1358 τὰς
387 1308 472 1350 ὑπὸ
504 1316 584 1352 τοῦ
615 1311 778 1364 πατρὸς
810 1310 926 1366 αὐτῷ
961 1311 1169 1359 δοθείσας
1199 1310 1325 1362 τιμὰς
1358 1311 1486 1362 ἔπεμ-

130 1386 213 1430 ψεν
257 1378 471 1433 ἀπαιτῶν,
516 1378 810 1434 ἀπειθήσαντι
855 1378 903 1422 δὲ
943 1382 1137 1435 πόλεμον
1178 1381 1485 1434 κατήγγελλεν.

129 1450 243 1504 <83>
275 1450 529 1503 ταράττεται
561 1448 609 1492 δὲ
641 1452 721 1506 τὴν
749 1452 896 1507 ψυχὴν
924 1450 1021 1506 οὐχὶ
1048 1452 1233 1506 μετρίως
1259 1451 1281 1492 ὁ
1308 1449 1483 1504 Ἰζάτης,

76 1534 110 1560 20
129 1520 188 1570 ὡς
219 1521 379 1574 ἤκουσε
411 1527 565 1575 ταῦτα,
603 1522 879 1576 κατάγνωσιν
911 1521 992 1577 μὲν
1024 1521 1177 1577 φέρειν
1209 1521 1326 1578 αὑτῷ
1359 1524 1483 1575 νομί-

130 1601 208 1641 σας
244 1592 292 1633 τὸ
330 1598 419 1633 τῶν
458 1593 638 1647 δωρεῶν
677 1592 952 1646 ἐξίστασθαι,
992 1593 1198 1634 δοκοῦντι
1232 1593 1304 1633 διὰ
1337 1595 1482 1646 φόβον

128 1666 257 1704 τοῦτο
301 1662 470 1717 πρᾶξαι.
532 1664 647 1717 <84>
690 1665 819 1713 εἰδὼς
863 1662 903 1705 δ’
954 1663 1020 1705 ὅτι
1064 1661 1136 1704 καὶ
1177 1662 1414 1718 ἀπολαβὼν
1459 1664 1482 1705 ὀ

129 1732 314 1787 Πάρθος
351 1734 426 1783 τὰς
466 1734 592 1788 τιμὰς
634 1734 713 1775 οὐκ
755 1733 809 1776 ἂν
850 1734 1131 1789 ἠρεμήσειεν,
1176 1735 1349 1787 ἔκρινεν
1391 1734 1482 1775 ε’πι-

127 1801 283 1858 τρέψαι
319 1810 378 1860 τῷ
418 1805 629 1859 κηδεμόνι
667 1803 758 1861 θεῷ
801 1806 878 1847 τὸν
910 1802 1020 1859 ὑπὲρ
1053 1810 1127 1858 τῆς
1157 1810 1299 1860 ψυχῆς
1329 1806 1480 1847 κίνδυ-

73 1886 108 1912 25
126 1887 225 1916 vov·
277 1873 404 1928 <85>
453 1873 525 1916 καὶ
574 1881 733 1918 τοῦτον
783 1873 990 1930 μέγιστον
1040 1875 1314 1930 ἡγησάμενος
1365 1877 1482 1930 ἔχειν

129 1944 374 2000 σύμμαχον,
405 1947 684 1987 κατατίθεται
716 1943 796 1999 μὲν
828 1946 879 1987 τὰ
910 1944 1039 1988 τέκνα
1071 1944 1143 1987 καὶ
1170 1946 1245 1995 τὰς
1269 1954 1481 1999 γυναῖκας

127 2017 189 2065 εἰς
213 2016 265 2058 τὰ
291 2023 379 2058 τῶν
404 2018 633 2071 φρουρίων
659 2015 978 2071 ἀσφαλέστατα,
1011 2017 1088 2059 τὸν
1114 2025 1236 2059 σῖτον
1265 2014 1313 2058 δὲ
1337 2017 1479 2059 πάντα

127 2088 188 2136 εἰς
219 2087 293 2136 τὰς
326 2087 491 2141 βάρεις,
522 2075 894 2142 καὶέμπίμπρησι
925 2089 1002 2129 τόν
1034 2103 1078 2129 τε
1110 2090 1268 2143 χόρτον
1300 2087 1371 2129 καὶ
1403 2089 1481 2137 τὰς

125 2157 275 2212 νομάς.
347 2158 483 2200 ταῦτά
527 2173 571 2199 τε
615 2158 1071 2213 προευτρεπισάμενος
1115 2157 1332 2213 ἐξεδέχετο
1376 2160 1480 2207 τοὺς

71 2239 106 2264 30
125 2230 371 2282 πολεμίους.
433 2228 548 2283 <86>
588 2227 948 2284 παραγενομένου
990 2226 1038 2270 δὲ
1079 2228 1156 2270 ῗοῦ
1198 2231 1477 2282 Παρθυαίων

124 2297 338 2352 βασιλέως
370 2300 476 2353 μετὰ
502 2303 666 2353 πολλῆς
698 2300 926 2354 δυνάμεως
957 2301 1096 2350 πεζῶν
1130 2314 1171 2341 τε
1205 2298 1275 2340 καὶ
1310 2298 1481 2341 ἱππέων

1514 612 1537 642 Ν)
