1732 2526
187 76 243 117 30
680 75 1044 109 ΑΡΧΑΙΟΛΟΓῙΑΣ

185 182 429 238 ἐμμένομεν
474 182 643 235 αὐτοῖς,
689 182 848 232 εὔνους
890 180 962 224 καὶ
1006 185 1164 237 φίλους
1208 183 1533 238 ἀπεργάζονται.

184 254 330 308 <178>
363 254 432 295 διὸ
474 252 546 294 καὶ
578 260 714 295 ταῦτα
750 250 852 308 παρ’
892 252 1072 295 ἐκείνων
1110 254 1215 308 ἡμῖν
1248 252 1535 309 ἀπαντητέον,
1568 279 1572 283 -

182 322 255 365 καὶ
283 323 386 366 δέον
407 324 486 366 οὐκ
507 322 554 366 ἐν
575 330 624 379 τῇ
653 324 845 380 διαφορᾷ
869 331 956 365 τῶν
983 323 1339 379 ἐπιτηδευμάτων
1361 329 1535 367 οἴεσθαι

181 396 230 436 τὸ
264 393 520 449 ἀλλότριον,
561 393 656 436 ἀλλ’
694 394 741 436 ἐν
783 399 842 451 τῷ
881 395 990 449 πρὸς
1026 398 1360 449 καλοκαγαθίαν
1393 395 1536 450 ἐπιτη-

183 466 310 515 δείως
342 467 473 520 ἔχειν·
516 472 644 507 τοῦτο
677 466 760 519 γὰρ
786 466 939 507 κοινὸν
971 471 1078 506 πᾶσι
1108 464 1181 507 καὶ
1207 467 1346 520 μόνον
1381 466 1534 508 ἱκανὸν
1572 479 1589 506 5

183 536 412 586 διασώζειν
437 537 514 578 τὸν
540 544 628 578 τῶν
655 536 906 591 ἀνθρώπων
933 537 1046 590 βίον.
1100 534 1302 591 ἐπάνειμι
1329 534 1377 578 δὲ
1401 537 1534 579 πάλιν

184 604 253 648 ἐπὶ
286 608 337 648 τὰ
370 613 530 662 συνεχῆ
564 612 638 660 τῆς
672 606 876 659 ἱστορίας.

137 677 159 718 7
269 678 414 732 <179>
448 678 470 720 ὁ
503 679 585 731 γὰρ
612 675 815 732 “Ηρώδης
840 679 1021 726 πολλοῖς
1046 683 1137 726 τοῖς
1163 676 1446 731 ἀναλώμασιν
1472 682 1534 728 εἵς

181 763 225 789 τε
258 749 334 797 τὰς
366 747 446 798 ἔξω
480 747 661 803 (χρείας)
695 746 769 789 καὶ
800 748 876 797 τὰς
907 747 954 789 ἐν
986 754 1035 803 τῇ
1062 749 1265 804 βασιλείᾳ
1295 749 1533 803 χρώμενος,

181 817 378 871 ἀκηκοὼς
417 820 479 860 ἔτι
516 819 667 873 τάχιον
706 819 764 868 ὡς
794 816 1006 872 ’Τρκανὸς
1043 819 1065 860 ὁ
1107 819 1191 871 πρὸ
1234 818 1371 860 αὐτοῦ
1410 821 1532 873 βασι-
1554 834 1588 858 10

181 890 282 938 λεὺς
308 888 484 939 ἀνοίξας
509 890 586 930 τὸν
613 890 818 930 Δαυίδου
845 889 986 943 τάφον
1013 888 1228 943 ἀργυρίου
1260 889 1388 943 λάβοι
1414 901 1534 944 τρισ-

180 962 297 1014 χίλια
330 960 520 1001 τάλαντα
551 957 764 1013 κειμένων
803 961 916 1001 πολὺ
948 953 1168 1001 πλειόνων
1201 961 1262 1001 ε”τι
1294 958 1366 1000 καὶ
1399 960 1533 1000 δυνα-

180 1028 326 1084 μένων
360 1031 421 1079 εἰς
453 1030 569 1071 ἅπαν
602 1028 837 1084 ἐπαρκέσαι
863 1037 956 1079 ταῖς
981 1032 1223 1085 χορηγίαις,
1256 1030 1303 1071 ἐκ
1328 1032 1534 1079 πλείονος

180 1098 260 1154 μὲν
306 1098 361 1142 δι’
408 1099 580 1160 ἐννοίας
620 1097 708 1155 εἶχε
750 1101 828 1154 τὴν
873 1100 1164 1156 ἐπιχείρησιν,
1208 1101 1353 1155 <180>
1395 1100 1442 1142 ἐν
1485 1098 1532 1142 δὲ

179 1178 238 1227 τῷ
270 1173 365 1213 τότε
398 1173 554 1220 νυκτὸς
585 1170 761 1222 ἀνοίξας
791 1172 869 1213 τὸν
894 1171 1037 1226 τάφον
1063 1171 1302 1226 εἰσέρχεται
1334 1186 1531 1226 πραγμα-
1552 1185 1585 1210 15

179 1242 445 1296 τευσάμενος
489 1242 643 1296 ἥκιστα
686 1239 766 1296 μὲν
811 1240 860 1283 ἐν
903 1248 954 1297 τῇ
998 1244 1123 1284 πόλει
1168 1243 1359 1297 φανερὸς
1402 1239 1531 1297 εἶναι,

178 1313 458 1367 παρειληφὼς
497 1309 545 1353 δὲ
582 1314 684 1361 τοὺς
721 1312 1009 1362 πιστοτάτους
1045 1320 1133 1354 τῶν
1165 1315 1321 1367 φίλων.
1384 1313 1530 1366 <181>

179 1382 428 1437 ἀποθέσιμα
466 1380 546 1437 μὲν
584 1379 665 1424 οὖν
696 1384 915 1438 χρήματα,
952 1383 1150 1438 καθάπερ
1177 1381 1409 1437 “Υρκανός,
1450 1383 1530 1439 οὐχ

178 1450 330 1509 εὗρεν,
374 1456 541 1507 κόσμον
580 1451 628 1494 δὲ
665 1459 862 1508 χρυσοῦν
893 1453 965 1495 καὶ
1002 1456 1240 1508 κειμηλίων
1270 1455 1432 1508 πολύν,
1478 1454 1529 1496 ὃν

178 1524 374 1566 ἀνείλετο
394 1524 548 1566 πάντα.
585 1525 785 1578 σπουδὴν
807 1520 846 1565 δ’
871 1520 1001 1579 εἶχεν,
1022 1523 1357 1579 ἐπιμελεστέραν
1378 1525 1529 1567 ποιού-
1549 1538 1583 1564 20

179 1610 308 1649 μενος
338 1596 419 1649 τὴν
452 1597 664 1649 ἔρευναν,
696 1593 910 1649 ἐνδοτέρω
943 1611 987 1636 τε
1019 1603 1180 1650 χωρεῖν
1211 1594 1283 1637 καὶ
1315 1596 1422 1637 κατὰ
1453 1595 1529 1645 τὰς

177 1667 317 1719 θήκας
350 1665 397 1707 ἐν
429 1659 498 1714 αἷς
528 1661 583 1719 ἦν
615 1671 694 1707 τοῦ
726 1666 930 1707 Δαυίδου
963 1664 1035 1707 καὶ
1067 1672 1146 1708 τοῦ
1178 1669 1446 1720 Σολομῶνος
1475 1667 1528 1707 τὰ

178 1736 366 1790 σώματα.
429 1736 575 1790 <182>
616 1734 688 1777 καὶ
730 1737 811 1778 δύο
853 1734 933 1790 μὲν
973 1736 1090 1793 αὐτῷ
1132 1744 1220 1778 τῶν
1262 1738 1527 1792 δορυφόρων

179 1807 508 1861 διεφθάρησαν,
555 1808 720 1861 φλογὸς
763 1808 951 1849 ἔνδοθεν
996 1808 1211 1849 εἰσιοῦσιν
1254 1806 1527 1861 ἀπαντώσης,

177 1877 235 1926 ὡς
267 1876 454 1931 ἐλέγετο·
504 1879 745 1932 περίφοβος
778 1876 816 1918 δ’
856 1878 986 1927 αὐτὸς
1025 1876 1138 1933 ἐξῄει
1175 1876 1248 1919 καὶ
1287 1883 1366 1919 τοῦ
1399 1876 1579 1928 δεόυς25

179 1947 431 2002 ἱλαστήριον
473 1953 620 2002 μνῆμα
662 1951 817 2002 λευκῆς
857 1947 1015 2004 πέτρας
1047 1947 1115 1990 ἐπὶ
1147 1953 1206 2005 τῷ
1249 1950 1410 2005 στομίῳ
1451 1964 1526 1989 κα-

177 2018 464 2060 τεσκευάσατο
491 2020 835 2074 πολυτελεστάτῃ
863 2019 1048 2075 δαπάνῃ.
1098 2019 1244 2073 <183>
1270 2019 1428 2060 τούτου
1453 2017 1526 2060 καὶ

175 2091 398 2138 Νικόλαος
442 2089 464 2131 ὁ
501 2086 594 2130 κατ’
638 2089 773 2131 αὐτὸν
820 2090 1158 2145 ἱστοριογράφος
1197 2087 1408 2143 μέμνηται
1446 2096 1524 2132 τοῦ

175 2159 601 2213 κατασκευάσματος,
634 2158 687 2200 οὐ
719 2160 806 2214 μὴν
839 2159 904 2201 ὅτι
935 2163 1176 2214 κατῆλθεν,
1219 2159 1298 2202 οὐκ
1330 2159 1522 2214 εὐπρεπῆ

176 2231 255 2285 τὴν
286 2229 444 2285 πρᾶξιν
477 2229 770 2284 ἐπιστάμενος.
834 2232 1025 2273 διατελεῖ
1060 2229 1109 2272 δὲ
1146 2229 1218 2272 καὶ
1258 2225 1392 2272 τᾶλλα
1423 2237 1521 2273 τοῦ·
1542 2244 1576 2270 3ο

175 2316 252 2342 τον
291 2302 367 2342 τὸν
405 2302 569 2356 τρόπον
606 2301 829 2356 χρώμενος
866 2307 916 2356 τῇ
955 2307 1115 2356 γραφῇ.
1178 2302 1323 2355 <184>
1363 2303 1445 2351 ζῶν
1477 2317 1521 2343 τε
