<?xml version="1.0" encoding="UTF-8"?>
<!DOCTYPE html PUBLIC "-//W3C//DTD XHTML 1.0 Transitional//EN"
    "http://www.w3.org/TR/xhtml1/DTD/xhtml1-transitional.dtd">
<html xmlns="http://www.w3.org/1999/xhtml" xml:lang="en" lang="en">
 <head>
  <title>
</title>
<meta http-equiv="Content-Type" content="text/html;charset=utf-8" />
  <meta name='ocr-system' content='tesseract 3.04.00' />
  <meta name='ocr-capabilities' content='ocr_page ocr_carea ocr_par ocr_line ocrx_word'/>
</head>
<body>
  <div class='ocr_page' id='page_1' title='image "./flaviiiosephiope04joseuoft_0230.png"; bbox 0 0 1732 2526; ppageno 0'>
   <div class='ocr_carea' id='block_1_1' title="bbox 242 45 1098 86">
    <p class='ocr_par' dir='ltr' id='par_1_1' title="bbox 242 45 1098 86">
     <span class='ocr_line' id='line_1_1' title="bbox 242 45 1098 86; baseline -0.001 -8"><span class='ocrx_word' id='word_1_1' title='bbox 242 46 262 85; x_wconf 81' lang='lat'>1</span> <span class='ocrx_word' id='word_1_2' title='bbox 272 45 294 85; x_wconf 84' lang='grc'><strong>7</strong></span> <span class='ocrx_word' id='word_1_3' title='bbox 302 47 325 86; x_wconf 83' lang='grc'>8</span> <span class='ocrx_word' id='word_1_4' title='bbox 733 46 1098 79; x_wconf 84' lang='grc' dir='ltr'>ΑΡΧΑΙΟΛΟΓΙΑΣ</span> 
     </span>
    </p>
   </div>
   <div class='ocr_carea' id='block_1_2' title="bbox 241 150 1591 208">
    <p class='ocr_par' dir='ltr' id='par_1_2' title="bbox 241 150 1591 208">
     <span class='ocr_line' id='line_1_2' title="bbox 241 150 1591 208; baseline 0.001 -15"><span class='ocrx_word' id='word_1_5' title='bbox 241 153 488 202; x_wconf 77' lang='grc' dir='ltr'><em>συννεύσας</em></span> <span class='ocrx_word' id='word_1_6' title='bbox 519 154 628 207; x_wconf 89' lang='grc' dir='ltr'><em>πρὸς</em></span> <span class='ocrx_word' id='word_1_7' title='bbox 659 153 795 195; x_wconf 89' lang='grc' dir='ltr'><em>αὐτὸν</em></span> <span class='ocrx_word' id='word_1_8' title='bbox 827 153 1002 208; x_wconf 80' lang='grc' dir='ltr'><em>γλώσσῃ</em></span> <span class='ocrx_word' id='word_1_9' title='bbox 1029 158 1078 208; x_wconf 74' lang='grc' dir='ltr'><em>τῇ</em></span> <span class='ocrx_word' id='word_1_10' title='bbox 1099 150 1317 207; x_wconf 85' lang='grc' dir='ltr'><em>Ἑβραίων</em></span> <span class='ocrx_word' id='word_1_11' title='bbox 1350 150 1591 208; x_wconf 52' lang='grc' dir='ltr'><em>(τέθνηκεν</em></span> 
     </span>
    </p>
   </div>
   <div class='ocr_carea' id='block_1_3' title="bbox 238 220 1592 1057">
    <p class='ocr_par' dir='ltr' id='par_1_3' title="bbox 238 220 1592 1057">
     <span class='ocr_line' id='line_1_3' title="bbox 241 220 1591 278; baseline 0.001 -14"><span class='ocrx_word' id='word_1_12' title='bbox 241 223 263 265; x_wconf 86' lang='grc' dir='ltr'>ὁ</span> <span class='ocrx_word' id='word_1_13' title='bbox 304 222 438 264; x_wconf 86' lang='grc' dir='ltr'><em>λε’ων’</em></span> <span class='ocrx_word' id='word_1_14' title='bbox 483 225 632 277; x_wconf 88' lang='grc' dir='ltr'><em>φησίν.</em></span> <span class='ocrx_word' id='word_1_15' title='bbox 694 223 840 278; x_wconf 77' lang='lat'>&lt;229&gt;</span> <span class='ocrx_word' id='word_1_16' title='bbox 879 222 901 265; x_wconf 86' lang='grc' dir='ltr'>ὃ</span> <span class='ocrx_word' id='word_1_17' title='bbox 944 220 992 264; x_wconf 75' lang='grc' dir='ltr'><em>δὲ</em></span> <span class='ocrx_word' id='word_1_18' title='bbox 1031 223 1212 264; x_wconf 84' lang='grc' dir='ltr'><em>σύνεσίν</em></span> <span class='ocrx_word' id='word_1_19' title='bbox 1250 238 1295 264; x_wconf 93' lang='grc' dir='ltr'><em>τε</em></span> <span class='ocrx_word' id='word_1_20' title='bbox 1333 228 1411 264; x_wconf 87' lang='grc' dir='ltr'><em>τοῦ</em></span> <span class='ocrx_word' id='word_1_21' title='bbox 1455 224 1591 276; x_wconf 80' lang='grc' dir='ltr'><strong><em>λόγου</em></strong></span> 
     </span>
     <span class='ocr_line' id='line_1_4' title="bbox 239 292 1592 351; baseline 0 -16"><span class='ocrx_word' id='word_1_22' title='bbox 239 294 535 348; x_wconf 74' lang='grc' dir='ltr'><em>ποιησάμενος</em></span> <span class='ocrx_word' id='word_1_23' title='bbox 572 292 644 336; x_wconf 84' lang='grc' dir='ltr'><em>καὶ</em></span> <span class='ocrx_word' id='word_1_24' title='bbox 685 294 871 350; x_wconf 76' lang='grc' dir='ltr'><em>χάρματι</em></span> <span class='ocrx_word' id='word_1_25' title='bbox 910 299 968 351; x_wconf 79' lang='grc' dir='ltr'><em>τῷ</em></span> <span class='ocrx_word' id='word_1_26' title='bbox 1010 292 1075 335; x_wconf 81' lang='grc' dir='ltr'><em>ἐπ’</em></span> <span class='ocrx_word' id='word_1_27' title='bbox 1121 293 1238 350; x_wconf 78' lang='grc' dir='ltr'><em>αὐτῷ</em></span> <span class='ocrx_word' id='word_1_28' title='bbox 1279 296 1592 349; x_wconf 85' lang='grc' dir='ltr'><em>περιενεχθείς,</em></span> 
     </span>
     <span class='ocr_line' id='line_1_5' title="bbox 243 361 1592 420; baseline 0 -14"><span class='ocrx_word' id='word_1_29' title='bbox 243 363 374 406; x_wconf 57' lang='grc' dir='ltr'><em>ςοέλλά</em></span> <span class='ocrx_word' id='word_1_30' title='bbox 407 376 476 407; x_wconf 90' lang='grc' dir='ltr'><em>σοι</em></span> <span class='ocrx_word' id='word_1_31' title='bbox 508 372 596 406; x_wconf 86' lang='grc' dir='ltr'><em>τῶν</em></span> <span class='ocrx_word' id='word_1_32' title='bbox 629 364 835 407; x_wconf 83' lang='grc' dir='ltr'><em>ἁπάντων</em></span> <span class='ocrx_word' id='word_1_33' title='bbox 868 363 935 406; x_wconf 78' lang='grc' dir='ltr'><em>καὶ</em></span> <span class='ocrx_word' id='word_1_34' title='bbox 971 370 1046 419; x_wconf 79' lang='grc' dir='ltr'><em>τῆς</em></span> <span class='ocrx_word' id='word_1_35' title='bbox 1078 362 1147 406; x_wconf 83' lang='grc' dir='ltr'><em>ἐπὶ</em></span> <span class='ocrx_word' id='word_1_36' title='bbox 1185 361 1290 420; x_wconf 76' lang='grc' dir='ltr'><em>τῷδ’</em></span> <span class='ocrx_word' id='word_1_37' title='bbox 1335 364 1592 418; x_wconf 90' lang='grc' dir='ltr'><em>εὐαγγελίας</em></span> 
     </span>
     <span class='ocr_line' id='line_1_6' title="bbox 239 434 1591 490; baseline 0.001 -14"><span class='ocrx_word' id='word_1_38' title='bbox 239 436 411 490; x_wconf 87' lang='grc' dir='ltr'><em>χάριτες</em></span> <span class='ocrx_word' id='word_1_39' title='bbox 443 434 490 477; x_wconf 90' lang='grc' dir='ltr'><em>ἐν</em></span> <span class='ocrx_word' id='word_1_40' title='bbox 523 434 619 490; x_wconf 84' lang='grc' dir='ltr'><em>ἐμοὶ</em></span> <span class='ocrx_word' id='word_1_41' title='bbox 651 443 855 477; x_wconf 75' lang='grc' dir='ltr'><em>παντοῖαι</em></span> <span class='ocrx_word' id='word_1_42' title='bbox 889 437 1122 489; x_wconf 81' lang='grc' dir='ltr'><em>γίγνοιντο.</em></span> <span class='ocrx_word' id='word_1_43' title='bbox 1187 436 1326 489; x_wconf 87' lang='grc' dir='ltr'><em>μόνον</em></span> <span class='ocrx_word' id='word_1_44' title='bbox 1361 434 1508 490; x_wconf 80' lang='grc' dir='ltr'><em>ἀληθῆ</em></span> <span class='ocrx_word' id='word_1_45' title='bbox 1540 436 1591 477; x_wconf 77' lang='grc' dir='ltr'><em>τὰ</em></span> 
     </span>
     <span class='ocr_line' id='line_1_7' title="bbox 239 504 1590 562; baseline 0 -14"><span class='ocrx_word' id='word_1_46' title='bbox 239 508 453 561; x_wconf 86' lang='grc' dir='ltr'><em>λεγόμενα</em></span> <span class='ocrx_word' id='word_1_47' title='bbox 485 507 579 561; x_wconf 81' lang='grc' dir='ltr'><em>εἰἠ.’</em></span> <span class='ocrx_word' id='word_1_48' title='bbox 643 508 785 561; x_wconf 73' lang='grc'>&lt;230&gt;</span> <span class='ocrx_word' id='word_1_49' title='bbox 816 504 888 548; x_wconf 84' lang='grc' dir='ltr'><em>καὶ</em></span> <span class='ocrx_word' id='word_1_50' title='bbox 931 506 952 549; x_wconf 90' lang='grc' dir='ltr'>ὁ</span> <span class='ocrx_word' id='word_1_51' title='bbox 993 505 1328 561; x_wconf 77' lang='grc' dir='ltr'><em>ἑκατοντάρχης,</em></span> <span class='ocrx_word' id='word_1_52' title='bbox 1367 506 1501 561; x_wconf 84' lang='grc' dir='ltr'><em>ὅσπερ</em></span> <span class='ocrx_word' id='word_1_53' title='bbox 1539 512 1590 562; x_wconf 75' lang='grc' dir='ltr'><em>τῇ</em></span> 
     </span>
     <span class='ocr_line' id='line_1_8' title="bbox 239 575 1591 632; baseline 0 -14"><span class='ocrx_word' id='word_1_54' title='bbox 239 580 413 632; x_wconf 75' lang='grc' dir='ltr'><em>φυλακῇ</em></span> <span class='ocrx_word' id='word_1_55' title='bbox 460 577 705 631; x_wconf 82' lang='grc' dir='ltr'><em>ἐφειστήκει</em></span> <span class='ocrx_word' id='word_1_56' title='bbox 749 583 828 619; x_wconf 91' lang='grc' dir='ltr'><em>τοῦ</em></span> <span class='ocrx_word' id='word_1_57' title='bbox 867 575 1102 631; x_wconf 77' lang='grc' dir='ltr'><em>Ἀγρίππα,</em></span> <span class='ocrx_word' id='word_1_58' title='bbox 1146 578 1372 631; x_wconf 76' lang='grc' dir='ltr'><em>θεώμενος</em></span> <span class='ocrx_word' id='word_1_59' title='bbox 1421 577 1502 630; x_wconf 91' lang='grc' dir='ltr'><em>τήν</em></span> <span class='ocrx_word' id='word_1_60' title='bbox 1545 592 1591 619; x_wconf 91' lang='grc' dir='ltr'><em>τε</em></span> 
     </span>
     <span class='ocr_line' id='line_1_9' title="bbox 240 646 1590 702; baseline 0 -12"><span class='ocrx_word' id='word_1_61' title='bbox 240 648 440 702; x_wconf 85' lang='grc' dir='ltr'><em>σπουδὴν</em></span> <span class='ocrx_word' id='word_1_62' title='bbox 473 646 571 702; x_wconf 83' lang='grc' dir='ltr'><em>μεθ’</em></span> <span class='ocrx_word' id='word_1_63' title='bbox 613 649 706 697; x_wconf 76' lang='grc' dir='ltr'><em>οἵας</em></span> <span class='ocrx_word' id='word_1_64' title='bbox 739 647 760 690; x_wconf 89' lang='grc' dir='ltr'>ὁ</span> <span class='ocrx_word' id='word_1_65' title='bbox 794 648 1012 702; x_wconf 76' lang='grc' dir='ltr'><em>Μαρσύας</em></span> <span class='ocrx_word' id='word_1_66' title='bbox 1044 647 1223 702; x_wconf 82' lang='grc' dir='ltr'><em>ἀφίκετο</em></span> <span class='ocrx_word' id='word_1_67' title='bbox 1250 646 1322 689; x_wconf 82' lang='grc' dir='ltr'><em>καὶ</em></span> <span class='ocrx_word' id='word_1_68' title='bbox 1347 648 1395 689; x_wconf 92' lang='grc' dir='ltr'><em>τὸ</em></span> <span class='ocrx_word' id='word_1_69' title='bbox 1431 647 1476 689; x_wconf 89' lang='grc' dir='ltr'><em>ἐκ</em></span> <span class='ocrx_word' id='word_1_70' title='bbox 1502 655 1590 690; x_wconf 87' lang='grc' dir='ltr'><em>τῶν</em></span> 
     </span>
     <span class='ocr_line' id='line_1_10' title="bbox 239 717 1590 775; baseline -0.001 -14"><span class='ocrx_word' id='word_1_71' title='bbox 239 721 384 773; x_wconf 85' lang='grc' dir='ltr'><em>λόγων</em></span> <span class='ocrx_word' id='word_1_72' title='bbox 415 719 558 773; x_wconf 89' lang='grc' dir='ltr'><em>χάρμα</em></span> <span class='ocrx_word' id='word_1_73' title='bbox 593 717 806 775; x_wconf 75' lang='grc' dir='ltr'><em>Ἀγρίππα</em></span> <span class='ocrx_word' id='word_1_74' title='bbox 845 720 1083 772; x_wconf 83' lang='grc' dir='ltr'><em>συνελθόν,</em></span> <span class='ocrx_word' id='word_1_75' title='bbox 1124 718 1402 772; x_wconf 79' lang='grc' dir='ltr'><em>ὑποτοπήσας</em></span> <span class='ocrx_word' id='word_1_76' title='bbox 1433 720 1590 760; x_wconf 88' lang='grc' dir='ltr'><em>καίνω-</em></span> 
     </span>
     <span class='ocr_line' id='line_1_11' title="bbox 239 787 1589 844; baseline -0.001 -13"><span class='ocrx_word' id='word_1_77' title='bbox 239 792 310 832; x_wconf 89' lang='grc' dir='ltr'><em>σίν</em></span> <span class='ocrx_word' id='word_1_78' title='bbox 343 806 440 831; x_wconf 91' lang='grc' dir='ltr'><em>τινα</em></span> <span class='ocrx_word' id='word_1_79' title='bbox 478 788 708 843; x_wconf 81' lang='grc' dir='ltr'><em>γεγονέναι</em></span> <span class='ocrx_word' id='word_1_80' title='bbox 747 797 834 831; x_wconf 86' lang='grc' dir='ltr'><em>τῶν</em></span> <span class='ocrx_word' id='word_1_81' title='bbox 874 791 1019 843; x_wconf 87' lang='grc' dir='ltr'><em>λόγων</em></span> <span class='ocrx_word' id='word_1_82' title='bbox 1060 790 1189 844; x_wconf 73' lang='grc' dir='ltr'><em>ἤρετό</em></span> <span class='ocrx_word' id='word_1_83' title='bbox 1224 801 1337 843; x_wconf 89' lang='grc' dir='ltr'><em>σφας</em></span> <span class='ocrx_word' id='word_1_84' title='bbox 1379 787 1478 842; x_wconf 83' lang='grc' dir='ltr'><em>περὶ</em></span> <span class='ocrx_word' id='word_1_85' title='bbox 1509 794 1589 831; x_wconf 89' lang='grc' dir='ltr'><em>τοῦ</em></span> 
     </span>
     <span class='ocr_line' id='line_1_12' title="bbox 239 857 1590 915; baseline -0.001 -13"><span class='ocrx_word' id='word_1_86' title='bbox 239 863 375 914; x_wconf 82' lang='grc' dir='ltr'><em>λόγου</em></span> <span class='ocrx_word' id='word_1_87' title='bbox 400 868 479 903; x_wconf 88' lang='grc' dir='ltr'><em>τοῦ</em></span> <span class='ocrx_word' id='word_1_88' title='bbox 513 860 809 915; x_wconf 81' lang='grc' dir='ltr'><em>ἐφεστηκότος.</em></span> <span class='ocrx_word' id='word_1_89' title='bbox 872 861 1018 914; x_wconf 79' lang='grc'>&lt;231&gt;</span> <span class='ocrx_word' id='word_1_90' title='bbox 1050 862 1096 902; x_wconf 81' lang='grc' dir='ltr'><em>οἳ</em></span> <span class='ocrx_word' id='word_1_91' title='bbox 1126 857 1173 901; x_wconf 75' lang='grc' dir='ltr'><em>δὲ</em></span> <span class='ocrx_word' id='word_1_92' title='bbox 1211 859 1317 909; x_wconf 85' lang='grc' dir='ltr'><em>τέως</em></span> <span class='ocrx_word' id='word_1_93' title='bbox 1349 857 1429 913; x_wconf 78' lang='grc' dir='ltr'><em>μὲν</em></span> <span class='ocrx_word' id='word_1_94' title='bbox 1460 857 1590 914; x_wconf 81' lang='grc' dir='ltr'><em>παρέ-</em></span> 
     </span>
     <span class='ocr_line' id='line_1_13' title="bbox 238 928 1588 989; baseline 0 -17"><span class='ocrx_word' id='word_1_95' title='bbox 238 946 418 986; x_wconf 84' lang='grc' dir='ltr'><em>τρεπον,</em></span> <span class='ocrx_word' id='word_1_96' title='bbox 459 930 693 989; x_wconf 78' lang='grc' dir='ltr'><em>ἐγκειμένῳ</em></span> <span class='ocrx_word' id='word_1_97' title='bbox 734 928 775 973; x_wconf 83' lang='grc' dir='ltr'><em>δ’</em></span> <span class='ocrx_word' id='word_1_98' title='bbox 820 931 1112 986; x_wconf 80' lang='grc' dir='ltr'><em>ἀποσημαίνει</em></span> <span class='ocrx_word' id='word_1_99' title='bbox 1151 930 1173 973; x_wconf 90' lang='grc' dir='ltr'>ὁ</span> <span class='ocrx_word' id='word_1_100' title='bbox 1211 929 1447 985; x_wconf 83' lang='grc' dir='ltr'><em>Ἀγρίππας</em></span> <span class='ocrx_word' id='word_1_101' title='bbox 1485 929 1588 987; x_wconf 77' lang='grc' dir='ltr'><em>(ἤδη</em></span> 
     </span>
     <span class='ocr_line' id='line_1_14' title="bbox 238 999 1588 1057; baseline -0.001 -14"><span class='ocrx_word' id='word_1_102' title='bbox 238 1002 320 1057; x_wconf 81' lang='grc' dir='ltr'><em>γὰρ</em></span> <span class='ocrx_word' id='word_1_103' title='bbox 353 1004 482 1056; x_wconf 83' lang='grc' dir='ltr'><em>φίλος</em></span> <span class='ocrx_word' id='word_1_104' title='bbox 513 999 588 1057; x_wconf 75' lang='grc' dir='ltr'><em>ἦν)</em></span> <span class='ocrx_word' id='word_1_105' title='bbox 623 1000 761 1057; x_wconf 76' lang='grc' dir='ltr'><em>μηδὲν</em></span> <span class='ocrx_word' id='word_1_106' title='bbox 805 1002 1048 1052; x_wconf 78' lang='grc' dir='ltr'><em>ἐνδοιάσας.</em></span> <span class='ocrx_word' id='word_1_107' title='bbox 1121 1001 1143 1043; x_wconf 90' lang='grc' dir='ltr'><strong><em>ὃ</em></strong></span> <span class='ocrx_word' id='word_1_108' title='bbox 1188 999 1227 1043; x_wconf 82' lang='grc' dir='ltr'><em>δ’</em></span> <span class='ocrx_word' id='word_1_109' title='bbox 1276 1000 1504 1043; x_wconf 88' lang='grc' dir='ltr'><em>ἐκοινοῦτό</em></span> <span class='ocrx_word' id='word_1_110' title='bbox 1545 1016 1588 1042; x_wconf 90' lang='grc' dir='ltr'><em>τε</em></span> 
     </span>
    </p>
   </div>
   <div class='ocr_carea' id='block_1_4' title="bbox 238 1068 1649 1129">
    <p class='ocr_par' dir='ltr' id='par_1_4' title="bbox 238 1068 1649 1129">
     <span class='ocr_line' id='line_1_15' title="bbox 238 1068 1649 1129; baseline -0.001 -15"><span class='ocrx_word' id='word_1_111' title='bbox 238 1073 317 1127; x_wconf 83' lang='grc' dir='ltr'><em>τὴν</em></span> <span class='ocrx_word' id='word_1_112' title='bbox 349 1072 518 1126; x_wconf 81' lang='grc' dir='ltr'><em>ἡδονὴν</em></span> <span class='ocrx_word' id='word_1_113' title='bbox 550 1079 629 1115; x_wconf 89' lang='grc' dir='ltr'><em>τοῦ</em></span> <span class='ocrx_word' id='word_1_114' title='bbox 662 1074 797 1127; x_wconf 86' lang='grc' dir='ltr'><em>λόγου</em></span> <span class='ocrx_word' id='word_1_115' title='bbox 831 1073 903 1114; x_wconf 83' lang='grc' dir='ltr'><em>διὰ</em></span> <span class='ocrx_word' id='word_1_116' title='bbox 935 1075 983 1115; x_wconf 92' lang='grc' dir='ltr'><em>τὸ</em></span> <span class='ocrx_word' id='word_1_117' title='bbox 1016 1074 1078 1122; x_wconf 82' lang='grc' dir='ltr'><em>εἰς</em></span> <span class='ocrx_word' id='word_1_118' title='bbox 1110 1071 1257 1126; x_wconf 79' lang='grc' dir='ltr'><em>ἀγαθὰ</em></span> <span class='ocrx_word' id='word_1_119' title='bbox 1290 1078 1348 1129; x_wconf 76' lang='grc' dir='ltr'><em>τῷ</em></span> <span class='ocrx_word' id='word_1_120' title='bbox 1379 1068 1591 1128; x_wconf 79' lang='grc' dir='ltr'><em>Ἀγρίππᾳ</em></span> <span class='ocrx_word' id='word_1_121' title='bbox 1646 1078 1649 1079; x_wconf 69' lang='grc'>’</span> 
     </span>
    </p>
   </div>
   <div class='ocr_carea' id='block_1_5' title="bbox 236 1140 1590 2191">
    <p class='ocr_par' dir='ltr' id='par_1_5' title="bbox 236 1140 1590 2191">
     <span class='ocr_line' id='line_1_16' title="bbox 240 1140 1584 1200; baseline -0.001 -14"><span class='ocrx_word' id='word_1_122' title='bbox 240 1142 407 1198; x_wconf 80' lang='grc' dir='ltr'><em>φέρειν,</em></span> <span class='ocrx_word' id='word_1_123' title='bbox 441 1146 673 1200; x_wconf 85' lang='grc' dir='ltr'><em>προυτίθει</em></span> <span class='ocrx_word' id='word_1_124' title='bbox 706 1142 744 1186; x_wconf 90' lang='grc' dir='ltr'><em>τ’</em></span> <span class='ocrx_word' id='word_1_125' title='bbox 782 1144 899 1200; x_wconf 78' lang='grc' dir='ltr'><em>αὐτῷ</em></span> <span class='ocrx_word' id='word_1_126' title='bbox 934 1145 1128 1186; x_wconf 78' lang='grc' dir='ltr'><em>δεῖπνον.</em></span> <span class='ocrx_word' id='word_1_127' title='bbox 1191 1142 1508 1199; x_wconf 84' lang='grc' dir='ltr'><em>εὐωχουμένων</em></span> <span class='ocrx_word' id='word_1_128' title='bbox 1547 1140 1584 1184; x_wconf 87' lang='grc' dir='ltr'><em>δ’</em></span> 
     </span>
     <span class='ocr_line' id='line_1_17' title="bbox 240 1212 1589 1269; baseline -0.001 -14"><span class='ocrx_word' id='word_1_129' title='bbox 240 1214 385 1256; x_wconf 87' lang='grc' dir='ltr'><em>αὐτῶν</em></span> <span class='ocrx_word' id='word_1_130' title='bbox 417 1213 489 1256; x_wconf 85' lang='grc' dir='ltr'><em>καὶ</em></span> <span class='ocrx_word' id='word_1_131' title='bbox 520 1221 599 1256; x_wconf 87' lang='grc' dir='ltr'><em>τοῦ</em></span> <span class='ocrx_word' id='word_1_132' title='bbox 631 1216 768 1257; x_wconf 85' lang='grc' dir='ltr'><em>πότου</em></span> <span class='ocrx_word' id='word_1_133' title='bbox 800 1216 1034 1269; x_wconf 84' lang='grc' dir='ltr'><em>προϊόντος</em></span> <span class='ocrx_word' id='word_1_134' title='bbox 1065 1220 1210 1268; x_wconf 81' lang='grc' dir='ltr'><em>παρῆν</em></span> <span class='ocrx_word' id='word_1_135' title='bbox 1242 1230 1306 1264; x_wconf 92' lang='grc' dir='ltr'><em>τις</em></span> <span class='ocrx_word' id='word_1_136' title='bbox 1341 1212 1481 1268; x_wconf 79' lang='grc' dir='ltr'><em>λέγων</em></span> <span class='ocrx_word' id='word_1_137' title='bbox 1514 1215 1589 1268; x_wconf 81' lang='grc' dir='ltr'><em>ζῆν</em></span> 
     </span>
     <span class='ocr_line' id='line_1_18' title="bbox 239 1284 1589 1341; baseline -0.001 -15"><span class='ocrx_word' id='word_1_138' title='bbox 239 1300 283 1326; x_wconf 91' lang='grc' dir='ltr'><em>τε</em></span> <span class='ocrx_word' id='word_1_139' title='bbox 316 1286 393 1327; x_wconf 85' lang='grc' dir='ltr'><em>τὸν</em></span> <span class='ocrx_word' id='word_1_140' title='bbox 432 1284 636 1341; x_wconf 83' lang='grc' dir='ltr'><em>Τιβέριον</em></span> <span class='ocrx_word' id='word_1_141' title='bbox 668 1284 740 1327; x_wconf 83' lang='grc' dir='ltr'><em>καὶ</em></span> <span class='ocrx_word' id='word_1_142' title='bbox 767 1285 929 1339; x_wconf 85' lang='grc' dir='ltr'><em>ὀλίγων</em></span> <span class='ocrx_word' id='word_1_143' title='bbox 955 1286 1131 1341; x_wconf 81' lang='grc' dir='ltr'><em>ἡμερῶν</em></span> <span class='ocrx_word' id='word_1_144' title='bbox 1159 1285 1389 1339; x_wconf 82' lang='grc' dir='ltr'><em>ἐπανήξειν</em></span> <span class='ocrx_word' id='word_1_145' title='bbox 1421 1286 1483 1334; x_wconf 85' lang='grc' dir='ltr'><em>εἰς</em></span> <span class='ocrx_word' id='word_1_146' title='bbox 1509 1285 1589 1339; x_wconf 84' lang='grc' dir='ltr'><em>τὴν</em></span> 
     </span>
     <span class='ocr_line' id='line_1_19' title="bbox 236 1353 1590 1412; baseline -0.001 -14"><span class='ocrx_word' id='word_1_147' title='bbox 236 1358 378 1398; x_wconf 88' lang='grc' dir='ltr'><em>πόλιν.</em></span> <span class='ocrx_word' id='word_1_148' title='bbox 443 1356 588 1410; x_wconf 76' lang='grc'>&lt;232&gt;</span> <span class='ocrx_word' id='word_1_149' title='bbox 620 1355 692 1398; x_wconf 83' lang='grc' dir='ltr'><em>καὶ</em></span> <span class='ocrx_word' id='word_1_150' title='bbox 726 1357 748 1399; x_wconf 91' lang='grc' dir='ltr'>ὁ</span> <span class='ocrx_word' id='word_1_151' title='bbox 777 1355 1093 1412; x_wconf 77' lang='grc' dir='ltr'><em>ἑκατοντάρχης</em></span> <span class='ocrx_word' id='word_1_152' title='bbox 1125 1357 1281 1406; x_wconf 82' lang='grc' dir='ltr'><em>δεινῶς</em></span> <span class='ocrx_word' id='word_1_153' title='bbox 1312 1353 1590 1411; x_wconf 77' lang='grc' dir='ltr'><em>θορυβηθεὶς</em></span> 
     </span>
     <span class='ocr_line' id='line_1_20' title="bbox 237 1425 1588 1485; baseline -0.001 -16"><span class='ocrx_word' id='word_1_154' title='bbox 237 1432 296 1484; x_wconf 77' lang='grc' dir='ltr'><em>τῷ</em></span> <span class='ocrx_word' id='word_1_155' title='bbox 329 1429 445 1485; x_wconf 74' lang='grc' dir='ltr'><em>λόγῳ</em></span> <span class='ocrx_word' id='word_1_156' title='bbox 480 1428 552 1468; x_wconf 80' lang='grc' dir='ltr'><em>διὰ</em></span> <span class='ocrx_word' id='word_1_157' title='bbox 584 1429 633 1470; x_wconf 90' lang='grc' dir='ltr'><em>τὸ</em></span> <span class='ocrx_word' id='word_1_158' title='bbox 672 1429 733 1477; x_wconf 83' lang='grc' dir='ltr'><em>εἰς</em></span> <span class='ocrx_word' id='word_1_159' title='bbox 771 1427 970 1469; x_wconf 89' lang='grc' dir='ltr'><em>θάνατον</em></span> <span class='ocrx_word' id='word_1_160' title='bbox 1004 1427 1268 1482; x_wconf 77' lang='grc' dir='ltr'><em>ἀνακείμενα</em></span> <span class='ocrx_word' id='word_1_161' title='bbox 1308 1425 1588 1482; x_wconf 80' lang='grc' dir='ltr'><em>πεπραχέναι,</em></span> 
     </span>
     <span class='ocr_line' id='line_1_21' title="bbox 239 1489 1590 1554; baseline 0 -15"><span class='ocrx_word' id='word_1_162' title='bbox 239 1499 436 1554; x_wconf 78' lang='grc' dir='ltr'><em>δεσμώτῃ</em></span> <span class='ocrx_word' id='word_1_163' title='bbox 477 1513 521 1539; x_wconf 92' lang='grc' dir='ltr'><em>τε</em></span> <span class='ocrx_word' id='word_1_164' title='bbox 566 1496 638 1539; x_wconf 83' lang='grc' dir='ltr'><em>καὶ</em></span> <span class='ocrx_word' id='word_1_165' title='bbox 682 1496 746 1540; x_wconf 88' lang='grc' dir='ltr'><em>ἐπ’</em></span> <span class='ocrx_word' id='word_1_166' title='bbox 798 1498 979 1554; x_wconf 79' lang='grc' dir='ltr'><em>ἀγγελίᾳ</em></span> <span class='ocrx_word' id='word_1_167' title='bbox 1022 1497 1222 1539; x_wconf 90' lang='grc' dir='ltr'><em>θανάτου</em></span> <span class='ocrx_word' id='word_1_168' title='bbox 1270 1489 1590 1552; x_wconf 83' lang='grc' dir='ltr'><em>αὐτοκράτορος</em></span> 
     </span>
     <span class='ocr_line' id='line_1_22' title="bbox 239 1566 1590 1625; baseline -0.001 -15"><span class='ocrx_word' id='word_1_169' title='bbox 239 1570 614 1625; x_wconf 80' lang='grc' dir='ltr'><em>συνδεδιῃτῆσθαι</em></span> <span class='ocrx_word' id='word_1_170' title='bbox 647 1570 752 1624; x_wconf 80' lang='grc' dir='ltr'><em>μετὰ</em></span> <span class='ocrx_word' id='word_1_171' title='bbox 783 1569 1016 1624; x_wconf 81' lang='grc' dir='ltr'><em>χάρματος,</em></span> <span class='ocrx_word' id='word_1_172' title='bbox 1048 1567 1291 1610; x_wconf 78' lang='grc' dir='ltr'><em>ἀπωθεῖται</em></span> <span class='ocrx_word' id='word_1_173' title='bbox 1323 1569 1400 1610; x_wconf 88' lang='grc' dir='ltr'><em>τὸν</em></span> <span class='ocrx_word' id='word_1_174' title='bbox 1415 1566 1590 1623; x_wconf 80' lang='grc' dir='ltr'><em>Ἀγρίπ-</em></span> 
     </span>
     <span class='ocr_line' id='line_1_23' title="bbox 238 1636 1589 1693; baseline -0.001 -12"><span class='ocrx_word' id='word_1_175' title='bbox 238 1654 326 1682; x_wconf 92' lang='grc' dir='ltr'><em>παν</em></span> <span class='ocrx_word' id='word_1_176' title='bbox 358 1645 437 1681; x_wconf 87' lang='grc' dir='ltr'><em>τοῦ</em></span> <span class='ocrx_word' id='word_1_177' title='bbox 469 1640 705 1693; x_wconf 91' lang='grc' dir='ltr'><em>κλινιδιόυ,</em></span> <span class='ocrx_word' id='word_1_178' title='bbox 737 1642 814 1681; x_wconf 88' lang='grc' dir='ltr'><em>καί</em></span> <span class='ocrx_word' id='word_1_179' title='bbox 843 1636 892 1693; x_wconf 60' lang='grc' dir='ltr'><em>εἧ</em></span> <span class='ocrx_word' id='word_1_180' title='bbox 925 1638 1032 1681; x_wconf 84' lang='grc' dir='ltr'><em>πού’</em></span> <span class='ocrx_word' id='word_1_181' title='bbox 1065 1650 1173 1693; x_wconf 92' lang='grc' dir='ltr'><em>φησι</em></span> <span class='ocrx_word' id='word_1_182' title='bbox 1201 1638 1373 1693; x_wconf 52' lang='grc' dir='ltr'><em>(λήσειν</em></span> <span class='ocrx_word' id='word_1_183' title='bbox 1399 1654 1451 1693; x_wconf 89' lang='grc' dir='ltr'><em>με</em></span> <span class='ocrx_word' id='word_1_184' title='bbox 1482 1638 1589 1680; x_wconf 86' lang='grc' dir='ltr'><em>ὑπο-</em></span> 
     </span>
     <span class='ocr_line' id='line_1_24' title="bbox 239 1706 1581 1765; baseline -0.001 -13"><span class='ocrx_word' id='word_1_185' title='bbox 239 1717 356 1760; x_wconf 84' lang='grc' dir='ltr'><em>νοεῖς</em></span> <span class='ocrx_word' id='word_1_186' title='bbox 381 1710 580 1752; x_wconf 90' lang='grc' dir='ltr'><em>θάνατον</em></span> <span class='ocrx_word' id='word_1_187' title='bbox 605 1716 684 1752; x_wconf 88' lang='grc' dir='ltr'><em>τοῦ</em></span> <span class='ocrx_word' id='word_1_188' title='bbox 711 1710 1032 1765; x_wconf 83' lang='grc' dir='ltr'><em>αὐτοκράτορος</em></span> <span class='ocrx_word' id='word_1_189' title='bbox 1057 1710 1459 1764; x_wconf 78' lang='grc' dir='ltr'><em>καταψευσάμενος,</em></span> <span class='ocrx_word' id='word_1_190' title='bbox 1488 1706 1581 1750; x_wconf 79' lang='grc' dir='ltr'><em>ἀλλ’</em></span> 
     </span>
     <span class='ocr_line' id='line_1_25' title="bbox 239 1779 1587 1836; baseline -0.001 -13"><span class='ocrx_word' id='word_1_191' title='bbox 239 1781 293 1823; x_wconf 84' lang='grc' dir='ltr'><em>οὐ</em></span> <span class='ocrx_word' id='word_1_192' title='bbox 330 1784 496 1836; x_wconf 70' lang='grc' dir='ltr'><em>κεφαλῇ</em></span> <span class='ocrx_word' id='word_1_193' title='bbox 535 1787 586 1836; x_wconf 78' lang='grc' dir='ltr'><em>τῇ</em></span> <span class='ocrx_word' id='word_1_194' title='bbox 627 1787 679 1835; x_wconf 74' lang='grc' dir='ltr'><em>σῇ</em></span> <span class='ocrx_word' id='word_1_195' title='bbox 721 1786 879 1822; x_wconf 87' lang='grc' dir='ltr'><em>τοῦτον</em></span> <span class='ocrx_word' id='word_1_196' title='bbox 924 1779 1253 1834; x_wconf 77' lang='grc' dir='ltr'><em>ἀναμαξόμενος</em></span> <span class='ocrx_word' id='word_1_197' title='bbox 1295 1781 1374 1821; x_wconf 89' lang='grc' dir='ltr'><em>τὸν</em></span> <span class='ocrx_word' id='word_1_198' title='bbox 1412 1779 1587 1833; x_wconf 84' lang='grc' dir='ltr'><em>λόγον;’</em></span> 
     </span>
     <span class='ocr_line' id='line_1_26' title="bbox 240 1849 1587 1906; baseline -0.002 -12"><span class='ocrx_word' id='word_1_199' title='bbox 240 1853 383 1906; x_wconf 81' lang='lat'>&lt;233&gt;</span> <span class='ocrx_word' id='word_1_200' title='bbox 414 1849 532 1893; x_wconf 82' lang='grc' dir='ltr'><em>ταῦτ’</em></span> <span class='ocrx_word' id='word_1_201' title='bbox 571 1852 706 1893; x_wconf 80' lang='grc' dir='ltr'><em>εἰπὼν</em></span> <span class='ocrx_word' id='word_1_202' title='bbox 732 1852 898 1893; x_wconf 88' lang='grc' dir='ltr'><em>κελεύει</em></span> <span class='ocrx_word' id='word_1_203' title='bbox 926 1851 1056 1905; x_wconf 80' lang='grc' dir='ltr'><em>δῆσαι</em></span> <span class='ocrx_word' id='word_1_204' title='bbox 1081 1852 1159 1893; x_wconf 89' lang='grc' dir='ltr'><em>τὸν</em></span> <span class='ocrx_word' id='word_1_205' title='bbox 1175 1849 1430 1904; x_wconf 83' lang='grc' dir='ltr'><em>Ἀγρίππαν,</em></span> <span class='ocrx_word' id='word_1_206' title='bbox 1463 1853 1587 1892; x_wconf 91' lang='grc' dir='ltr'><em>λελυ-</em></span> 
     </span>
     <span class='ocr_line' id='line_1_27' title="bbox 238 1920 1586 1976; baseline -0.001 -12"><span class='ocrx_word' id='word_1_207' title='bbox 238 1923 324 1972; x_wconf 85' lang='grc' dir='ltr'><em>κὼς</em></span> <span class='ocrx_word' id='word_1_208' title='bbox 354 1924 570 1975; x_wconf 80' lang='grc' dir='ltr'><em>πρότερον</em></span> <span class='ocrx_word' id='word_1_209' title='bbox 602 1922 751 1975; x_wconf 85' lang='grc' dir='ltr'><em>αὐτόν,</em></span> <span class='ocrx_word' id='word_1_210' title='bbox 784 1923 988 1976; x_wconf 88' lang='grc' dir='ltr'><em>φυλακήν</em></span> <span class='ocrx_word' id='word_1_211' title='bbox 1020 1920 1057 1962; x_wconf 82' lang='grc' dir='ltr'><em>τ’</em></span> <span class='ocrx_word' id='word_1_212' title='bbox 1101 1920 1411 1976; x_wconf 80' lang='grc' dir='ltr'><em>ἀκριβεστέραν</em></span> <span class='ocrx_word' id='word_1_213' title='bbox 1450 1921 1586 1963; x_wconf 88' lang='grc' dir='ltr'><em>αὐτοῦ</em></span> 
     </span>
     <span class='ocr_line' id='line_1_28' title="bbox 239 1990 1585 2048; baseline -0.001 -13"><span class='ocrx_word' id='word_1_214' title='bbox 239 1994 265 2048; x_wconf 74' lang='grc' dir='ltr'>ἢ</span> <span class='ocrx_word' id='word_1_215' title='bbox 309 1995 527 2048; x_wconf 89' lang='grc' dir='ltr'><em>πρότερον</em></span> <span class='ocrx_word' id='word_1_216' title='bbox 571 1995 844 2035; x_wconf 85' lang='grc' dir='ltr'><em>καθίσταται.</em></span> <span class='ocrx_word' id='word_1_217' title='bbox 918 1991 990 2034; x_wconf 84' lang='grc' dir='ltr'><em>καὶ</em></span> <span class='ocrx_word' id='word_1_218' title='bbox 1034 1993 1171 2034; x_wconf 88' lang='grc' dir='ltr'><em>νύκτα</em></span> <span class='ocrx_word' id='word_1_219' title='bbox 1221 1990 1301 2046; x_wconf 75' lang='grc' dir='ltr'><em>μὲν</em></span> <span class='ocrx_word' id='word_1_220' title='bbox 1346 1991 1518 2045; x_wconf 85' lang='grc' dir='ltr'><em>ἐκείνην</em></span> <span class='ocrx_word' id='word_1_221' title='bbox 1563 1991 1585 2034; x_wconf 89' lang='grc' dir='ltr'>ὁ</span> 
     </span>
     <span class='ocr_line' id='line_1_29' title="bbox 236 2060 1587 2118; baseline -0.001 -13"><span class='ocrx_word' id='word_1_222' title='bbox 236 2063 472 2118; x_wconf 78' lang='grc' dir='ltr'><em>Ἀγρίππας</em></span> <span class='ocrx_word' id='word_1_223' title='bbox 504 2063 551 2105; x_wconf 90' lang='grc' dir='ltr'><em>ἐν</em></span> <span class='ocrx_word' id='word_1_224' title='bbox 583 2065 799 2113; x_wconf 86' lang='grc' dir='ltr'><em>τοιούτοις</em></span> <span class='ocrx_word' id='word_1_225' title='bbox 829 2061 886 2118; x_wconf 74' lang='grc' dir='ltr'><em>ἦν</em></span> <span class='ocrx_word' id='word_1_226' title='bbox 917 2071 1082 2113; x_wconf 78' lang='grc' dir='ltr'><em>κακοῖς·</em></span> <span class='ocrx_word' id='word_1_227' title='bbox 1114 2063 1259 2118; x_wconf 79' lang='lat'>&lt;234&gt;</span> <span class='ocrx_word' id='word_1_228' title='bbox 1297 2068 1347 2116; x_wconf 69' lang='grc' dir='ltr'><em>τῇ</em></span> <span class='ocrx_word' id='word_1_229' title='bbox 1381 2060 1420 2104; x_wconf 88' lang='grc' dir='ltr'><em>δ’</em></span> <span class='ocrx_word' id='word_1_230' title='bbox 1463 2062 1587 2113; x_wconf 53' lang='grc' dir='ltr'><em>ὑστεῑ</em></span> 
     </span>
     <span class='ocr_line' id='line_1_30' title="bbox 241 2131 1586 2191; baseline -0.001 -15"><span class='ocrx_word' id='word_1_231' title='bbox 241 2136 342 2191; x_wconf 77' lang='grc' dir='ltr'><em>ραία</em></span> <span class='ocrx_word' id='word_1_232' title='bbox 386 2136 516 2189; x_wconf 86' lang='grc' dir='ltr'><em>λόγος</em></span> <span class='ocrx_word' id='word_1_233' title='bbox 559 2150 602 2176; x_wconf 89' lang='grc' dir='ltr'><em>τε</em></span> <span class='ocrx_word' id='word_1_234' title='bbox 640 2136 803 2176; x_wconf 85' lang='grc' dir='ltr'><em>πλείων</em></span> <span class='ocrx_word' id='word_1_235' title='bbox 845 2131 900 2188; x_wconf 82' lang='grc' dir='ltr'><em>ἧν</em></span> <span class='ocrx_word' id='word_1_236' title='bbox 938 2135 1045 2176; x_wconf 82' lang='grc' dir='ltr'><em>κατὰ</em></span> <span class='ocrx_word' id='word_1_237' title='bbox 1082 2135 1163 2189; x_wconf 85' lang='grc' dir='ltr'><em>τὴν</em></span> <span class='ocrx_word' id='word_1_238' title='bbox 1200 2135 1330 2176; x_wconf 92' lang='grc' dir='ltr'><em>πόλιν</em></span> <span class='ocrx_word' id='word_1_239' title='bbox 1372 2134 1586 2188; x_wconf 81' lang='grc' dir='ltr'><em>ἰσχυριζό-</em></span> 
     </span>
    </p>
   </div>
   <div class='ocr_carea' id='block_1_6' title="bbox 1629 449 1645 475">
    <p class='ocr_par' dir='ltr' id='par_1_6' title="bbox 1629 449 1645 475">
     <span class='ocr_line' id='line_1_31' title="bbox 1629 449 1645 475; baseline 0 0"><span class='ocrx_word' id='word_1_240' title='bbox 1629 449 1645 475; x_wconf 92' lang='grc'><strong>5</strong></span> 
     </span>
    </p>
   </div>
   <div class='ocr_carea' id='block_1_7' title="bbox 1610 804 1643 829">
    <p class='ocr_par' dir='ltr' id='par_1_7' title="bbox 1610 804 1643 829">
     <span class='ocr_line' id='line_1_32' title="bbox 1610 804 1643 829; baseline 0.03 -1"><span class='ocrx_word' id='word_1_241' title='bbox 1610 804 1643 829; x_wconf 91' lang='grc'><em>10</em></span> 
     </span>
    </p>
   </div>
   <div class='ocr_carea' id='block_1_8' title="bbox 1610 1155 1644 1181">
    <p class='ocr_par' dir='ltr' id='par_1_8' title="bbox 1610 1155 1644 1181">
     <span class='ocr_line' id='line_1_33' title="bbox 1610 1155 1644 1181; baseline 0 0"><span class='ocrx_word' id='word_1_242' title='bbox 1610 1155 1644 1181; x_wconf 83' lang='lat'><em>15</em></span> 
     </span>
    </p>
   </div>
   <div class='ocr_carea' id='block_1_9' title="bbox 1609 1508 1643 1534">
    <p class='ocr_par' dir='ltr' id='par_1_9' title="bbox 1609 1508 1643 1534">
     <span class='ocr_line' id='line_1_34' title="bbox 1609 1508 1643 1534; baseline 0 0"><span class='ocrx_word' id='word_1_243' title='bbox 1609 1508 1643 1534; x_wconf 85' lang='lat'><em>20</em></span> 
     </span>
    </p>
   </div>
   <div class='ocr_carea' id='block_1_10' title="bbox 1607 1861 1641 1886">
    <p class='ocr_par' dir='ltr' id='par_1_10' title="bbox 1607 1861 1641 1886">
     <span class='ocr_line' id='line_1_35' title="bbox 1607 1861 1641 1886; baseline 0 0"><span class='ocrx_word' id='word_1_244' title='bbox 1607 1861 1641 1886; x_wconf 81' lang='lat'><em>25</em></span> 
     </span>
    </p>
   </div>
   <div class='ocr_carea' id='block_1_11' title="bbox 240 2202 1640 2260">
    <p class='ocr_par' dir='ltr' id='par_1_11' title="bbox 240 2202 1640 2260">
     <span class='ocr_line' id='line_1_36' title="bbox 240 2202 1640 2260; baseline 0 -14"><span class='ocrx_word' id='word_1_245' title='bbox 240 2220 371 2260; x_wconf 87' lang='grc' dir='ltr'><em>μενος</em></span> <span class='ocrx_word' id='word_1_246' title='bbox 412 2203 481 2246; x_wconf 83' lang='grc' dir='ltr'><em>ἐπὶ</em></span> <span class='ocrx_word' id='word_1_247' title='bbox 521 2211 570 2259; x_wconf 75' lang='grc' dir='ltr'><em>τῇ</em></span> <span class='ocrx_word' id='word_1_248' title='bbox 609 2208 785 2259; x_wconf 77' lang='grc' dir='ltr'><em>τελευτῇ</em></span> <span class='ocrx_word' id='word_1_249' title='bbox 823 2212 902 2246; x_wconf 85' lang='grc' dir='ltr'><em>τοῦ</em></span> <span class='ocrx_word' id='word_1_250' title='bbox 946 2206 1164 2259; x_wconf 85' lang='grc' dir='ltr'><em>Τιβερίου,</em></span> <span class='ocrx_word' id='word_1_251' title='bbox 1197 2204 1420 2259; x_wconf 85' lang='grc' dir='ltr'><em>ἐθάρρουν</em></span> <span class='ocrx_word' id='word_1_252' title='bbox 1459 2202 1504 2245; x_wconf 85' lang='grc' dir='ltr'><em>θ’</em></span> <span class='ocrx_word' id='word_1_253' title='bbox 1543 2204 1590 2246; x_wconf 80' lang='grc' dir='ltr'><em>οἶ</em></span> <span class='ocrx_word' id='word_1_254' title='bbox 1604 2214 1640 2240; x_wconf 81' lang='grc'><em>30</em></span> 
     </span>
    </p>
   </div>
   <div class='ocr_carea' id='block_1_12' title="bbox 241 2273 1587 2331">
    <p class='ocr_par' dir='ltr' id='par_1_12' title="bbox 241 2273 1587 2331">
     <span class='ocr_line' id='line_1_37' title="bbox 241 2273 1587 2331; baseline -0.001 -14"><span class='ocrx_word' id='word_1_255' title='bbox 241 2276 472 2331; x_wconf 77' lang='grc' dir='ltr'><em>ἄνθρωποι</em></span> <span class='ocrx_word' id='word_1_256' title='bbox 504 2282 705 2331; x_wconf 84' lang='grc' dir='ltr'><em>φανερῶς</em></span> <span class='ocrx_word' id='word_1_257' title='bbox 735 2276 819 2330; x_wconf 74' lang='grc' dir='ltr'><em>ἤδη</em></span> <span class='ocrx_word' id='word_1_258' title='bbox 852 2280 1023 2331; x_wconf 77' lang='grc' dir='ltr'><em>θροεῖν,</em></span> <span class='ocrx_word' id='word_1_259' title='bbox 1053 2277 1130 2316; x_wconf 87' lang='grc' dir='ltr'><em>καί</em></span> <span class='ocrx_word' id='word_1_260' title='bbox 1164 2290 1278 2325; x_wconf 89' lang='grc' dir='ltr'><em>τινες</em></span> <span class='ocrx_word' id='word_1_261' title='bbox 1316 2273 1388 2316; x_wconf 90' lang='grc' dir='ltr'><em>καὶ</em></span> <span class='ocrx_word' id='word_1_262' title='bbox 1425 2277 1587 2324; x_wconf 77' lang='grc' dir='ltr'><em>θυσίας</em></span> 
     </span>
    </p>
   </div>
  </div>
 </body>
</html>
