1732 2526
178 346 234 387 12

249 95 334 136 130
739 95 1103 128 ΑΡΧΑιοΛοΓῐΛΣ

247 210 335 244 τῶν
375 210 544 244 σκευῶν
583 202 916 256 ὑπεξελόμενος,
955 202 1034 256 οὐχ
1076 202 1190 243 οὕτω
1230 203 1407 255 μεγέθει
1445 200 1597 257 τέλους

248 273 306 322 ὡς
337 274 484 328 μνήμῃ
511 280 589 315 τοῦ
622 271 835 327 βασιλέως
866 272 981 328 αὐτῷ
1015 271 1317 327 κεχαρισμένα.

340 343 484 397 <324>
516 344 685 385 τούτων
725 341 772 385 δὲ
810 344 943 398 ταύτῃ
977 341 1326 396 διατεταγμένων
1364 341 1449 384 ὑπὸ
1488 343 1597 383 Καί-

247 425 401 469 σαρος,
444 416 621 463 νεανίας
659 411 873 462 Ἰουδαῖος
917 410 997 467 μὲν
1041 414 1088 454 τὸ
1134 411 1281 466 γένος,
1328 411 1395 454 ἐπὶ
1435 410 1483 454 δὲ
1521 418 1597 466 τῆς

247 485 484 526 Σιδωνίων
515 486 682 533 πόλεως
714 482 1103 538 ἀνατεθραμμένος
1134 483 1249 537 παρά
1282 499 1369 525 τινι
1398 491 1485 525 τῶν
1499 481 1595 525 Ῥω-

247 563 415 611 μαϊκῶν
448 553 774 608 ἀπελευθέρων,
807 552 1034 609 εἰσῴκισεν
1067 553 1202 594 αὑτὸν
1245 554 1306 602 εἰς
1343 554 1422 607 τὴν
1455 552 1598 609 (Ηρώ-

248 628 329 669 δου
363 625 623 680 συγγένειαν
657 625 880 679 ὁμοιότητι
912 630 1083 678 μορφῆς
1114 624 1140 677 ἣ
1173 625 1282 677 πρὸς
1306 623 1597 679 Ἀλέξανδρον

247 697 364 754 αὐτῷ
398 698 474 739 τὸν
508 694 786 752 ἀνῃρημένον
818 693 1138 748 υίὸνςΗρώδου
1171 694 1453 749 ἐμαρτυρεῖτο
1481 695 1597 749 παρὰ

247 776 338 818 τοῖς
368 773 604 822 θεωροῦσι.
666 767 812 820 <325>
845 764 917 807 καὶ
948 771 1078 807 τοῦτο
1104 767 1370 819 παρόρμημα
1397 763 1451 819 ἦν
1479 765 1596 822 αὐτῷ

248 841 309 888 εἰς
334 841 382 881 τὸ
409 842 742 893 μεταποιεῖσθαι
770 843 844 891 τῆς
870 836 1116 890 ἡγεμονίας.
1175 835 1246 877 καὶ
1279 836 1596 890 ὁμοπράγμονα

247 910 515 965 παραλαβὼν
547 908 777 963 ὁμόφυλον
809 908 966 962 ἄνδρα,
998 908 1204 962 ἔμπειρον
1246 904 1326 961 μὲν
1363 914 1451 948 τῶν
1484 905 1598 961 ἀμφὶ

247 981 296 1022 τὸ
330 983 570 1035 βασίλειον,
608 980 805 1033 πονηρὸν
845 976 884 1020 δ’
928 979 1070 1027 ἄλλως
1107 976 1179 1019 καὶ
1220 977 1400 1032 ταράξαι
1433 977 1598 1032 μεγάλα

247 1051 478 1107 πράγματα
510 1051 648 1105 φύσιν
680 1051 852 1104 ἔχοντα,
882 1048 954 1091 καὶ
985 1049 1190 1103 τοιαύτης
1214 1050 1365 1097 κακίας
1392 1049 1600 1090 διδάσκα-

249 1126 328 1164 λον
362 1122 479 1178 αὐτῷ
513 1123 769 1175 γενόμενον,
802 1121 947 1175 <326>
979 1119 1223 1175 ἀπέφαινεν
1251 1119 1384 1161 αὑτὸν
1401 1116 1599 1169 Ἀλέξαν-

250 1194 359 1248 δρον
402 1191 474 1234 καὶ
511 1189 716 1246 Ἡρώδου
766 1192 900 1234 παῖδα
946 1193 1051 1233 ὄντα
1093 1189 1463 1244 διακεκλεμμένον
1512 1189 1598 1232 ὑπό

248 1279 368 1313 τινος
399 1270 487 1305 τῶν
520 1262 694 1304 ἀνελεῖν
727 1262 862 1305 αὐτὸν
908 1261 1203 1316 ἐσταλμένων·
1248 1264 1477 1303 κτείναντα
1515 1261 1598 1316 γὰρ

250 1333 439 1389 ἑτέρους,
472 1336 517 1375 οἳ
540 1333 777 1387 ἀπατήσειν
804 1334 988 1387 ἔμελλον
1013 1334 1115 1382 τοὺς
1140 1336 1437 1387 θεωροῦντας,
1464 1331 1600 1373 αὐτόν

249 1421 293 1447 τε
337 1406 710 1460 περιποιήσασθαι
760 1402 831 1445 καὶ
881 1405 958 1446 τὸν
1007 1403 1203 1458 ἀδελφὸν
1247 1401 1600 1458 Ἀριστόβουλον.

249 1476 396 1531 <327>
427 1474 500 1517 καὶ
532 1476 705 1524 τούτοις
738 1475 868 1524 αὐτός
899 1472 936 1516 τ’
982 1473 1256 1529 ἀνεπτέρωτο
1288 1473 1360 1516 καὶ
1398 1475 1501 1522 τοὺς
1532 1471 1601 1515 ἐν·

250 1546 549 1602 τυγχάνοντας
569 1546 650 1588 οὐκ
670 1545 918 1600 ἀπήλλακτο
951 1544 1136 1599 ἀπατᾶν,
1157 1544 1266 1587 ἀλλὰ
1287 1547 1438 1600 Κρήτῃ
1467 1555 1601 1599 προσ-

250 1619 470 1673 ενεχθείς,
498 1613 728 1658 Ἰουδαίων
769 1616 948 1665 ὁπόσοις
979 1617 1041 1666 εἰς
1073 1616 1248 1670 ὁμιλίαν
1281 1615 1461 1669 ἀφίκετο
1500 1614 1600 1668 ἐπη-

251 1689 407 1742 γάγετο
452 1689 515 1737 εἰς
557 1690 727 1741 πίστιν,
770 1685 843 1728 καὶ
885 1686 1119 1742 χρημάτων
1169 1684 1435 1741 εὐπορηθεὶς
1479 1686 1601 1727 δόσει

251 1765 301 1814 τῇ
336 1758 518 1800 ἐκείνων
550 1756 620 1799 ἐπὶ
650 1759 814 1811 ᾼΜήλου
854 1758 1019 1812 διῆρεν.
1089 1758 1202 1799 πολὺ
1240 1758 1424 1798 πλείονα
1464 1754 1509 1797 δ’
1544 1752 1602 1810 ἦν·

251 1828 463 1871 ἐντεῦθεν
507 1827 632 1871 ὁπόσ’
681 1828 798 1885 αὐτῷ
841 1825 1024 1883 προσῄει
1073 1829 1291 1883 χρήματα,
1335 1829 1476 1869 πίστει
1526 1832 1602 1880 τῆς

251 1903 479 1955 βασιλικῆς
519 1902 775 1954 συγγενείας
816 1897 888 1941 καὶ
933 1898 1077 1940 ἐλπίδι
1120 1904 1199 1941 τοῦ
1237 1897 1477 1952 ἀπολαβεῖν
1519 1897 1600 1951 τὴν

251 1971 436 2025 πάτριον
469 1970 607 2025 ἀρχὴν
639 1968 712 2011 καὶ
744 1969 1015 2025 ἀμείψασθαι
1046 1971 1149 2019 τοὺς
1181 1967 1419 2023 εὐεργέτας.
1457 1967 1602 2022 <328>

253 2039 322 2082 ἐπὶ
356 2039 520 2095 Ῥώμης
563 2037 644 2083 οὖν
688 2041 888 2095 ἠπείγετο
925 2046 1192 2096 παραπομπῇ
1230 2047 1318 2081 τῶν
1357 2036 1602 2093 ἰδιοξένων,

252 2110 324 2152 καὶ
356 2114 645 2168 Δικαιαρχείᾳ
676 2112 940 2167 προσβαλὼν
973 2111 1054 2154 οὐκ
1085 2111 1234 2166 ἠτύχει
1265 2108 1337 2152 καὶ
1369 2111 1472 2159 τοὺς
1496 2109 1600 2164 τῇδε

247 2177 490 2231 Ἰουδαίους
522 2181 596 2237 ἀφ’
636 2182 788 2237 ὁμοίας
819 2181 984 2236 ἀπάτης
1022 2180 1397 2237 προσαγαγέσθαι·
1436 2185 1600 2235 προσῇ-

1618 851 1651 877 10

1620 1203 1654 1229 15

1621 1556 1657 1582 20

1620 1908 1655 1935 25

253 2252 336 2294 σάν
367 2250 416 2294 θ’
455 2253 599 2308 ὥσπερ
638 2255 812 2307 βασιλεῖ
847 2253 893 2294 οἵ
922 2250 958 2294 τ’
995 2253 1121 2295 ἄλλοι
1159 2251 1229 2294 καὶ
1263 2252 1441 2300 ὁπόσοις
1478 2250 1598 2301 ξενία
1619 2262 1655 2288 30

349 2337 367 2375 g
394 2336 463 2367 324
490 2333 534 2369 ef.
561 2333 654 2369 Rem.
682 2333 759 2369 Iud.
787 2333 820 2367 11
849 2337 878 2378 τ,
908 2337 937 2368 1.
