1732 2526
587 89 995 121 EHTAKAIAEKATH
1407 87 1462 128 93

120 194 352 248 φάρμακον
385 195 446 243 εἰς
477 193 612 248 μέσον
645 193 854 248 ἐνεγκεῖν,
886 191 944 236 ἵν’
980 196 1073 249 εἰδῇ
1113 196 1193 248 τὴν
1224 201 1464 248 περιοῦσαν

120 264 237 321 αὐτῷ
259 265 460 318 δύναμιν.
494 264 638 318 <132>
659 263 728 306 καὶ
750 264 1059 318 κομισθέντος,
1078 273 1166 306 τῶν
1196 264 1265 306 ἐπὶ
1285 266 1464 322 θανάτῳ

120 350 184 385 τις
228 333 482 376 ἑαλωκότων
526 337 643 376 πίνει
688 336 973 384 κελεύσαντος
1012 331 1178 388 ’δάρου,
1217 334 1288 376 καὶ
1333 350 1465 390 παρα-

120 411 263 459 χρῆμα
301 404 505 446 ἀπέθανε.
567 407 662 446 τότε
703 404 743 446 δ’
791 405 1025 455 ἐξαναστὰς
1062 403 1190 460 ἀπῄει
1229 412 1308 447 τοῦ
1340 418 1466 447 συνε-

86 476 266 529 5ὸριόυ,
298 474 368 516 καὶ
406 481 457 530 τῇ
496 474 591 528 ἑξῆς
632 474 696 517 ἐπ’
737 472 1010 531 Ἀντιοχείας,
1049 472 1184 529 οὗπερ
1218 476 1271 528 δὴ
1314 475 1385 517 καὶ
1417 478 1464 518 τὸ

120 550 324 588 πλεῖστον
356 543 467 599 ’ἦσαν
500 545 616 602 αὐτῷ
650 547 698 587 αι’
727 545 946 601 διατριβαὶ
973 547 1045 587 διὰ
1071 547 1119 588 τὸ
1147 547 1312 599 Σύροις
1337 553 1465 588 τοῦτο

121 618 346 670 βασίλειον
386 613 511 657 εἶναι.
575 617 718 670 <133>
750 615 951 670 “Ηρώδης
995 615 1043 658 δὲ
1080 623 1342 672 παραχρῆμα
1386 614 1465 670 μὲν

122 687 249 740 ἔδησε
275 688 352 728 τὸν
378 687 494 740 υἱόν,
519 687 675 741 ἄδηλοι
709 684 757 728 δὲ
782 695 875 736 τοῖς
899 690 1079 737 πολλοῖς
1104 684 1216 741 ἦσαν
1249 688 1298 728 αἱ
1316 686 1466 740 ’ὅάρου

120 758 229 810 πρὸς
261 757 395 799 αὐτὸν
429 757 593 811 ὁμιλίαι
624 756 696 798 καὶ
728 760 774 799 τί
795 758 930 799 εἰπὼν
957 757 1244 812 ἀπεληλύθει·
1278 757 1466 807 εἰκάζετο

70 840 102 864 10
123 825 170 868 δὲ
195 834 287 877 τοῖς
311 831 491 877 πολλοῖς
516 829 668 884 γνώμῃ
695 834 744 883 τῇ
772 828 944 871 ἐκείνου
969 829 1175 882 πράττειν
1203 829 1341 871 ὁπόσα
1367 827 1467 881 περὶ

121 899 199 940 τὸν
226 894 509 952 Ἀντίπατρον
542 898 738 951 ἔπραξεν.
800 899 936 952 δήσας
963 895 1001 940 δ’
1033 898 1183 952 αὐτόν,
1216 899 1276 948 εἰς
1300 897 1467 952 Ῥώμην

123 969 180 1018 ὡς
212 970 412 1023 Καίσαρα
444 968 648 1023 ἐκπέμπει
680 969 910 1024 γράμματα
941 968 1040 1024 περὶ
1074 969 1225 1023 αὐτοῦ,
1262 968 1334 1010 καὶ
1366 971 1469 1018 τοὺς

123 1037 206 1081 ἀπὸ
239 1039 429 1092 γλώττης
461 1039 717 1089 διδάξοντας
747 1041 825 1081 τὸν
858 1041 1058 1094 Καίσαρα
1090 1040 1169 1093 τὴν
1201 1042 1357 1081 κακίαν
1389 1046 1468 1081 τοῦ

118 1108 415 1163 Ἀντιπάτρου.
477 1110 620 1163 <134>
652 1109 873 1151 ἁλίσκεται
907 1107 946 1151 δ’
982 1111 1066 1152 ὑπὸ
1098 1111 1173 1159 τὰς
1204 1110 1337 1159 αὐτὰς
1367 1109 1468 1164 ἡμέ-

23 1233 29 1237 ,
72 1192 104 1216 15
124 1196 202 1234 ρας
244 1178 316 1221 καὶ
360 1179 565 1234 ἐπιστολὴ
609 1176 683 1221 ὑπ’
726 1179 980 1235 Ἀντιφίλου
1029 1182 1139 1235 πρὸς
1183 1179 1469 1234 Ἀντίπατρον

123 1249 398 1305 γεγραμμένη
432 1249 500 1306 (ἐν
531 1251 741 1308 Αἰγύπτῳ
774 1249 821 1293 δὲ
855 1248 982 1301 οὗτος
1024 1249 1250 1307 διέτριβε),
1290 1249 1362 1292 καὶ
1394 1254 1470 1293 λυ-

123 1326 254 1364 θεῖσα
292 1322 377 1364 ὑπὸ
417 1327 495 1364 τοῦ
532 1321 745 1376 βασιλέως
781 1320 876 1364 τάδ’
922 1321 1094 1376 ἐδήλου.
1163 1321 1355 1376 εἔπεμψά
1400 1333 1470 1364 σοι

125 1393 205 1445 τὴν
241 1388 342 1446 παρ’
380 1390 536 1446 Ἀκμῆς
574 1387 833 1446 ἐπιστολήν,
862 1393 918 1446 μὴ
957 1392 1220 1446 φεισάμενος
1256 1398 1330 1446 τῆς
1369 1392 1471 1446 ἐμῆς

125 1468 283 1517 ψυχῆς·
316 1459 450 1503 οἶσθα
470 1462 551 1516 γὰρ
573 1461 639 1504 ὅτι
665 1458 797 1510 αὖθις
821 1463 1066 1503 κινδυνεύω
1092 1462 1178 1504 ὑπὸ
1206 1463 1286 1504 δύο
1320 1464 1471 1504 οἰκιῶν

73 1544 107 1568 20
126 1534 168 1574 εἰ
191 1534 452 1586 γνωσθείην.
486 1533 539 1573 σὺ
567 1529 607 1573 δ’
637 1533 864 1587 εὐτυχοίης
895 1531 993 1587 περὶ
1019 1534 1066 1574 τὸ
1093 1532 1298 1587 πρᾶγμα.’
1325 1533 1470 1586 <135>

127 1601 199 1644 καὶ
231 1603 256 1656 ἡ
290 1600 370 1656 μὲν
403 1602 606 1656 ἐπιστολὴ
639 1600 734 1644 τάδ’
771 1602 947 1656 ἐδήλου,
980 1602 1115 1657 ἐζήτει
1143 1601 1184 1644 δ’
1217 1603 1238 1645 ὁ
1267 1605 1472 1657 βασιλεὺς

127 1672 199 1715 καὶ
230 1674 310 1727 τὴν
344 1671 496 1726 ἑτέραν
529 1672 779 1726 ἐπιστολήν·
814 1673 867 1714 οὐ
899 1674 985 1727 μὴν
1017 1674 1187 1728 φανερά
1224 1669 1264 1726 γ’
1300 1671 1368 1727 ἧν,
1400 1672 1471 1715 καὶ

129 1745 152 1786 ὁ
184 1735 263 1785 τοῦ
291 1735 543 1797 Ἀντιφίλου
577 1744 749 1797 δοῦλος,
781 1743 828 1792 ὃς
858 1742 943 1797 τὴν
978 1743 1342 1796 ἀναγνωσθεῖσαν
1375 1745 1472 1798 ἔφε-

129 1830 220 1868 ρεν,
253 1815 426 1868 ἠρνεῖτο
461 1811 612 1869 ἑτέραν
652 1816 934 1868 παραλαβεῖν.
997 1815 1142 1868 <136>
1177 1814 1359 1868 ἀπορίας
1391 1811 1473 1856 οὗν

77 1896 110 1921 25
129 1884 367 1939 ἐπεχούσης
397 1886 474 1926 τὸν
505 1884 700 1938 βασιλέα,
732 1892 819 1926 τῶν
852 1887 996 1939 φίλων
1021 1901 1085 1934 τις
1116 1892 1203 1926 τῶν
1234 1892 1313 1927 τοῦ
1333 1884 1473 1939 ‘Hych-

131 1956 212 1997 δου
251 1955 475 2009 θεώμενος
516 1954 852 2010 ὑπερραμμένον
895 1962 975 1998 τοῦ
1020 1956 1186 1997 δούλου
1229 1957 1307 1997 τὸν
1352 1955 1474 2005 ἐντὸς

130 2032 292 2080 χιτῶνα
324 2024 592 2080 (ἐνεδεδύκει
631 2025 714 2080 γὰρ
749 2024 850 2082 δύο)
895 2030 1069 2068 εἴκασεν
1110 2025 1232 2075 ἐντὸς
1269 2031 1344 2080 τῆς
1384 2025 1473 2067 ἐπι-

130 2101 293 2150 πτυχῆς
335 2096 605 2150 κρύπτεσθαι
648 2096 701 2136 τὰ
743 2097 983 2151 γράμματα.
1052 2095 1124 2138 καὶ
1156 2094 1211 2151 ἧν
1244 2094 1285 2138 δ’
1324 2097 1472 2146 οὕτως.

131 2167 276 2221 (137)
308 2166 609 2221 λαμβάνουσιν
642 2163 723 2208 οὖν
755 2168 835 2221 τὴν
867 2167 1114 2222 ἐπιστολήν,
1146 2167 1473 2222 ἐγγεγραμμένα

79 2248 113 2272 30
132 2234 169 2277 τ’
205 2233 261 2290 ἧν
294 2235 342 2277 ἐν
374 2236 483 2292 αὐτῇ
516 2236 630 2278 τάδε.
693 2233 842 2291 (Ἀκμὴ
871 2236 1150 2295 Ἀντιπάτρῳ.
1213 2239 1382 2293 ἔγραψα
1414 2245 1471 2294 τῷ

227 2320 246 2359 g
274 2319 342 2350 134
368 2317 412 2352 of.
440 2317 529 2352 Bell.
557 2317 636 2352 Iud.
663 2317 678 2351 1
704 2321 759 2362 32,
787 2321 817 2353 ss.
