<?xml version="1.0" encoding="UTF-8"?>
<!DOCTYPE html PUBLIC "-//W3C//DTD XHTML 1.0 Transitional//EN"
    "http://www.w3.org/TR/xhtml1/DTD/xhtml1-transitional.dtd">
<html xmlns="http://www.w3.org/1999/xhtml" xml:lang="en" lang="en">
 <head>
  <title>
</title>
<meta http-equiv="Content-Type" content="text/html;charset=utf-8" />
  <meta name='ocr-system' content='tesseract 3.04.00' />
  <meta name='ocr-capabilities' content='ocr_page ocr_carea ocr_par ocr_line ocrx_word'/>
</head>
<body>
  <div class='ocr_page' id='page_1' title='image "./flaviiiosephiope04joseuoft_0335.png"; bbox 0 0 1732 2526; ppageno 0'>
   <div class='ocr_carea' id='block_1_1' title="bbox 702 71 1485 113">
    <p class='ocr_par' dir='ltr' id='par_1_1' title="bbox 702 71 1485 113">
     <span class='ocr_line' id='line_1_1' title="bbox 702 71 1485 113; baseline 0.01 -8"><span class='ocrx_word' id='word_1_1' title='bbox 702 74 917 106; x_wconf 80' lang='grc' dir='ltr'><em>ΕΙΚοΣΤΗ</em></span> <span class='ocrx_word' id='word_1_2' title='bbox 1399 71 1485 113; x_wconf 79' lang='grc'><em>283</em></span> 
     </span>
    </p>
   </div>
   <div class='ocr_carea' id='block_1_2' title="bbox 74 179 1532 2353">
    <p class='ocr_par' dir='ltr' id='par_1_2' title="bbox 135 179 1487 376">
     <span class='ocr_line' id='line_1_2' title="bbox 135 179 1486 235; baseline 0 -13"><span class='ocrx_word' id='word_1_3' title='bbox 135 181 285 232; x_wconf 87' lang='grc' dir='ltr'><em>πάζειν</em></span> <span class='ocrx_word' id='word_1_4' title='bbox 323 183 402 235; x_wconf 82' lang='grc' dir='ltr'><em>τὴν</em></span> <span class='ocrx_word' id='word_1_5' title='bbox 434 182 736 235; x_wconf 80' lang='grc' dir='ltr'><em>Παρθυηνήν,</em></span> <span class='ocrx_word' id='word_1_6' title='bbox 777 180 995 235; x_wconf 76' lang='grc' dir='ltr'><em>ἄπρακτος</em></span> <span class='ocrx_word' id='word_1_7' title='bbox 1027 179 1253 231; x_wconf 84' lang='grc' dir='ltr'><em>ἀνέζευξεν</em></span> <span class='ocrx_word' id='word_1_8' title='bbox 1292 181 1351 229; x_wconf 80' lang='grc' dir='ltr'><em>εἰς</em></span> <span class='ocrx_word' id='word_1_9' title='bbox 1388 180 1486 222; x_wconf 88' lang='grc' dir='ltr'><em>τού-</em></span> 
     </span>
     <span class='ocr_line' id='line_1_3' title="bbox 136 249 1487 305; baseline -0.001 -12"><span class='ocrx_word' id='word_1_10' title='bbox 136 255 259 294; x_wconf 85' lang='grc' dir='ltr'><em>πίσω.</em></span> <span class='ocrx_word' id='word_1_11' title='bbox 322 250 393 293; x_wconf 87' lang='grc' dir='ltr'><em>καὶ</em></span> <span class='ocrx_word' id='word_1_12' title='bbox 438 252 460 294; x_wconf 90' lang='grc' dir='ltr'>ὁ</span> <span class='ocrx_word' id='word_1_13' title='bbox 494 249 654 305; x_wconf 89' lang='grc' dir='ltr'><em>Ἰζάτης</em></span> <span class='ocrx_word' id='word_1_14' title='bbox 697 250 811 292; x_wconf 82' lang='grc' dir='ltr'><em>οὕτω</em></span> <span class='ocrx_word' id='word_1_15' title='bbox 856 250 963 292; x_wconf 80' lang='grc' dir='ltr'><em>κατὰ</em></span> <span class='ocrx_word' id='word_1_16' title='bbox 1007 254 1120 292; x_wconf 79' lang='grc' dir='ltr'><em>θεοῦ</em></span> <span class='ocrx_word' id='word_1_17' title='bbox 1157 252 1374 305; x_wconf 87' lang='grc' dir='ltr'><em>πρόνοιαν</em></span> <span class='ocrx_word' id='word_1_18' title='bbox 1411 251 1487 300; x_wconf 83' lang='grc' dir='ltr'><em>τὰς</em></span> 
     </span>
     <span class='ocr_line' id='line_1_4' title="bbox 136 321 919 376; baseline -0.001 -13"><span class='ocrx_word' id='word_1_19' title='bbox 136 321 314 372; x_wconf 80' lang='grc' dir='ltr'><em>ἀπειλὰς</em></span> <span class='ocrx_word' id='word_1_20' title='bbox 344 328 422 364; x_wconf 90' lang='grc' dir='ltr'><em>τοῦ</em></span> <span class='ocrx_word' id='word_1_21' title='bbox 455 321 646 376; x_wconf 84' lang='grc' dir='ltr'><em>Πάρθου</em></span> <span class='ocrx_word' id='word_1_22' title='bbox 680 321 919 375; x_wconf 87' lang='grc' dir='ltr'><em>διαφεύγει.</em></span> 
     </span>
    </p>

    <p class='ocr_par' dir='ltr' id='par_1_3' title="bbox 221 389 1532 447">
     <span class='ocr_line' id='line_1_5' title="bbox 221 389 1532 447; baseline 0.002 -13"><span class='ocrx_word' id='word_1_23' title='bbox 221 393 348 447; x_wconf 83' lang='grc'>&lt;92&gt;</span> <span class='ocrx_word' id='word_1_24' title='bbox 386 390 476 446; x_wconf 84' lang='grc' dir='ltr'><em>μετ’</em></span> <span class='ocrx_word' id='word_1_25' title='bbox 514 391 567 434; x_wconf 91' lang='grc' dir='ltr'><em>οὐ</em></span> <span class='ocrx_word' id='word_1_26' title='bbox 603 393 746 433; x_wconf 85' lang='grc' dir='ltr'><em>πολὺν</em></span> <span class='ocrx_word' id='word_1_27' title='bbox 784 389 832 432; x_wconf 75' lang='grc' dir='ltr'><em>δὲ</em></span> <span class='ocrx_word' id='word_1_28' title='bbox 869 393 1032 446; x_wconf 88' lang='grc' dir='ltr'><em>χρόνον</em></span> <span class='ocrx_word' id='word_1_29' title='bbox 1071 393 1367 446; x_wconf 85' lang='grc' dir='ltr'><em>πεντηκοστὸν</em></span> <span class='ocrx_word' id='word_1_30' title='bbox 1405 389 1485 446; x_wconf 73' lang='grc' dir='ltr'><em>μὲν</em></span> <span class='ocrx_word' id='word_1_31' title='bbox 1512 405 1532 436; x_wconf 88' lang='grc'><strong>3</strong></span> 
     </span>
    </p>

    <p class='ocr_par' dir='ltr' id='par_1_4' title="bbox 95 459 1487 799">
     <span class='ocr_line' id='line_1_6' title="bbox 95 459 1486 516; baseline 0 -13"><span class='ocrx_word' id='word_1_32' title='bbox 95 479 111 504; x_wconf 79' lang='lat'>5</span> <span class='ocrx_word' id='word_1_33' title='bbox 132 460 204 503; x_wconf 86' lang='grc' dir='ltr'><em>καὶ</em></span> <span class='ocrx_word' id='word_1_34' title='bbox 235 460 431 516; x_wconf 86' lang='grc' dir='ltr'><em>πέμπτον</em></span> <span class='ocrx_word' id='word_1_35' title='bbox 469 460 554 503; x_wconf 85' lang='grc' dir='ltr'><em>ἀπὸ</em></span> <span class='ocrx_word' id='word_1_36' title='bbox 593 467 746 514; x_wconf 85' lang='grc' dir='ltr'><em>γενεᾶς</em></span> <span class='ocrx_word' id='word_1_37' title='bbox 782 461 1014 514; x_wconf 84' lang='grc' dir='ltr'><em>πληρώσας</em></span> <span class='ocrx_word' id='word_1_38' title='bbox 1045 462 1158 514; x_wconf 84' lang='grc' dir='ltr'><em>ἔτος,</em></span> <span class='ocrx_word' id='word_1_39' title='bbox 1196 460 1402 515; x_wconf 88' lang='grc' dir='ltr'><em>τέταρτον</em></span> <span class='ocrx_word' id='word_1_40' title='bbox 1437 459 1486 503; x_wconf 78' lang='grc' dir='ltr'><em>δὲ</em></span> 
     </span>
     <span class='ocr_line' id='line_1_7' title="bbox 132 532 1487 588; baseline -0.001 -14"><span class='ocrx_word' id='word_1_41' title='bbox 132 533 241 586; x_wconf 87' lang='grc' dir='ltr'><em>πρὸς</em></span> <span class='ocrx_word' id='word_1_42' title='bbox 274 534 455 588; x_wconf 76' lang='grc' dir='ltr'><strong><em>εἰκοστῷ</em></strong></span> <span class='ocrx_word' id='word_1_43' title='bbox 490 532 804 584; x_wconf 76' lang='grc' dir='ltr'><em>δυναστεύσας,</em></span> <span class='ocrx_word' id='word_1_44' title='bbox 835 532 1086 573; x_wconf 85' lang='grc' dir='ltr'><em>καταλιπὼν</em></span> <span class='ocrx_word' id='word_1_45' title='bbox 1114 533 1273 581; x_wconf 86' lang='grc' dir='ltr'><em>παῖδας</em></span> <span class='ocrx_word' id='word_1_46' title='bbox 1299 533 1487 587; x_wconf 77' lang='grc' dir='ltr'><em>ἄρρενας</em></span> 
     </span>
     <span class='ocr_line' id='line_1_8' title="bbox 131 601 1485 658; baseline 0.001 -15"><span class='ocrx_word' id='word_1_47' title='bbox 131 601 519 658; x_wconf 75' lang='grc' dir='ltr'><em>εἰκοσιτέσσαρας</em></span> <span class='ocrx_word' id='word_1_48' title='bbox 556 601 627 644; x_wconf 83' lang='grc' dir='ltr'><em>καὶ</em></span> <span class='ocrx_word' id='word_1_49' title='bbox 665 601 914 657; x_wconf 74' lang='grc' dir='ltr'><em>θυγατέρας</em></span> <span class='ocrx_word' id='word_1_50' title='bbox 955 603 1166 652; x_wconf 75' lang='grc' dir='ltr'><em>τοσαύτας</em></span> <span class='ocrx_word' id='word_1_51' title='bbox 1197 602 1485 658; x_wconf 75' lang='grc' dir='ltr'><em>καταστρέφει</em></span> 
     </span>
     <span class='ocr_line' id='line_1_9' title="bbox 131 671 1486 728; baseline 0 -14"><span class='ocrx_word' id='word_1_52' title='bbox 131 674 209 715; x_wconf 90' lang='grc' dir='ltr'><em>τὸν</em></span> <span class='ocrx_word' id='word_1_53' title='bbox 248 675 367 726; x_wconf 89' lang='grc' dir='ltr'><em>βιόν·</em></span> <span class='ocrx_word' id='word_1_54' title='bbox 411 673 525 728; x_wconf 78' lang='grc'>&lt;93&gt;</span> <span class='ocrx_word' id='word_1_55' title='bbox 565 673 646 726; x_wconf 87' lang='grc' dir='ltr'><em>τὴν</em></span> <span class='ocrx_word' id='word_1_56' title='bbox 684 671 833 727; x_wconf 84' lang='grc' dir='ltr'><em>μέντοι</em></span> <span class='ocrx_word' id='word_1_57' title='bbox 873 674 1086 728; x_wconf 87' lang='grc' dir='ltr'><em>διαδοχὴν</em></span> <span class='ocrx_word' id='word_1_58' title='bbox 1126 679 1201 727; x_wconf 80' lang='grc' dir='ltr'><em>τῆς</em></span> <span class='ocrx_word' id='word_1_59' title='bbox 1238 672 1371 728; x_wconf 84' lang='grc' dir='ltr'><em>ἀρχῆς</em></span> <span class='ocrx_word' id='word_1_60' title='bbox 1408 674 1486 715; x_wconf 89' lang='grc' dir='ltr'><em>τὸν</em></span> 
     </span>
     <span class='ocr_line' id='line_1_10' title="bbox 131 742 1487 799; baseline 0.001 -15"><span class='ocrx_word' id='word_1_61' title='bbox 131 742 326 798; x_wconf 81' lang='grc' dir='ltr'><em>ἀδελφὸν</em></span> <span class='ocrx_word' id='word_1_62' title='bbox 357 745 625 798; x_wconf 82' lang='grc' dir='ltr'><em>Μονόβαζον</em></span> <span class='ocrx_word' id='word_1_63' title='bbox 658 742 827 785; x_wconf 83' lang='grc' dir='ltr'><em>ἐκέλευε</em></span> <span class='ocrx_word' id='word_1_64' title='bbox 866 745 1158 798; x_wconf 79' lang='grc' dir='ltr'><em>παραλαβεῖν,</em></span> <span class='ocrx_word' id='word_1_65' title='bbox 1198 743 1487 799; x_wconf 72' lang='grc' dir='ltr'><em>ἀμειβόμενος</em></span> 
     </span>
    </p>

    <p class='ocr_par' dir='ltr' id='par_1_5' title="bbox 79 813 1487 1157">
     <span class='ocr_line' id='line_1_11' title="bbox 79 813 1486 869; baseline 0.001 -14"><span class='ocrx_word' id='word_1_66' title='bbox 79 831 111 856; x_wconf 88' lang='lat'><em>10</em></span> <span class='ocrx_word' id='word_1_67' title='bbox 131 814 267 855; x_wconf 86' lang='grc' dir='ltr'><em>αὐτὸν</em></span> <span class='ocrx_word' id='word_1_68' title='bbox 307 813 372 855; x_wconf 89' lang='grc' dir='ltr'><em>ὅτι</em></span> <span class='ocrx_word' id='word_1_69' title='bbox 413 815 521 856; x_wconf 79' lang='grc' dir='ltr'><em>κατὰ</em></span> <span class='ocrx_word' id='word_1_70' title='bbox 553 815 633 868; x_wconf 90' lang='grc' dir='ltr'><em>τὴν</em></span> <span class='ocrx_word' id='word_1_71' title='bbox 665 814 915 868; x_wconf 79' lang='grc' dir='ltr'><em>ἀποδημίαν</em></span> <span class='ocrx_word' id='word_1_72' title='bbox 956 814 1113 869; x_wconf 88' lang='grc' dir='ltr'><em>αὐτοῦ,</em></span> <span class='ocrx_word' id='word_1_73' title='bbox 1159 816 1264 869; x_wconf 86' lang='grc' dir='ltr'><em>μετὰ</em></span> <span class='ocrx_word' id='word_1_74' title='bbox 1296 816 1374 857; x_wconf 88' lang='grc' dir='ltr'><em>τὸν</em></span> <span class='ocrx_word' id='word_1_75' title='bbox 1406 822 1486 857; x_wconf 89' lang='grc' dir='ltr'><em>τοῦ</em></span> 
     </span>
     <span class='ocr_line' id='line_1_12' title="bbox 129 884 1486 942; baseline 0.001 -17"><span class='ocrx_word' id='word_1_76' title='bbox 129 885 291 939; x_wconf 87' lang='grc' dir='ltr'><em>πατρὸς</em></span> <span class='ocrx_word' id='word_1_77' title='bbox 329 884 465 926; x_wconf 88' lang='grc' dir='ltr'><em>αὐτοῦ</em></span> <span class='ocrx_word' id='word_1_78' title='bbox 501 885 722 939; x_wconf 82' lang='grc' dir='ltr'><em>θάνατον,</em></span> <span class='ocrx_word' id='word_1_79' title='bbox 766 892 930 935; x_wconf 78' lang='grc' dir='ltr'><em>πιστῶς</em></span> <span class='ocrx_word' id='word_1_80' title='bbox 971 885 1205 939; x_wconf 75' lang='grc' dir='ltr'><em>φυλάξειεν</em></span> <span class='ocrx_word' id='word_1_81' title='bbox 1247 886 1363 942; x_wconf 80' lang='grc' dir='ltr'><em>αὐτῷ</em></span> <span class='ocrx_word' id='word_1_82' title='bbox 1406 886 1486 939; x_wconf 89' lang='grc' dir='ltr'><em>τὴν</em></span> 
     </span>
     <span class='ocr_line' id='line_1_13' title="bbox 131 953 1487 1011; baseline 0.001 -15"><span class='ocrx_word' id='word_1_83' title='bbox 131 956 406 997; x_wconf 87' lang='grc' dir='ltr'><em>δυναστείαν.</em></span> <span class='ocrx_word' id='word_1_84' title='bbox 470 956 584 1010; x_wconf 82' lang='grc'>&lt;94&gt;</span> <span class='ocrx_word' id='word_1_85' title='bbox 616 955 641 1009; x_wconf 82' lang='grc' dir='ltr'>ἡ</span> <span class='ocrx_word' id='word_1_86' title='bbox 676 953 722 997; x_wconf 75' lang='grc' dir='ltr'><em>δὲ</em></span> <span class='ocrx_word' id='word_1_87' title='bbox 756 957 895 1010; x_wconf 80' lang='grc' dir='ltr'><em>μήτηρ</em></span> <span class='ocrx_word' id='word_1_88' title='bbox 923 954 1075 1011; x_wconf 87' lang='grc' dir='ltr'><em>Ἑλένη</em></span> <span class='ocrx_word' id='word_1_89' title='bbox 1109 958 1185 998; x_wconf 91' lang='grc' dir='ltr'><em>τὸν</em></span> <span class='ocrx_word' id='word_1_90' title='bbox 1218 963 1296 998; x_wconf 89' lang='grc' dir='ltr'><em>τοῦ</em></span> <span class='ocrx_word' id='word_1_91' title='bbox 1329 958 1487 1007; x_wconf 85' lang='grc' dir='ltr'><em>παιδὸς</em></span> 
     </span>
     <span class='ocr_line' id='line_1_14' title="bbox 129 1024 1486 1082; baseline 0.001 -15"><span class='ocrx_word' id='word_1_92' title='bbox 129 1026 327 1068; x_wconf 79' lang='grc' dir='ltr'><em>θάνατον</em></span> <span class='ocrx_word' id='word_1_93' title='bbox 360 1025 585 1068; x_wconf 86' lang='grc' dir='ltr'><em>ἀκούσασα</em></span> <span class='ocrx_word' id='word_1_94' title='bbox 616 1024 786 1080; x_wconf 85' lang='grc' dir='ltr'><em>βαρέως</em></span> <span class='ocrx_word' id='word_1_95' title='bbox 818 1024 898 1080; x_wconf 75' lang='grc' dir='ltr'><em>μὲν</em></span> <span class='ocrx_word' id='word_1_96' title='bbox 930 1028 1127 1081; x_wconf 80' lang='grc' dir='ltr'><em>ἤνεγκεν,</em></span> <span class='ocrx_word' id='word_1_97' title='bbox 1172 1028 1230 1077; x_wconf 86' lang='grc' dir='ltr'><em>ὡς</em></span> <span class='ocrx_word' id='word_1_98' title='bbox 1261 1028 1376 1076; x_wconf 83' lang='grc' dir='ltr'><em>εἰκὸς</em></span> <span class='ocrx_word' id='word_1_99' title='bbox 1407 1044 1486 1082; x_wconf 90' lang='grc' dir='ltr'><em>μη-</em></span> 
     </span>
     <span class='ocr_line' id='line_1_15' title="bbox 130 1094 1481 1157; baseline 0.001 -19"><span class='ocrx_word' id='word_1_100' title='bbox 130 1095 232 1152; x_wconf 90' lang='grc' dir='ltr'><em>τέρα</em></span> <span class='ocrx_word' id='word_1_101' title='bbox 264 1095 531 1151; x_wconf 86' lang='grc' dir='ltr'><em>στερομένην</em></span> <span class='ocrx_word' id='word_1_102' title='bbox 563 1097 888 1157; x_wconf 87' lang='grc' dir='ltr'><em>εὐσεβεστάτου</em></span> <span class='ocrx_word' id='word_1_103' title='bbox 910 1097 1088 1151; x_wconf 87' lang='grc' dir='ltr'><em>παιδός,</em></span> <span class='ocrx_word' id='word_1_104' title='bbox 1120 1100 1408 1152; x_wconf 81' lang='grc' dir='ltr'><em>παραμυθίαν</em></span> <span class='ocrx_word' id='word_1_105' title='bbox 1442 1094 1481 1139; x_wconf 94' lang='grc' dir='ltr'><em>δ’</em></span> 
     </span>
    </p>

    <p class='ocr_par' dir='ltr' id='par_1_6' title="bbox 77 1164 1487 1505">
     <span class='ocr_line' id='line_1_16' title="bbox 77 1164 1487 1223; baseline 0.001 -15"><span class='ocrx_word' id='word_1_106' title='bbox 77 1184 110 1209; x_wconf 84' lang='lat'><em>15</em></span> <span class='ocrx_word' id='word_1_107' title='bbox 131 1167 247 1221; x_wconf 83' lang='grc' dir='ltr'><em>ὅμως</em></span> <span class='ocrx_word' id='word_1_108' title='bbox 280 1164 365 1223; x_wconf 82' lang='grc' dir='ltr'><em>εἶχε</em></span> <span class='ocrx_word' id='word_1_109' title='bbox 398 1168 479 1221; x_wconf 87' lang='grc' dir='ltr'><em>τὴν</em></span> <span class='ocrx_word' id='word_1_110' title='bbox 506 1168 720 1223; x_wconf 84' lang='grc' dir='ltr'><em>διαδοχὴν</em></span> <span class='ocrx_word' id='word_1_111' title='bbox 747 1167 971 1209; x_wconf 88' lang='grc' dir='ltr'><em>ἀκούσασα</em></span> <span class='ocrx_word' id='word_1_112' title='bbox 997 1169 1059 1217; x_wconf 81' lang='grc' dir='ltr'><em>εἰς</em></span> <span class='ocrx_word' id='word_1_113' title='bbox 1083 1169 1161 1210; x_wconf 89' lang='grc' dir='ltr'><em>τὸν</em></span> <span class='ocrx_word' id='word_1_114' title='bbox 1186 1169 1487 1223; x_wconf 87' lang='grc' dir='ltr'><em>πρεσβύτερον</em></span> 
     </span>
     <span class='ocr_line' id='line_1_17' title="bbox 130 1236 1486 1293; baseline 0.001 -14"><span class='ocrx_word' id='word_1_115' title='bbox 130 1238 263 1292; x_wconf 80' lang='grc' dir='ltr'><em>αὐτῆς</em></span> <span class='ocrx_word' id='word_1_116' title='bbox 300 1239 402 1280; x_wconf 81' lang='grc' dir='ltr'><em>υἱὸν</em></span> <span class='ocrx_word' id='word_1_117' title='bbox 434 1238 650 1292; x_wconf 80' lang='grc' dir='ltr'><em>ἤκουσαν,</em></span> <span class='ocrx_word' id='word_1_118' title='bbox 688 1236 760 1279; x_wconf 83' lang='grc' dir='ltr'><em>καὶ</em></span> <span class='ocrx_word' id='word_1_119' title='bbox 798 1239 906 1293; x_wconf 87' lang='grc' dir='ltr'><em>πρὸς</em></span> <span class='ocrx_word' id='word_1_120' title='bbox 943 1237 1078 1280; x_wconf 88' lang='grc' dir='ltr'><em>αὐτὸν</em></span> <span class='ocrx_word' id='word_1_121' title='bbox 1118 1239 1343 1280; x_wconf 81' lang='grc' dir='ltr'><em>ἔσπευδεν.</em></span> <span class='ocrx_word' id='word_1_122' title='bbox 1405 1253 1486 1280; x_wconf 89' lang='grc' dir='ltr'><em>πα-</em></span> 
     </span>
     <span class='ocr_line' id='line_1_18' title="bbox 130 1306 1482 1368; baseline 0.001 -18"><span class='ocrx_word' id='word_1_123' title='bbox 130 1308 401 1364; x_wconf 88' lang='grc' dir='ltr'><em>ραγενομένη</em></span> <span class='ocrx_word' id='word_1_124' title='bbox 436 1306 474 1350; x_wconf 87' lang='grc' dir='ltr'><em>δ’</em></span> <span class='ocrx_word' id='word_1_125' title='bbox 507 1310 569 1358; x_wconf 82' lang='grc' dir='ltr'><em>εἰς</em></span> <span class='ocrx_word' id='word_1_126' title='bbox 597 1309 677 1363; x_wconf 86' lang='grc' dir='ltr'><em>τὴν</em></span> <span class='ocrx_word' id='word_1_127' title='bbox 705 1306 973 1363; x_wconf 83' lang='grc' dir='ltr'><em>Ἀδιαβηνὴν</em></span> <span class='ocrx_word' id='word_1_128' title='bbox 1007 1309 1059 1351; x_wconf 85' lang='grc' dir='ltr'><em>οὐ</em></span> <span class='ocrx_word' id='word_1_129' title='bbox 1084 1311 1227 1352; x_wconf 90' lang='grc' dir='ltr'><em>πολὺν</em></span> <span class='ocrx_word' id='word_1_130' title='bbox 1257 1308 1390 1366; x_wconf 80' lang='grc' dir='ltr'><em>Ἰζάτῃ</em></span> <span class='ocrx_word' id='word_1_131' title='bbox 1423 1316 1482 1368; x_wconf 78' lang='grc' dir='ltr'><em>τῷ</em></span> 
     </span>
     <span class='ocr_line' id='line_1_19' title="bbox 128 1378 1487 1437; baseline 0.001 -16"><span class='ocrx_word' id='word_1_132' title='bbox 128 1378 252 1421; x_wconf 90' lang='grc' dir='ltr'><em>παιδὶ</em></span> <span class='ocrx_word' id='word_1_133' title='bbox 290 1381 453 1434; x_wconf 82' lang='grc' dir='ltr'><em>χρόνον</em></span> <span class='ocrx_word' id='word_1_134' title='bbox 492 1378 750 1433; x_wconf 85' lang='grc' dir='ltr'><em>ἐπεβίωσεν,</em></span> <span class='ocrx_word' id='word_1_135' title='bbox 794 1379 904 1421; x_wconf 83' lang='grc' dir='ltr'><em>ἀλλὰ</em></span> <span class='ocrx_word' id='word_1_136' title='bbox 942 1386 1000 1437; x_wconf 77' lang='grc' dir='ltr'><em>τῷ</em></span> <span class='ocrx_word' id='word_1_137' title='bbox 1035 1382 1166 1435; x_wconf 83' lang='grc' dir='ltr'><em>γήραι</em></span> <span class='ocrx_word' id='word_1_138' title='bbox 1204 1379 1276 1422; x_wconf 87' lang='grc' dir='ltr'><em>καὶ</em></span> <span class='ocrx_word' id='word_1_139' title='bbox 1317 1385 1377 1437; x_wconf 75' lang='grc' dir='ltr'><em>τῷ</em></span> <span class='ocrx_word' id='word_1_140' title='bbox 1410 1385 1487 1434; x_wconf 85' lang='grc' dir='ltr'><em>τῆς</em></span> 
     </span>
     <span class='ocr_line' id='line_1_20' title="bbox 130 1449 1483 1505; baseline 0.001 -13"><span class='ocrx_word' id='word_1_141' title='bbox 130 1451 268 1505; x_wconf 83' lang='grc' dir='ltr'><em>λύπης</em></span> <span class='ocrx_word' id='word_1_142' title='bbox 299 1450 512 1504; x_wconf 77' lang='grc' dir='ltr'><em>ἀλγήματι</em></span> <span class='ocrx_word' id='word_1_143' title='bbox 545 1449 775 1504; x_wconf 84' lang='grc' dir='ltr'><em>πιεζομένη</em></span> <span class='ocrx_word' id='word_1_144' title='bbox 813 1449 975 1504; x_wconf 86' lang='grc' dir='ltr'><em>ταχέως</em></span> <span class='ocrx_word' id='word_1_145' title='bbox 1016 1449 1248 1502; x_wconf 79' lang='grc' dir='ltr'><em>ἀπέψυξεν.</em></span> <span class='ocrx_word' id='word_1_146' title='bbox 1311 1451 1427 1505; x_wconf 76' lang='grc'>&lt;95&gt;</span> <span class='ocrx_word' id='word_1_147' title='bbox 1461 1451 1483 1493; x_wconf 92' lang='grc' dir='ltr'>ὁ</span> 
     </span>
    </p>

    <p class='ocr_par' dir='ltr' id='par_1_7' title="bbox 76 1518 1486 1860">
     <span class='ocr_line' id='line_1_21' title="bbox 76 1518 1485 1577; baseline 0.001 -15"><span class='ocrx_word' id='word_1_148' title='bbox 76 1519 176 1563; x_wconf 64' lang='grc' dir='ltr'><em>Ξυδὲ</em></span> <span class='ocrx_word' id='word_1_149' title='bbox 214 1523 478 1575; x_wconf 86' lang='grc' dir='ltr'><em>Μονόβαζος</em></span> <span class='ocrx_word' id='word_1_150' title='bbox 520 1521 573 1561; x_wconf 90' lang='grc' dir='ltr'><em>τά</em></span> <span class='ocrx_word' id='word_1_151' title='bbox 616 1518 652 1562; x_wconf 81' lang='grc' dir='ltr'><em>τ’</em></span> <span class='ocrx_word' id='word_1_152' title='bbox 697 1520 865 1575; x_wconf 79' lang='grc' dir='ltr'><em>ἐκείνης</em></span> <span class='ocrx_word' id='word_1_153' title='bbox 909 1522 1014 1563; x_wconf 83' lang='grc' dir='ltr'><em>ὀστᾶ</em></span> <span class='ocrx_word' id='word_1_154' title='bbox 1055 1520 1127 1563; x_wconf 83' lang='grc' dir='ltr'><em>καὶ</em></span> <span class='ocrx_word' id='word_1_155' title='bbox 1171 1522 1223 1563; x_wconf 80' lang='grc' dir='ltr'><em>τὰ</em></span> <span class='ocrx_word' id='word_1_156' title='bbox 1264 1521 1485 1577; x_wconf 88' lang='grc' dir='ltr'><em>τάδελφοῦ</em></span> 
     </span>
     <span class='ocr_line' id='line_1_22' title="bbox 127 1590 1486 1647; baseline 0 -13"><span class='ocrx_word' id='word_1_157' title='bbox 127 1592 300 1647; x_wconf 84' lang='grc' dir='ltr'><em>πέμψας</em></span> <span class='ocrx_word' id='word_1_158' title='bbox 344 1594 405 1642; x_wconf 78' lang='grc' dir='ltr'><em>εἰς</em></span> <span class='ocrx_word' id='word_1_159' title='bbox 441 1590 743 1646; x_wconf 86' lang='grc' dir='ltr'><em>Ἱεροσόλυμα,</em></span> <span class='ocrx_word' id='word_1_160' title='bbox 795 1591 938 1641; x_wconf 80' lang='grc' dir='ltr'><em>θάψαι</em></span> <span class='ocrx_word' id='word_1_161' title='bbox 982 1591 1248 1646; x_wconf 83' lang='grc' dir='ltr'><em>προσέταξεν</em></span> <span class='ocrx_word' id='word_1_162' title='bbox 1299 1592 1346 1634; x_wconf 83' lang='grc' dir='ltr'><em>ἐν</em></span> <span class='ocrx_word' id='word_1_163' title='bbox 1390 1599 1486 1642; x_wconf 79' lang='grc' dir='ltr'><em>ταῖς</em></span> 
     </span>
     <span class='ocr_line' id='line_1_23' title="bbox 127 1662 1484 1718; baseline 0 -13"><span class='ocrx_word' id='word_1_164' title='bbox 127 1665 369 1718; x_wconf 88' lang='grc' dir='ltr'><em>πυραμίσιν</em></span> <span class='ocrx_word' id='word_1_165' title='bbox 403 1662 452 1712; x_wconf 77' lang='grc' dir='ltr'><em>ἃς</em></span> <span class='ocrx_word' id='word_1_166' title='bbox 483 1662 509 1716; x_wconf 83' lang='grc' dir='ltr'>ἡ</span> <span class='ocrx_word' id='word_1_167' title='bbox 543 1663 682 1717; x_wconf 89' lang='grc' dir='ltr'><em>μήτηρ</em></span> <span class='ocrx_word' id='word_1_168' title='bbox 721 1662 1049 1717; x_wconf 83' lang='grc' dir='ltr'><em>κατεσκευάκει,</em></span> <span class='ocrx_word' id='word_1_169' title='bbox 1086 1670 1200 1718; x_wconf 79' lang='grc' dir='ltr'><em>τρεῖς</em></span> <span class='ocrx_word' id='word_1_170' title='bbox 1238 1664 1316 1705; x_wconf 92' lang='grc' dir='ltr'><em>τὸν</em></span> <span class='ocrx_word' id='word_1_171' title='bbox 1354 1663 1484 1717; x_wconf 82' lang='grc' dir='ltr'><em>ἀριθ-</em></span> 
     </span>
     <span class='ocr_line' id='line_1_24' title="bbox 129 1730 1483 1789; baseline -0.001 -13"><span class='ocrx_word' id='word_1_172' title='bbox 129 1737 233 1789; x_wconf 87' lang='grc' dir='ltr'><em>μόν,</em></span> <span class='ocrx_word' id='word_1_173' title='bbox 272 1735 370 1789; x_wconf 90' lang='grc' dir='ltr'><em>τριά</em></span> <span class='ocrx_word' id='word_1_174' title='bbox 402 1733 557 1774; x_wconf 92' lang='grc' dir='ltr'><em>στάδια</em></span> <span class='ocrx_word' id='word_1_175' title='bbox 588 1739 663 1787; x_wconf 82' lang='grc' dir='ltr'><em>τῆς</em></span> <span class='ocrx_word' id='word_1_176' title='bbox 694 1740 781 1774; x_wconf 84' lang='grc' dir='ltr'><em>τῶν</em></span> <span class='ocrx_word' id='word_1_177' title='bbox 799 1730 1171 1788; x_wconf 70' lang='grc' dir='ltr'><em>Ἱεροσολυμιτῶν</em></span> <span class='ocrx_word' id='word_1_178' title='bbox 1201 1736 1370 1784; x_wconf 82' lang='grc' dir='ltr'><em>πόλεως</em></span> <span class='ocrx_word' id='word_1_179' title='bbox 1402 1733 1483 1775; x_wconf 87' lang='grc' dir='ltr'><em>ἀπ-</em></span> 
     </span>
     <span class='ocr_line' id='line_1_25' title="bbox 128 1805 322 1860; baseline -0.01 -13"><span class='ocrx_word' id='word_1_180' title='bbox 128 1805 322 1860; x_wconf 85' lang='grc' dir='ltr'><em>εχούσας.</em></span> 
     </span>
    </p>

    <p class='ocr_par' dir='ltr' id='par_1_8' title="bbox 75 1872 1530 2213">
     <span class='ocr_line' id='line_1_26' title="bbox 75 1872 1481 1930; baseline 0.003 -16"><span class='ocrx_word' id='word_1_181' title='bbox 75 1889 108 1915; x_wconf 84' lang='lat'><em>25</em></span> <span class='ocrx_word' id='word_1_182' title='bbox 218 1876 336 1930; x_wconf 76' lang='lat'>(96)</span> <span class='ocrx_word' id='word_1_183' title='bbox 376 1873 485 1915; x_wconf 81' lang='grc' dir='ltr'><em>ἀλλὰ</em></span> <span class='ocrx_word' id='word_1_184' title='bbox 522 1875 786 1928; x_wconf 85' lang='grc' dir='ltr'><em>Μονόβαζος</em></span> <span class='ocrx_word' id='word_1_185' title='bbox 824 1872 904 1928; x_wconf 74' lang='grc' dir='ltr'><em>μὲν</em></span> <span class='ocrx_word' id='word_1_186' title='bbox 943 1874 966 1916; x_wconf 88' lang='grc' dir='ltr'>ὁ</span> <span class='ocrx_word' id='word_1_187' title='bbox 1005 1877 1210 1929; x_wconf 85' lang='grc' dir='ltr'><em>βασιλεὺς</em></span> <span class='ocrx_word' id='word_1_188' title='bbox 1252 1876 1332 1918; x_wconf 84' lang='grc' dir='ltr'><em>ὅσα</em></span> <span class='ocrx_word' id='word_1_189' title='bbox 1373 1877 1481 1918; x_wconf 85' lang='grc' dir='ltr'><em>κατὰ</em></span> 
     </span>
     <span class='ocr_line' id='line_1_27' title="bbox 128 1944 1483 2001; baseline 0 -13"><span class='ocrx_word' id='word_1_190' title='bbox 128 1948 204 1989; x_wconf 88' lang='grc' dir='ltr'><em>τὸν</em></span> <span class='ocrx_word' id='word_1_191' title='bbox 236 1952 311 1999; x_wconf 86' lang='grc' dir='ltr'><em>τῆς</em></span> <span class='ocrx_word' id='word_1_192' title='bbox 345 1947 452 1998; x_wconf 82' lang='grc' dir='ltr'><em>ζωῆς</em></span> <span class='ocrx_word' id='word_1_193' title='bbox 483 1945 646 1999; x_wconf 81' lang='grc' dir='ltr'><em>χρόνον</em></span> <span class='ocrx_word' id='word_1_194' title='bbox 679 1944 877 1999; x_wconf 79' lang='grc' dir='ltr'><em>ἔπραξεν,</em></span> <span class='ocrx_word' id='word_1_195' title='bbox 910 1945 1095 2000; x_wconf 81' lang='grc' dir='ltr'><em>ὕστερον</em></span> <span class='ocrx_word' id='word_1_196' title='bbox 1128 1945 1483 2001; x_wconf 80' lang='grc' dir='ltr'><em>ἀπαγγελοῦμεν·</em></span> 
     </span>
     <span class='ocr_line' id='line_1_28' title="bbox 128 2012 1530 2071; baseline 0.001 -13"><span class='ocrx_word' id='word_1_197' title='bbox 128 2017 243 2071; x_wconf 74' lang='grc'>&lt;97&gt;</span> <span class='ocrx_word' id='word_1_198' title='bbox 279 2016 433 2057; x_wconf 89' lang='grc' dir='ltr'><em>Φάδου</em></span> <span class='ocrx_word' id='word_1_199' title='bbox 466 2012 514 2056; x_wconf 77' lang='grc' dir='ltr'><em>δὲ</em></span> <span class='ocrx_word' id='word_1_200' title='bbox 546 2021 622 2068; x_wconf 83' lang='grc' dir='ltr'><em>τῆς</em></span> <span class='ocrx_word' id='word_1_201' title='bbox 648 2013 863 2065; x_wconf 83' lang='grc' dir='ltr'><em>Ἰουδαίας</em></span> <span class='ocrx_word' id='word_1_202' title='bbox 896 2015 1258 2071; x_wconf 85' lang='grc' dir='ltr'><em>ἐπιτροπεύοντος</em></span> <span class='ocrx_word' id='word_1_203' title='bbox 1283 2019 1388 2071; x_wconf 83' lang='grc' dir='ltr'><em>γόης</em></span> <span class='ocrx_word' id='word_1_204' title='bbox 1419 2034 1483 2067; x_wconf 88' lang='grc' dir='ltr'><em>τις</em></span> <span class='ocrx_word' id='word_1_205' title='bbox 1504 2019 1530 2061; x_wconf 82' lang='grc'>5</span> 
     </span>
     <span class='ocr_line' id='line_1_29' title="bbox 128 2086 1484 2142; baseline 0.001 -13"><span class='ocrx_word' id='word_1_206' title='bbox 128 2087 256 2141; x_wconf 85' lang='grc' dir='ltr'><em>ἀνήρ,</em></span> <span class='ocrx_word' id='word_1_207' title='bbox 284 2086 455 2135; x_wconf 85' lang='grc' dir='ltr'><em>Θευδᾶς</em></span> <span class='ocrx_word' id='word_1_208' title='bbox 481 2086 634 2139; x_wconf 83' lang='grc' dir='ltr'><em>ὄνομα,</em></span> <span class='ocrx_word' id='word_1_209' title='bbox 660 2088 807 2128; x_wconf 82' lang='grc' dir='ltr'><em>πείθει</em></span> <span class='ocrx_word' id='word_1_210' title='bbox 833 2087 911 2128; x_wconf 92' lang='grc' dir='ltr'><em>τὸν</em></span> <span class='ocrx_word' id='word_1_211' title='bbox 930 2090 1136 2129; x_wconf 81' lang='grc' dir='ltr'><em>πλεῖστον</em></span> <span class='ocrx_word' id='word_1_212' title='bbox 1163 2088 1296 2142; x_wconf 81' lang='grc' dir='ltr'><em>ὄχλον</em></span> <span class='ocrx_word' id='word_1_213' title='bbox 1323 2087 1484 2130; x_wconf 87' lang='grc' dir='ltr'><em>ἀναλα-</em></span> 
     </span>
     <span class='ocr_line' id='line_1_30' title="bbox 126 2155 1483 2213; baseline 0 -13"><span class='ocrx_word' id='word_1_214' title='bbox 126 2159 264 2213; x_wconf 86' lang='grc' dir='ltr'><em>βόντα</em></span> <span class='ocrx_word' id='word_1_215' title='bbox 291 2157 366 2206; x_wconf 81' lang='grc' dir='ltr'><em>τὰς</em></span> <span class='ocrx_word' id='word_1_216' title='bbox 391 2158 564 2210; x_wconf 80' lang='grc' dir='ltr'><em>κτήσεις</em></span> <span class='ocrx_word' id='word_1_217' title='bbox 590 2155 772 2198; x_wconf 78' lang='grc' dir='ltr'><em>ἕπεσθαι</em></span> <span class='ocrx_word' id='word_1_218' title='bbox 798 2158 906 2210; x_wconf 89' lang='grc' dir='ltr'><em>πρὸς</em></span> <span class='ocrx_word' id='word_1_219' title='bbox 932 2158 1009 2199; x_wconf 90' lang='grc' dir='ltr'><em>τὸν</em></span> <span class='ocrx_word' id='word_1_220' title='bbox 1031 2156 1262 2213; x_wconf 87' lang='grc' dir='ltr'><em>Ἰορδάνην</em></span> <span class='ocrx_word' id='word_1_221' title='bbox 1285 2160 1483 2213; x_wconf 89' lang='grc' dir='ltr'><em>ποταμὸν</em></span> 
     </span>
    </p>

    <p class='ocr_par' dir='ltr' id='par_1_9' title="bbox 74 2225 1484 2285">
     <span class='ocr_line' id='line_1_31' title="bbox 74 2225 1484 2285; baseline 0.003 -18"><span class='ocrx_word' id='word_1_222' title='bbox 74 2242 108 2268; x_wconf 85' lang='lat'><em>30</em></span> <span class='ocrx_word' id='word_1_223' title='bbox 130 2228 264 2285; x_wconf 78' lang='grc' dir='ltr'><em>αὐτῷ·</em></span> <span class='ocrx_word' id='word_1_224' title='bbox 291 2229 518 2283; x_wconf 87' lang='grc' dir='ltr'><em>προφήτης</em></span> <span class='ocrx_word' id='word_1_225' title='bbox 542 2227 625 2280; x_wconf 83' lang='grc' dir='ltr'><em>γὰρ</em></span> <span class='ocrx_word' id='word_1_226' title='bbox 652 2229 800 2281; x_wconf 81' lang='grc' dir='ltr'><em>ἔλεγεν</em></span> <span class='ocrx_word' id='word_1_227' title='bbox 827 2225 956 2282; x_wconf 82' lang='grc' dir='ltr'><em>εἶναι,</em></span> <span class='ocrx_word' id='word_1_228' title='bbox 981 2227 1053 2270; x_wconf 83' lang='grc' dir='ltr'><em>καὶ</em></span> <span class='ocrx_word' id='word_1_229' title='bbox 1081 2229 1379 2283; x_wconf 84' lang='grc' dir='ltr'><em>προστάγματι</em></span> <span class='ocrx_word' id='word_1_230' title='bbox 1405 2230 1484 2272; x_wconf 90' lang='grc' dir='ltr'><em>τὸν</em></span> 
     </span>
    </p>

    <p class='ocr_par' dir='ltr' id='par_1_10' title="bbox 223 2306 810 2353">
     <span class='ocr_line' id='line_1_32' title="bbox 223 2306 810 2353; baseline 0.003 -11"><span class='ocrx_word' id='word_1_231' title='bbox 223 2312 242 2351; x_wconf 63' lang='lat' dir='ltr'>g</span> <span class='ocrx_word' id='word_1_232' title='bbox 269 2312 311 2343; x_wconf 81' lang='lat'><em>97</em></span> <span class='ocrx_word' id='word_1_233' title='bbox 340 2307 385 2343; x_wconf 81' lang='lat' dir='ltr'><em>ef.</em></span> <span class='ocrx_word' id='word_1_234' title='bbox 412 2306 505 2343; x_wconf 76' lang='lat' dir='ltr'>Bell.</span> <span class='ocrx_word' id='word_1_235' title='bbox 532 2307 610 2343; x_wconf 81' lang='lat' dir='ltr'>Iud.</span> <span class='ocrx_word' id='word_1_236' title='bbox 636 2307 670 2342; x_wconf 86' lang='grc' dir='ltr'><strong>Π</strong></span> <span class='ocrx_word' id='word_1_237' title='bbox 697 2312 751 2353; x_wconf 88' lang='lat'><em>11,</em></span> <span class='ocrx_word' id='word_1_238' title='bbox 781 2312 810 2344; x_wconf 84' lang='lat'><em>6.</em></span> 
     </span>
    </p>
   </div>
  </div>
 </body>
</html>
