1732 2526
215 89 273 131 22
704 87 1069 121 ΑΡΧΑΙΟΛΟΓΙΑΣ

214 198 339 253 δρον,
372 195 420 246 ὃς
457 192 573 251 εἶχεν
611 195 748 237 αὐτοῦ
785 195 866 250 τὴν
903 192 1142 249 θυγατέρα,
1183 200 1256 248 τῆς
1288 194 1428 243 αἰτίας
1459 192 1566 235 ἀπο-

215 268 450 310 λελύσθαι·
503 266 669 321 δωρεάς
717 265 753 307 τ’
803 264 1045 307 ἀντέδοσαν
1096 265 1302 319 ἀλλήλοις
1352 263 1403 314 ἃς
1452 265 1576 320 εἰκὸς,

214 341 420 393 βασιλεῖς.
463 338 609 393 <132>
641 334 1071 393 ἐντεῦθενΪΗρώδης
1091 334 1161 378 ἐπὶ
1176 333 1394 384 Ἰουδαίας
1420 333 1567 377 ἐλθὼν

212 408 285 451 καὶ
318 411 556 463 γενόμενος
581 407 630 450 ἐν
655 414 714 465 τῷ
743 408 845 465 ίερςό
871 405 971 462 περὶ
998 414 1085 448 τῶν
1110 405 1430 461 πεπραγμένων
1459 406 1567 447 κατὰ

213 481 294 534 τὴν
339 479 590 534 ἀποδημίαν
642 477 880 532 διελέγετο,
927 478 1008 531 τὴν
1052 475 1379 533 Καίσαροςζξξείς
1429 475 1564 518 αὐτὸν
1602 489 1619 516 5

212 551 552 607 φιλοφροσύνην
602 548 674 592 καὶ
718 545 854 591 τᾶλλα
899 548 1095 602 διεξιών,
1148 548 1229 590 ὅσα
1260 548 1386 603 ζζκατὰ
1436 546 1566 603 μέρος

213 621 331 679 αὐτῷ
376 620 630 677 πραχθέντα
673 619 916 676 συμφέρειν
959 619 1107 674 ἡγεῖτο
1151 617 1224 661 καὶ
1261 620 1364 669 τοὺς
1405 619 1567 668 ἄλλους

213 692 390 734 εἰδέναι.
452 692 599 746 <133>
630 690 752 741 τέλος
784 689 854 733 ἐπὶ
885 692 1103 747 νουθεσία
1128 697 1216 732 τῶν
1241 690 1413 732 παίδων
1445 686 1566 731 κατέ-

213 770 371 819 στρεψε
404 765 482 805 τὸν
515 765 666 817 λόγον,
697 764 800 812 τοὺς
830 759 929 817 περὶ
956 762 1036 815 τὴν
1068 760 1210 815 αὐλὴν
1235 759 1307 802 καὶ
1334 762 1382 802 τὸ
1410 761 1566 802 λοιπὸν

213 838 387 889 πλῆθος
418 835 480 883 εἰς
512 834 726 888 ὁμόνοιαν
757 836 1040 888 παρακαλῶν,
1073 830 1144 873 καὶ
1181 833 1285 882 τοὺς
1316 832 1442 881 υἱοὺς
1473 827 1564 885 μετ’
1589 844 1622 869 10

215 905 352 946 αὐτὸν
386 904 651 954 ἀποδεικνὺς
683 903 889 959 βασιλέας
920 902 1146 957 γενέσθαι,
1172 910 1346 958 πρῶτον
1379 899 1459 957 μὲν
1490 901 1568 943 τὸν

208 974 508 1032 Ἀντίπατρον,
542 973 634 1017 εἶτα
666 973 737 1017 καὶ
769 976 874 1024 τοὺς
905 973 952 1016 ἐκ
982 973 1256 1029 Μαριάμμης
1278 971 1569 1027 Ἀλέξανδρον

212 1045 284 1088 καὶ
312 1044 670 1101 Ἀριστόβουλον·
704 1046 851 1100 <134>
883 1044 931 1087 ἐν
951 1043 1013 1087 »δὲ
1045 1051 1103 1102 τῷ
1138 1046 1233 1087 τότε
1265 1044 1431 1093 πάντας
1462 1042 1569 1084 ἀπο-

211 1115 391 1172 βλέπειν
435 1119 497 1167 είς
534 1117 670 1160 αὐτὸν
708 1116 858 1171 ἀξιῶν,
895 1114 967 1158 καὶ
1006 1114 1188 1170 βασιλέα
1231 1113 1304 1157 καὶ
1349 1115 1568 1168 δεσπότην

213 1187 419 1230 ἁπάντων
459 1189 626 1242 δοκεῖν,
666 1190 772 1243 μήτε
811 1188 942 1243 γήραι
979 1187 1409 1242 παραποδιζόμενον,
1452 1185 1498 1228 ἐν
1532 1180 1565 1242 ᾧ
1589 1180 1622 1225 15

212 1266 293 1302 τοῦ
330 1261 496 1315 χρόνου
534 1258 581 1301 τὸ
620 1260 730 1313 πρὸς
768 1258 909 1314 ἀρχὴν
947 1256 1262 1312 ἐμπειρότατον
1294 1258 1425 1312 ἔχειν,
1467 1256 1568 1298 οὔτε

213 1338 305 1380 τοῖς
349 1331 500 1380 ἄλλοις
544 1329 886 1384 ἐπιτηδεύμασιν
919 1327 1268 1383 ’ἐλαττούμενον,
1313 1327 1339 1369 ἃ
1383 1327 1567 1369 δύναται

213 1400 285 1443 καὶ
329 1402 554 1456 βασιλείας
597 1406 772 1456 κρατεῖν
817 1398 890 1441 καὶ
932 1400 1105 1441 παίδων
1149 1399 1320 1455 ἄρχειν·
1371 1398 1475 1447 τούς
1517 1395 1566 1440 θ’

212 1472 432 1526 ἡγεμόνας
468 1470 540 1514 καὶ
582 1473 629 1513 τὸ
671 1472 997 1526 στρατιωτικόν,
1036 1471 1077 1511 εἰ
1106 1470 1216 1524 πρὸς
1255 1468 1334 1511 ἕνα
1365 1467 1568 1523 βλέποιεν

215 1543 364 1597 αὐτόν,
397 1542 618 1598 ἀτάραχον
651 1544 732 1597 ἔφη
765 1543 844 1584 τὸν
875 1543 976 1596 βίον
1003 1540 1131 1595 ἕξειν,
1156 1538 1229 1582 καὶ
1255 1546 1400 1582 πᾶσαν
1432 1538 1569 1595 ἀφορ-
1589 1556 1623 1581 20

214 1615 302 1668 μὴν
347 1613 630 1668 εὐδαιμονίας
668 1613 710 1664 ἐξ
749 1612 952 1666 ἀλλήλων
997 1613 1190 1654 ἔσεσθαι.
1253 1611 1401 1666 <135>
1444 1608 1565 1652 ταῦτ’

214 1685 351 1726 εἰπὼν
379 1684 534 1740 ἀφίησι
560 1684 640 1738 τὴν
666 1682 917 1738 ἐκκλησιάν,
943 1689 1034 1733 τοῖς
1057 1684 1280 1731 πλείστοις
1305 1678 1386 1736 μὲν
1408 1679 1569 1735 ἀρεστὰ

215 1754 527 1810 διειλεγμένος,
559 1754 694 1804 ἐνίοις
726 1752 763 1796 δ’
804 1754 883 1809 οὐχ
916 1754 1096 1808 ὁμοίως·
1134 1753 1220 1807 ἤδη
1258 1752 1342 1806 γὰρ
1375 1752 1460 1794 ὑπὸ
1492 1757 1569 1807 τῆς

214 1825 399 1881 ἁμίλλης
430 1824 502 1867 καὶ
533 1833 622 1867 τῶν
655 1825 863 1879 ἐλπίδων,
896 1825 946 1875 ἃς
978 1823 1235 1866 ἐνεδεδώκει
1277 1830 1368 1873 τοῖς
1398 1824 1568 1878 παισίν,

213 1895 524 1953 νενεωτέριστο
556 1896 712 1952 πολλά,
744 1895 816 1939 καὶ
847 1893 1075 1951 νεωτέρων
1108 1893 1327 1950 ἐφιέμενα.
1570 1909 1621 1936 ³25

168 1970 196 2012 5
305 1967 450 2023 <136>
481 1967 580 2024 περὶ
613 1965 661 2009 δὲ
693 1968 771 2010 τὸν
802 1969 965 2023 χρόνον
997 1972 1156 2009 τοῦτον
1183 1964 1439 2008 συντέλειαν
1472 1967 1569 2007 ἔλα-

213 2042 293 2095 βεν
325 2039 351 2093 ἡ
384 2039 627 2095 Καισάρεια
665 2039 868 2094 Σεβαστὴ
913 2038 968 2093 ἣν
1012 2037 1244 2093 ᾠκοδόμει,
1283 2036 1448 2094 δεκάτῳ
1487 2034 1568 2091 μὲν

215 2112 303 2152 ἔτει
333 2111 442 2165 πρὸς
473 2109 595 2160 τέλος
628 2109 846 2164 ἐλθούσης
884 2109 1002 2166 αὐτῷ
1043 2114 1118 2163 τῆς
1150 2108 1254 2162 ὅλης
1285 2113 1569 2161 κατασκευῆς,

216 2180 484 2235 ἐκπεσούσης
511 2179 559 2223 δὲ
585 2186 659 2235 τῆς
683 2183 958 2236 προθεσμίας
983 2181 1044 2230 εἰς
1070 2181 1233 2234 ὄγδοον
1265 2176 1336 2220 καὶ
1368 2179 1568 2221 εἰκοστὸν

217 2254 311 2302 ἔτος
348 2258 424 2306 τῆς
462 2252 610 2308 ἀρχῆς,
649 2250 712 2294 ἐπ’
759 2251 1031 2307 ὀλυμπιάδος
1069 2248 1276 2305 δευτέρας
1315 2247 1387 2291 καὶ
1420 2247 1567 2304 ἐνενη-
1587 2263 1622 2289 30

313 2337 331 2376 §f
353 2336 421 2367 134
442 2332 486 2368 cf.
507 2333 599 2369 Bell.
621 2333 699 2368 Iud.
720 2333 736 2366 I
757 2336 811 2377 23,
835 2337 865 2368 5.
965 2335 982 2373 ἓ
1007 2335 1073 2366 136
1095 2331 1138 2366 ef.
1161 2330 1251 2365 Bell.
1274 2330 1351 2366 Iud.
1375 2330 1390 2364 I
1411 2334 1465 2374 21,
1487 2332 1518 2366 8.
