1732 2526
243 45 328 87 342
806 47 1034 82 ΙΩΣΗΠΟΤ

242 150 355 194 εἶναι
393 153 444 194 τὰ
481 157 611 195 πλοῖα
648 154 753 195 κενὰ
791 162 878 196 τῶν
917 154 1133 209 ἐπιβατῶν
1172 155 1299 207 ὄντα,
1342 153 1585 207 πλησιάσας

243 222 282 264 δ’
333 223 463 273 αὐτὸς
506 225 554 265 ε”ν
599 239 687 266 τινι
736 227 874 282 πλοίῳ
924 227 1260 279 κατεμεμφόμην
1310 223 1454 265 αὐτῶν
1504 225 1584 278 τὴν

242 295 443 347 ἄγνοιαν,
468 292 539 335 καὶ
566 294 632 335 ὅτι
659 295 713 349 δὴ
739 295 878 344 οὕτως
907 295 1097 350 εὐχερεῖς
1123 292 1227 347 εἷεν,
1252 294 1391 347 πάσης
1417 295 1585 344 δικαιάς

242 365 348 406 ἄνευ
397 364 658 419 προφάσεως
708 364 961 416 ἐξίστασθαι
1011 372 1085 420 τῆς
1133 367 1241 418 πρός
1290 380 1341 418 με
1389 366 1584 414 πίστεως.

241 436 385 488 (168)
417 435 675 489 ὡμολόγουν
709 432 748 477 δ’
785 441 846 485 εἴς
877 452 921 477 τε
952 438 1000 478 τὸ
1034 437 1189 477 λοιπὸν
1215 435 1363 484 αὐτοῖς
1388 435 1584 488 συγγνώ-
1621 445 1637 470 5

242 510 400 547 σεσθαι
431 508 632 560 βεβαίως,
664 507 704 548 εἰ
732 506 948 561 πέμψειαν
981 505 1084 548 δέκα
1116 513 1194 548 τοῦ
1225 507 1426 560 πλήθους
1457 519 1585 559 προε-

242 584 418 625 στῶτας.
492 576 836 618 ὑπακουσάντων
881 575 920 618 δ’
974 575 1155 631 ἑτοίμως
1198 573 1270 617 καὶ
1319 574 1584 629 πεμψάντων

241 647 404 701 ἄνδρας
430 647 507 696 οὓς
531 654 758 701 προεῖπον,
785 645 1022 701 ἐμβιβάσας
1048 646 1240 688 ἀπέλυον
1266 646 1326 695 εἰς
1352 647 1585 700 Ταριχαιάς

240 716 674 773 φυλαχθησομένους.

181 802 225 831 34
330 788 472 840 <169>
505 793 563 844 τῷ
597 787 916 840 στρατηγήματι
950 784 997 828 δὲ
1029 787 1168 842 τούτῳ
1201 792 1279 839 τῆν
1305 786 1473 839 βουλὴν
1504 791 1582 827 πᾶ-
1604 796 1636 821 10

241 870 323 900 σαν
353 854 450 899 κατ’
488 858 664 910 ὀλίγους
696 858 844 911 λαβὼν
877 858 937 906 εἰς
968 858 1048 911 τὴν
1084 854 1407 910 προειρημένην
1438 857 1583 909 πόλιν,

240 928 311 971 καὶ
357 926 446 983 μετ’
497 928 642 969 αὐτῶν
685 929 787 977 τοὺς
829 929 1019 977 πολλοὺς
1062 934 1140 969 τοῦ
1186 928 1327 980 δήμου
1371 926 1584 979 πρώτους,

240 1000 404 1053 ἄνδρας
449 998 529 1040 οὐκ
583 996 787 1047 ἐλάττους
839 997 1018 1039 ἐκείνων
1069 999 1218 1050 ὄντας,
1269 996 1584 1050 διεπεμψάμην.

240 1069 386 1123 <Ῑ70>
418 1070 466 1111 τὸ
501 1066 548 1110 δὲ
579 1072 751 1121 πλῆθος
783 1068 840 1117 ὡς
873 1065 995 1110 εἶδον
1027 1069 1088 1117 εἰς
1113 1062 1209 1110 οἷον
1242 1074 1386 1108 κακῶν
1427 1067 1583 1120 ἥκουσι

241 1139 444 1194 μέγεθος,
476 1139 752 1192 παρεκάλουν
785 1154 837 1192 με
869 1140 946 1180 τὸν
972 1143 1114 1180 αἴτιον
1139 1144 1213 1191 τῆς
1239 1138 1428 1186 στάσεως
1454 1153 1583 1191 τιμω-
1605 1147 1638 1173 15

242 1212 475 1263 ρήσασθαι.
537 1211 720 1258 Κλεῖτος
764 1208 802 1249 δ’
850 1205 906 1261 ἦν
950 1210 1089 1262 ὄνομα
1132 1210 1284 1264 τούτῳ,
1326 1208 1498 1261 θρασύς
1538 1222 1583 1248 τε

240 1279 312 1321 καὶ
343 1280 560 1334 προπετὴς
590 1281 778 1328 νεανίας.
841 1280 982 1332 <171>
1015 1278 1098 1331 ἐγὼ
1133 1276 1174 1319 δ’
1222 1277 1471 1319 ἀποκτεῖναι
1503 1275 1583 1331 μὲν

241 1350 320 1405 οὐχ
373 1351 496 1392 ὅσιον
537 1350 780 1403 ἡγούμενος
828 1350 1056 1404 ὁμόφυλον
1106 1349 1267 1400 ἄνδρα,
1310 1348 1491 1389 κολάσαι
1539 1346 1580 1388 δ’

240 1421 436 1475 ἀνάγκην
479 1422 611 1474 ἔχων,
654 1428 742 1461 τῶν
785 1418 884 1472 περὶ
937 1418 1014 1473 ἐμέ
1059 1435 1146 1460 τινι
1198 1418 1583 1472 σωματοφυλάκων

240 1490 351 1533 Λευὶ
394 1489 636 1545 προσέταξα
679 1492 946 1543 προελθόντι
983 1491 1115 1539 κόψαι
1158 1495 1237 1530 τοῦ
1279 1491 1466 1530 Κλείτου
1504 1489 1584 1541 τὴν
1602 1499 1636 1524 20

242 1561 394 1616 ἑτέραν
432 1569 520 1602 τῶν
557 1567 729 1616 χειρῶν.
792 1561 935 1613 <1Ῑ2>
975 1561 1201 1608 δείσαντος
1241 1556 1288 1600 δὲ
1326 1564 1405 1600 τοῦ
1435 1562 1583 1600 κελευ-

241 1632 427 1681 σθέντος
470 1632 532 1681 εἰς
575 1636 759 1672 τοσοῦτο
803 1634 974 1683 πλῆθος
1016 1633 1254 1683 προελθεῖν
1299 1631 1457 1683 μόνου,
1502 1629 1582 1682 τὴν

242 1705 411 1745 δειλίαν
442 1708 521 1743 τοῦ
549 1701 815 1755 στρατιώτου
843 1701 899 1755 μὴ
927 1698 1164 1754 βουληθεὶς
1190 1699 1437 1753 κατάδηλον
1463 1698 1581 1752 γενέ-

242 1778 348 1816 σθαι
375 1780 464 1822 τοῖς
489 1775 779 1827 Τιβεριεῦσιν,
805 1771 939 1813 αὐτὸν
960 1773 1146 1812 Κλεῖτον
1177 1772 1385 1824 φωνήσας
1417 1768 1580 1823 “έπειδὴ

241 1844 312 1886 καὶ
344 1843 481 1894 ἄξιος’
515 1840 639 1884 εἶπον
672 1842 899 1897 τὑπάρχεις
931 1841 1176 1896 ἀμφοτέρας
1207 1841 1281 1889 τὰς
1302 1848 1451 1895 ,χεῖρας
1477 1839 1581 1881 ἀπο-
1602 1851 1635 1876 25

242 1918 414 1968 βαλεῖν,
459 1913 597 1963 οὕτως
641 1912 870 1967 ἀχάριστος
915 1913 975 1960 εἰς
1020 1909 1093 1965 ε’με
1143 1913 1400 1964 γενόμενος,
1449 1916 1581 1962 γενοῦ

241 1990 405 2026 σαυτοῦ
447 1985 619 2038 δήμιος,
659 1984 716 2037 μὴ
755 1981 827 2023 καὶ
869 1981 1111 2035 ἀπειθήσας
1153 1984 1329 2035 χείρονα
1369 1982 1582 2033 τιμωρίαν

240 2053 458 2109 ὑπόσχῃςῖ
504 2054 644 2106 (173)
677 2059 755 2094 τοῦ
788 2050 835 2094 δὲ
867 2053 947 2106 τὴν
980 2050 1131 2104 ἑτέραν
1158 2051 1275 2106 αὐτῷ
1303 2057 1581 2104 συγχωρῆσαι

239 2126 379 2168 πολλὰ
418 2123 647 2178 δεομένου,
685 2125 808 2177 μόλις
844 2122 1093 2164 κατένευσα.
1156 2120 1354 2169 κάκεῖνος
1394 2121 1582 2174 ἄσμενος

238 2194 348 2250 ὑπὲρ
380 2202 459 2237 τοῦ
491 2195 548 2248 μὴ
581 2195 655 2243 τὰς
687 2194 768 2235 δύο
800 2200 947 2248 χεῖρας
978 2192 1216 2246 ἀποβαλεῖν
1248 2191 1396 2244 λαβὼν
1427 2190 1579 2244 μάχαι-
1598 2202 1634 2228 so

334 2282 352 2319 g
380 2279 445 2311 169
472 2275 516 2310 cf.
543 2274 633 2309 Bell.
660 2274 738 2309 1uc1.
764 2274 798 2308 11
825 2277 881 2318 21,
908 2277 938 2308 9.
