1732 2526
211 77 236 117 3
246 77 298 117 10
701 78 1064 111 ΑΡΧΑΙΟΛΟΓΙΑΣ

206 182 430 226 Ἰουδαῖοι·
483 184 638 238 <254>
682 183 847 235 ἐκεῖνος
896 182 976 238 μὲν
1021 185 1103 238 γὰρ
1150 183 1436 239 ἐπεκρύπτετο
1480 184 1560 237 τὴν

211 257 428 309 πονηρίαν
454 253 526 296 καὶ
552 261 630 297 τοῦ
657 256 714 309 μὴ
741 255 989 297 παντάπασι
1010 254 1268 309 κατάφωρος
1294 251 1404 296 εἶναι
1425 268 1560 309 πρου-

211 327 326 379 νόει,
365 324 548 374 Γέσσιος
581 323 629 367 δὲ
663 329 866 381 Φλῶρος,
907 325 1107 378 καθάπερ
1146 326 1207 374 εἰς
1245 323 1453 375 ἐπίδειξιν
1485 339 1561 366 πο-

211 398 365 450 νηρίας
396 398 634 451 πεμφθείς,
675 398 750 446 τὰς
780 399 843 446 εἰς
880 398 927 438 τὸ
966 398 1098 445 ἔθνος
1135 395 1258 450 ἡμῶν
1289 397 1563 451 παρανομίας

212 466 448 520 ἐπόμπευε,
500 465 609 521 μήθ’
655 466 851 521 ἁρπαγῆς
891 467 1149 519 παραλιπὼν
1190 465 1357 521 μηδένα
1400 467 1563 521 τρόπον

212 534 308 590 μήτ’
346 535 502 578 ἀδίκου
542 538 772 586 κολάσεως.
835 537 988 591 <255>
1027 534 1082 590 ἦν
1121 537 1203 592 γὰρ
1242 538 1446 591 ἄτεγκτος
1483 551 1563 590 μεν

211 607 320 662 πρὸς
351 608 490 662 ε’λεον,
521 609 682 657 παντὸς
715 606 763 649 δε
794 607 979 662 κέρδους
1010 608 1244 661 ἄπληστος,
1276 603 1309 663 ᾧ
1344 623 1391 661 γε
1424 603 1562 661 μηδεν

211 678 263 718 τὰ
303 681 484 719 πλεῖστα
525 685 612 719 τῶν
655 678 816 732 ὀλίγων
859 677 1083 732 διέφερεν,
1129 677 1238 719 ἀλλὰ
1277 676 1347 719 καὶ
1388 681 1563 733 λῃσταῖς

213 747 523 802 ἐκοινώνησεν·
575 747 713 797 ἀδεῶς
756 748 838 802 γὰρ
884 748 929 790 οἱ
969 747 1124 790 πολλοὶ
1168 747 1286 790 τοῦτ’
1334 749 1561 801 ἔπραττον,

213 817 422 873 ἐχέγγυον
453 816 556 871 παρ’
593 818 763 860 ἐκείνου
795 819 874 872 τὴν
908 821 1127 873 σωτηρίαν
1160 817 1229 859 ἐπὶ
1261 825 1351 867 τοῖς
1387 816 1562 872 μέρεσιν

213 891 328 943 ἔχειν
370 891 715 938 πεπιστευκότες.
777 889 932 942 <256>
975 887 1047 930 καὶ
1091 895 1220 930 τοῦτο
1261 887 1440 942 μέτριον
1483 888 1564 930 οὐκ

212 958 282 1014 ἦν,
315 957 409 1001 ἀλλ’
441 960 487 1000 οἱ
516 960 744 1014 δυστυχεῖς
770 956 978 1001 Ἰουδαῖοι
1010 960 1067 1013 μὴ
1101 959 1341 1013 δυνάμενοι
1372 959 1447 1008 τὰς
1476 958 1562 1001 ὑπὸ

212 1037 300 1072 τῶν
333 1034 504 1086 λῃστῶν
537 1029 798 1084 γιγνομένας
829 1031 1069 1085 πορθήσεις
1100 1028 1353 1084 ὑπομένειν,
1376 1029 1563 1083 ἠναγκά-

214 1103 336 1151 ζοντο
368 1108 457 1142 τῶν
490 1101 616 1142 ἰδίων
649 1100 977 1155 ἐξανιστάμενοι
1002 1101 1128 1154 ἠθῶν
1155 1101 1335 1154 φεύγειν
1361 1100 1563 1153 ἅπαντες,

214 1172 271 1220 ὡς
302 1179 501 1227 κρεῖττον
535 1171 809 1224 ὁπουδήποτε
848 1171 965 1226 παρὰ
1002 1178 1092 1220 τοῖς
1124 1169 1390 1225 ἀλλοφύλοις
1421 1186 1563 1212 κατοι-

212 1243 430 1295 κήσοντες.
492 1239 564 1282 καὶ
605 1243 649 1282 τί
684 1242 754 1282 δεῖ
787 1243 921 1282 πλείω
962 1239 1125 1294 λέγειν;
1170 1241 1324 1294 <257>
1361 1241 1438 1282 τὸν
1480 1241 1562 1294 γὰρ

212 1313 321 1367 πρὸς
345 1309 583 1365 Ῥωμαίους
609 1313 802 1366 πόλεμον
829 1312 850 1353 ὁ
878 1311 1207 1365 καταναγκάσας
1232 1311 1343 1365 ἡμᾶς
1369 1312 1561 1366 ἄρασθαι

215 1384 399 1435 Φλῶρος
430 1379 500 1435 ἢν,
532 1388 729 1436 κρεῖττον
761 1381 1034 1436 ἡγουμένους
1066 1381 1261 1436 ἀθρόους
1294 1381 1319 1435 ἢ
1351 1379 1440 1423 κατ’
1474 1381 1563 1423 ὀλί-

213 1468 293 1506 γον
325 1451 579 1494 ἀπολέσθαι.
642 1451 714 1494 καὶ
753 1453 807 1506 δὴ
848 1453 929 1506 τὴν
961 1453 1098 1507 ἀρχὴν
1132 1454 1287 1507 ἔλαβεν
1320 1452 1342 1494 ὁ
1374 1454 1563 1507 πόλεμος

214 1521 403 1578 δευτέρῳ
445 1520 525 1576 μὲν
567 1524 650 1563 ἔτει
691 1529 766 1576 τῆς
804 1522 1036 1577 ἐπιτροπῆς
1076 1523 1285 1576 Φλώρου,
1331 1523 1561 1580 δωδεκάτῳ

214 1590 262 1634 δὲ
294 1598 368 1646 τῆς
400 1592 609 1647 Νέρωνος
641 1593 786 1648 ἀρχῆς.

301 1664 446 1717 <258>
479 1662 571 1705 ἀλλ’
604 1664 684 1705 ὅσα
716 1662 796 1718 μὲν
829 1665 940 1719 δρᾶν
967 1664 1310 1718 ἠναγκάσθημεν
1341 1663 1366 1717 ἢ
1399 1667 1562 1704 παθεῖν

211 1734 522 1788 ὑπεμείναμεν,
548 1734 738 1788 ἀκριβῶς
762 1742 928 1788 γνῶναι
953 1735 1133 1789 πάρεστι
1159 1742 1250 1784 τοῖς
1277 1732 1562 1788 βουλομένοις

213 1804 410 1859 ἐντυχεῖν
448 1812 540 1854 ταῖς
578 1801 651 1846 ὑπ’
689 1805 796 1859 ἐμοῦ
836 1804 935 1859 περὶ
973 1812 1052 1847 τοῦ
1086 1803 1330 1847 Ἰουδαϊκοῦ
1366 1803 1560 1858 πολέμου

1584 832 1616 857 10

1586 1183 1616 1209 15

1582 1537 1615 1561 20

213 1877 383 1929 βίβλοις
409 1874 742 1930 γεγραμμέναις·
788 1876 930 1930 <259>
956 1877 1164 1917 παύσεται
1192 1873 1240 1917 δὲ
1267 1874 1460 1917 ἐνταῦθά
1486 1890 1560 1928 μοι
1582 1888 1614 1913 ‘25

212 1946 264 1986 τὰ
305 1952 380 1999 τῆς
421 1945 749 2000 ἀρχαιολογίας,
791 1944 889 1999 μεθ’
927 1946 982 1999 ἣν
1023 1944 1095 1987 καὶ
1136 1947 1212 1987 τὸν
1253 1947 1444 2000 πόλεμον
1485 1945 1561 2000 ἠρ-

213 2015 352 2070 ξάμην
397 2016 595 2069 γράφειν.
661 2015 848 2071 περιέχει
894 2014 935 2057 δ’
985 2016 1093 2070 αὕτη
1138 2017 1218 2070 τὴν
1261 2014 1345 2057 ἀπὸ
1390 2015 1562 2069 πρώτης

212 2085 423 2140 γενέσεως
455 2085 696 2139 ἀνθρώπου
728 2087 975 2142 παράδοσιν
1007 2085 1131 2141 μέχρι
1158 2087 1280 2135 ἔτους
1311 2086 1560 2128 δωδεκάτου

212 2163 288 2210 τῆς
320 2155 530 2210 Νέρωνος
561 2156 796 2211 ἡγεμονίας
833 2165 919 2199 τῶν
951 2157 1056 2211 ἡμῖν
1098 2157 1438 2211 συμβεβηκότων
1470 2163 1560 2207 τοῖς

208 2226 440 2275 Ἰουδαίοις
472 2226 579 2267 κατά
610 2241 655 2267 τε
687 2228 766 2281 τὴν
798 2232 1026 2281 Αἴγυπτον
1058 2225 1131 2268 καὶ
1162 2229 1335 2281 Συρίαν
1367 2225 1437 2267 καὶ
1466 2229 1559 2268 Πα-
1579 2239 1612 2264 30

213 2300 461 2352 λαιστίνην,
507 2296 651 2350 <260>
689 2297 769 2339 ὅσα
808 2313 851 2339 τε
889 2300 1173 2351 πεπόνθαμεν
1211 2295 1286 2338 ὑπ’
1319 2295 1559 2349 Ἀσσυρίων

1719 2242 1732 2267 3ss
