1732 2526
268 44 354 85 216
759 43 1122 76 ΑΡΧΑΙοΛοΓΙΑΣ

269 152 351 206 γὰρ
397 157 486 200 τοῖς
530 149 578 192 ἐν
617 148 729 192 τέλει
766 151 955 205 φοβερὸς
992 146 1047 203 ἧν
1086 149 1218 198 Γάιος
1262 149 1319 199 ὡς
1357 147 1422 190 ἐπ’
1472 149 1614 201 αὐτῶν

269 221 451 264 ἕκαστον
492 219 563 262 καὶ
603 223 711 275 πρὸς
750 220 1043 262 οὑστινασοῦν
1083 226 1133 275 τῇ
1167 221 1300 275 μανία
1336 223 1526 274 χρῆσθαι
1558 221 1613 275 μὴ

270 291 565 346 ἀφησόμενος·
605 292 718 345 <51>
756 292 947 346 φανεροί
981 288 1017 331 τ’
1056 289 1260 344 ἀλλήλοις
1290 287 1402 344 ἦσαν
1440 296 1515 344 τῆς
1547 288 1615 332 ε’πὶ

272 369 361 411 τοῖς
404 362 654 417 πράγμασιν
699 360 970 416 ἀχθηδόνος,
1017 361 1249 415 διασαφεῖν
1292 357 1616 414 μὲν·ἀλλη’λοις

270 433 476 486 ἄντικρυς
502 432 582 486 τὴν
609 431 812 473 διάνοιαν
840 429 929 482 [καὶ
955 437 1080 484 μῖσος
1106 432 1153 472 τὸ
1180 431 1289 486 πρὸς
1309 430 1462 483 Γάιον]
1491 433 1615 489 φόβῳ

273 504 354 554 [τε]
394 503 618 544 κινδύνων
658 492 889 556 ἀφέμενοι,
927 502 1069 550 ἄλλως
1107 499 1147 542 δ’
1189 501 1506 556 αἰσθανόμενοι
1539 508 1616 544 τοῦ

272 572 473 626 ἀλλήλων
517 575 672 627 μίσους
715 573 824 627 πρὸς
870 571 1030 624 Γάιον,
1080 569 1151 612 καὶ
1203 567 1261 612 δι’
1315 571 1421 614 αὐτὸ
1466 571 1618 629 εὐνοίᾳ

272 648 461 697 χρῆσθαι
505 644 557 684 τὰ
601 644 709 698 πρὸς
747 641 968 695 ἀλλήλους
1006 642 1063 696 μὴ
1103 640 1439 696 ἀπηλλαγμένοι.
1502 642 1616 696 <ὃ2>

274 711 524 767 γενομένων
564 711 601 754 δ’
649 711 796 762 αὐτοῖς
846 711 1067 762 ἀξιώσεων
1112 711 1284 767 ἐπείπερ
1329 711 1619 767 συνέβαλλον,

273 784 480 832 εἰωθότες
511 781 582 824 καὶ
614 784 831 837 πρότερον
863 782 991 824 ὁπότε
1029 781 1289 825 συνέλθοιεν
1326 785 1471 836 τίμιον
1503 783 1618 836 ἡγεῖ-

274 858 381 895 σθαι
425 855 502 895 τὸν
545 854 844 894 Βινουκιανὸν
888 852 1079 907 ὑπεροχῇ
1130 851 1168 894 τ’
1220 852 1460 907 ἀξιώματος
1502 851 1619 908 (γεν-

274 926 501 973 ναιότατος
543 924 625 977 γὰρ
667 920 722 977 ἦν
767 930 853 964 τῶν
897 921 1109 978 πολιτῶν)
1149 921 1220 964 καὶ
1263 928 1322 980 τῷ
1367 921 1436 964 ε’πὶ
1486 929 1620 965 πᾶσιν

275 992 593 1051 ἐπαινουμένῳ,
633 997 800 1048 μᾶλλον
845 994 902 1042 ὡς
943 994 1122 1035 ἅπτοιτό
1162 1009 1281 1043 τινος
1318 995 1467 1047 λόγου,
1505 993 1620 1048 <53>

273 1065 450 1120 φθάσας
491 1064 690 1114 κάκεῖνος
728 1065 854 1118 ἤρετο
899 1062 1090 1119 Χαιρέαν
1129 1064 1151 1105 ὅ
1193 1080 1233 1105 τι
1272 1062 1343 1105 καὶ
1374 1065 1620 1119 παραλάβοι

275 1143 456 1190 σημεῖον
501 1142 576 1189 τῆς
616 1133 778 1189 ἡμέρας
821 1133 1008 1188 ε’κείνης·
1059 1133 1259 1191 ἀοίδιμος
1302 1135 1384 1188 γὰρ
1430 1135 1503 1176 διὰ
1547 1140 1621 1189 τῆς

274 1208 441 1255 πόλεως
479 1202 534 1259 ἦν
571 1205 596 1258 ἡ
636 1206 697 1254 εἰς
741 1206 817 1246 τὸν
855 1203 1043 1259 Χαιρέαν
1083 1205 1156 1246 διὰ
1197 1210 1272 1258 τῆς
1308 1212 1397 1246 τῶν
1430 1207 1621 1259 σημείων

277 1278 440 1326 δόσεως
483 1274 755 1331 πραττομένη
799 1275 937 1330 ὕβρις.
1000 1275 1115 1328 <54>
1160 1274 1181 1315 ὃ
1229 1272 1275 1316 δὲ
1316 1274 1502 1329 χάρματι
1543 1282 1621 1317 τοῦ

276 1349 411 1400 λόγου
456 1344 595 1400 μηδὲν
638 1348 855 1400 μελλήσας
895 1346 1096 1400 ἠμείβετο
1134 1350 1212 1387 τοῦ
1244 1347 1541 1387 Βινουκιανοῦ
1573 1347 1620 1387 τὸ

278 1416 347 1459 ἐπὶ
379 1417 568 1458 τοιοῖσδε
601 1421 839 1457 πιστεῦσαν
872 1415 1021 1471 ὁμιλία
1046 1416 1295 1471 χρήσασθαι
1327 1417 1435 1470 πρὸς
1467 1415 1621 1457 αὐτόν·

278 1485 370 1528 (καὶ
403 1487 457 1528 σύ
489 1503 562 1541 μοι
596 1485 748 1535 δίδως’
777 1482 868 1527 εἷπε
896 1486 1104 1540 ςσημεῖον
1131 1485 1399 1539 ἐλευθερίας,
1423 1486 1547 1540 χάρις
1573 1485 1626 1528 δέ

282 1569 352 1600 σοι
384 1563 462 1599 τοῦ
489 1556 795 1611 ἀνεγείραντός
822 1571 872 1610 με
899 1558 1105 1610 μειζόνως
1130 1557 1238 1610 ἤπερ
1265 1559 1403 1597 εἴωθα
1435 1555 1622 1610 ἐμαυτὸν

279 1628 437 1683 ὁρμᾶν,
482 1626 615 1669 οὐδέν
660 1643 733 1681 μοι
777 1629 900 1681 χρεία
943 1629 1161 1668 πλειόνων
1199 1628 1261 1668 ἔτι
1303 1628 1448 1680 λόγων
1490 1627 1535 1668 οἵ
1571 1642 1623 1681 με

278 1703 507 1753 θαρροῖεν,
548 1699 588 1739 εἰ
625 1698 678 1751 δὴ
717 1698 788 1738 καὶ
822 1696 890 1738 σοὶ
933 1703 1065 1738 ταῦτα
1098 1698 1228 1739 δοκεῖ.
1290 1697 1403 1750 <ὦ5>
1448 1698 1623 1751 γνώμης

279 1784 323 1810 τε
356 1774 429 1821 τῆς
461 1767 594 1822 αὐτῆς
619 1766 827 1810 κοινωνοὶ
859 1766 930 1809 καὶ
961 1769 1176 1823 πρότερον
1216 1767 1240 1821 ἢ
1281 1771 1518 1809 συνελθεῖν
1556 1782 1623 1820 γε-

280 1841 481 1892 γόναμεν.
545 1837 616 1880 καὶ
649 1838 696 1880 ἓν
728 1836 807 1892 μὲν
840 1837 1088 1892 ὑπέζωσμαι
1120 1838 1257 1893 ξίφος,
1295 1837 1461 1892 ἀμφοῖν
1499 1834 1538 1878 δ’
1575 1837 1623 1878 ἓν

280 1908 464 1962 ἀρκέσει.
527 1909 639 1962 <56>
672 1909 780 1950 ὥστε
814 1913 879 1950 ἴθι
912 1907 982 1950 καὶ
1022 1910 1162 1961 ἔργων
1204 1908 1417 1963 ἐχώμεθα,
1448 1907 1622 1961 ἡγεμών

279 1977 314 2020 τ’
361 1983 471 2033 ἴσθι,
509 1974 535 2034 ἧ
575 1980 755 2032 βούλοιο
788 1979 918 2028 αὐτὸς
949 1979 1140 2020 κελεύων
1180 1994 1231 2032 με
1263 1985 1431 2033 χωρεῖν.
1494 1977 1519 2031 ἢ
1551 1976 1624 2019 καὶ

278 2052 538 2103 προείσομαι
571 2049 800 2105 ἐπικουρίᾳ
831 2055 882 2103 τῇ
916 2055 969 2104 σῇ
998 2048 1351 2103 συμπράττοντός
1385 2050 1464 2101 [τε]
1498 2051 1624 2090 πίσυ-

279 2135 367 2168 νος.
433 2117 528 2160 οὐδ’
561 2119 720 2174 ἀπορία
747 2120 933 2173 σιδήρου
960 2126 1051 2168 τοῖς
1077 2120 1156 2172 τὴν
1182 2119 1328 2173 ψυχὴν
1353 2119 1416 2168 εἰς
1441 2119 1492 2159 τὰ
1519 2120 1624 2172 ἔργα

1639 793 1731 829 10¹

1641 1145 1732 1176 15Ι

1640 1498 1675 1524 20

1643 1849 1675 1875 25

280 2187 672 2244 προσφερομένοις,
704 2187 766 2230 δι’
804 2189 859 2242 ἣν
890 2188 960 2230 καὶ
988 2189 1009 2232 ὁ
1038 2190 1218 2243 σίδηρος
1244 2189 1504 2243 δραστήριος
1529 2193 1624 2230 εἵω-
1642 2200 1677 2225 30

279 2264 363 2302 θεν
395 2257 520 2301 εἶναι.
583 2260 697 2313 <57>
731 2259 910 2313 ὥρμηκά
950 2258 988 2300 τ’
1036 2260 1097 2308 εἰς
1134 2259 1214 2312 τὴν
1250 2257 1408 2311 πρᾶξιν
1449 2258 1528 2313 οὐχ
1562 2254 1623 2299 ὧν
