1732 2526
225 75 311 116 206
501 77 866 111 ΑΡΧΑΙΟΛΟΓῙΑΣ
893 78 1302 111 οΚΤΩΚΑΙΔΕΚΑΤΗ

227 182 506 233 ἐπιπεσόντες
549 183 582 226 τ’
633 185 862 239 αἰφνίδιον
903 185 1053 234 αὐτοῖς
1096 185 1328 227 κτείνουσι
1361 186 1606 242 μυριάδας,

224 251 335 308 ὑπὲρ
379 252 507 296 πέντε
551 253 742 308 ἀνδρῶν.
815 255 1045 297 ἀπώλοντό
1089 271 1134 296 τε
1182 256 1342 306 πάντες
1381 258 1497 311 πλὴν
1536 261 1581 298 εἴ

225 340 340 373 τινες
372 323 478 380 ε’λέω
510 327 654 379 φίλων
686 325 712 379 ἢ
744 328 957 379 γειτόνων
985 324 1262 381 ἐπιχωρηθὲν
1288 326 1438 376 αὐτοῖς
1470 328 1576 380 ἔφυ-

225 410 318 447 γον.
381 396 526 449 <377>
557 396 730 445 τούτοις
763 395 802 436 δ’
840 393 895 449 ἦν
930 398 993 446 εἰς
1019 398 1315 451 Κτησιφῶντα
1348 396 1576 452 ἀποχώρη-

225 476 308 519 σις,
337 467 468 507 πόλιν
493 464 730 520 Ἑλληνίδα
762 465 834 507 καὶ
865 473 916 521 τῇ
949 469 1189 523 Σελευκείᾳ
1220 471 1408 521 πλησίον
1433 466 1573 522 κειμέ-
1611 479 1627 505 5

225 551 323 590 νην,
355 537 468 578 ἔνθα
499 536 687 591 χειμάζει
718 534 766 577 θ’
809 537 831 578 ὁ
869 538 1076 590 βασιλεὺς
1106 538 1215 579 κατὰ
1251 543 1340 578 πᾶν
1379 539 1472 587 ἔτος
1503 537 1575 580 καὶ

224 605 250 658 ἡ
282 610 461 660 πλείστη
494 613 569 661 τῆς
601 606 847 660 ἀποσκευῆς
879 607 1015 649 αὐτοῦ
1047 604 1144 663 τῇδ’
1179 606 1441 663 ἀποκειμένη
1474 624 1574 662 τυγ-

224 677 358 730 χάνει.
421 676 645 719 ἀσύνθετα
678 676 718 718 δ’
753 674 809 731 ἦν
841 677 989 727 αὐτοῖς
1020 679 1099 732 τὴν
1131 679 1309 733 ἵδρυσιν
1340 678 1574 733 πεποιημέ-

223 763 331 801 νοις,
352 754 477 802 τιμῆς
501 754 580 790 τοῦ
606 746 819 802 βασιλέως
839 747 1097 790 Σελευκέων
1121 750 1179 803 μὴ
1205 751 1573 804 πεφροντικότων.

223 818 368 870 <378>
403 817 603 873 ἐφοβήθη
650 815 698 859 δὲ
738 817 811 860 καὶ
841 824 929 860 πᾶν
960 820 1008 860 τὸ
1050 820 1151 874 τῇδε
1180 818 1408 862 Ἰουδαίων
1441 822 1573 870 ἔθνος
1593 832 1626 856 10

223 889 325 937 τούς
362 904 406 930 τε
438 891 755 943 Βαβυλωνίους
791 887 861 930 καὶ
904 891 1007 939 τοὺς
1038 893 1287 943 Σελευκεῖς,
1319 889 1469 944 ἐπειδὴ
1500 889 1573 932 καὶ

223 959 388 1001 ὁπόσον
431 956 487 1012 ἧν
532 960 695 1014 Σύρων
740 959 1027 1014 ἐμπολιτεῦον
1072 968 1163 1010 τοῖς
1213 963 1363 1010 τόποις
1411 961 1572 1003 ταύτὸν

222 1031 374 1082 ἔλεγον
412 1036 503 1079 τοῖς
540 1033 838 1072 Σελευκεῦσιν
879 1029 947 1071 ἐπὶ
992 1030 1168 1088 πολέμῳ
1213 1036 1273 1087 τῷ
1316 1032 1424 1087 πρὸς
1468 1034 1572 1082 τοὺς

217 1097 472 1150 Ἰουδαίους.
541 1101 685 1154 <379>
727 1099 798 1141 καὶ
838 1100 1136 1155 συνελέγησαν
1175 1102 1233 1151 ὡς
1269 1104 1317 1144 τὸ
1356 1104 1469 1144 πολὺ
1511 1106 1572 1152 εἴς

221 1185 265 1211 τε
291 1171 342 1211 τὰ
363 1171 552 1225 Νάαρδα
577 1170 649 1212 καὶ
676 1173 755 1225 τὴν
781 1173 981 1225 Νίσιβιν,
1015 1172 1246 1227 ὀχυρότητι
1278 1179 1366 1214 τῶν
1396 1174 1569 1215 πόλεων
1590 1183 1623 1209 15

220 1242 435 1295 κτώμενοι
478 1243 559 1295 τὴν
604 1241 867 1296 ἀσφάλειαν,
911 1241 983 1283 καὶ
1027 1244 1169 1293 ἄλλως
1209 1245 1384 1298 πληθὺς
1425 1244 1570 1286 ἅπασα

219 1314 420 1366 μαχίμων
452 1311 629 1367 ἀνδρῶν
668 1320 942 1355 κατοικεῖται.
1009 1312 1081 1355 καὶ
1122 1315 1173 1355 τὰ
1215 1311 1295 1368 μὲν
1326 1315 1434 1355 κατὰ
1461 1313 1569 1356 Ἰου-

220 1382 374 1432 δαίους
404 1384 507 1432 τοὺς
538 1382 586 1424 ἐν
618 1385 884 1439 Βαβυλωνία
915 1381 1082 1426 τοιαῦτ’
1120 1381 1188 1438 ἧν.
