1732 2526
272 78 360 119 210
764 78 1126 112 ΑΡΧΑΙΟΛΟΓΙΑΣ

275 187 382 240 ζετο,
419 183 490 226 καὶ
531 185 700 227 τούτων
739 183 920 239 ἑκάστης
957 185 1116 239 ἄνδρες
1148 183 1310 239 ἀγαθοὶ
1347 186 1427 239 τὴν
1464 184 1619 239 ἡγεμο-

274 258 374 297 νίαν
407 253 538 311 εἶχον.
600 256 804 309 Αἰμίλιος
835 253 914 310 μὲν
939 254 1188 310 Ῥήγουλος,
1220 254 1267 297 ἐκ
1287 256 1522 310 Κορδύβης
1546 261 1620 310 τῆς

274 325 322 367 ἐν
350 325 516 383 Ἰβηρίᾳ
552 327 600 368 τὸ
639 325 781 380 γένος,
820 325 996 381 συνεῖχέ
1029 342 1163 379 τινας,
1207 326 1232 380 ἣ
1275 323 1335 367 δι’
1379 324 1560 368 ἐκείνων
1592 325 1618 380 ἢ

275 394 332 438 δι’
376 397 513 438 αὑτοῦ
549 398 781 452 πρόθυμος
823 397 884 438 ὢν
916 398 1109 451 ἄρασθαι
1150 396 1303 438 Γάιον·
1347 396 1463 451 <18>
1495 394 1619 449 ἑτέρα

275 464 314 508 δ’
352 466 500 517 αὐτοῖς
531 473 849 521 συνεκροτεῖτο,
882 463 932 520 ἧς
960 466 1147 520 Χαιρέας
1172 465 1367 516 Κάσσιος
1396 468 1620 521 χιλίαρχος

273 538 448 592 ἡγεμὼν
480 535 552 591 ἧν·
585 538 876 586 Βινουκιανὸς
914 535 960 578 δὲ
990 535 1166 586 ’Ἀννιος
1205 536 1284 578 οὐκ
1324 537 1448 591 ὀλίγη
1489 544 1620 591 μοῖρα

274 615 361 649 τῶν
407 607 476 650 ἐπὶ
520 609 600 662 τὴν
644 608 886 663 τυραννίδα
929 606 1352 663 παρεσκευασμένων
1389 604 1455 660 ἧν.
1504 607 1619 660 <19>

274 679 390 719 αἰτία
423 675 463 719 δ’
499 679 650 728 αὐτοῖς
681 681 836 732 μίσους
865 684 945 720 τοῦ
976 679 1085 732 πρὸς
1111 678 1247 720 Γάιον
1275 676 1481 733 (λέγεται)
1517 689 1619 719 συν-

274 751 424 790 ελθεῖν
458 746 679 805 Ῥηγούλῳ
718 746 798 802 μὲν
830 748 878 789 τὸ
912 746 980 789 ἐπὶ
1019 754 1152 790 πᾶσιν
1187 747 1367 801 ὀργίλον
1399 746 1471 789 καὶ
1503 750 1619 801 μίσει

273 819 501 872 χρώμενον
543 820 651 872 πρὸς
694 818 746 859 τὰ
783 815 871 872 μετ’
917 817 1087 878 ἀδικίας
1124 817 1363 872 ἐξαγόμενα
1407 816 1498 874 (καὶ
1536 818 1618 872 γὰρ

273 885 365 943 εἶχέ
393 905 434 930 τι
465 886 702 943 θυμοειδὲς
733 887 780 929 ἐν
818 894 869 943 τῇ
909 889 1085 945 διανοίᾳ
1125 887 1197 930 καὶ
1235 886 1506 943 ἐλευθέριον,
1539 886 1614 943 ὑφ’

275 956 328 1000 οὗ
378 956 516 1013 μηδὲν
568 958 737 1012 στέγειν
780 961 1141 1014 προστίθεσθαιβ
1151 966 1239 1000 τῶν
1289 958 1618 1013 βουλευμάτων·

274 1032 455 1079 πολλοῖς
486 1035 596 1082 γοῦν
629 1029 949 1071 ἀνεκοινώσατο
981 1028 1053 1071 καὶ
1085 1031 1231 1084 φίλοις
1263 1028 1334 1070 καὶ
1365 1029 1515 1078 ἄλλοις
1547 1029 1620 1070 δο-

275 1105 430 1141 κοῦσιν
474 1100 591 1156 αὐτῷ
637 1101 953 1155 δραστηρίοις)·
997 1100 1113 1154 <20>
1151 1101 1443 1148 Βινουκιανὸς
1484 1097 1531 1140 δὲ
1569 1099 1620 1140 τὰ

275 1168 354 1223 μὲν
387 1171 584 1212 Λεπίδου
616 1169 650 1212 τ’
692 1170 859 1226 ἐκδικία
898 1169 1051 1225 (φίλον
1089 1171 1171 1225 γὰρ
1213 1170 1330 1226 αὐτῷ
1361 1170 1412 1211 τὰ
1445 1166 1613 1223 μάλιστ’

276 1242 381 1282 ὄντα
431 1247 589 1283 τοῦτον
631 1239 703 1282 καὶ
749 1248 837 1282 τῶν
889 1244 1079 1283 πολιτῶν
1129 1240 1178 1282 έν
1228 1240 1394 1293 ὀλίγοις
1449 1238 1623 1294 ἀναιρεῖ

276 1310 446 1366 Γάιος),
490 1309 562 1353 καὶ
602 1312 744 1360 ἄλλως
787 1310 1001 1366 φοβηθεὶς
1043 1312 1094 1352 τὰ
1134 1309 1233 1363 περὶ
1278 1310 1412 1352 αὑτὸν
1457 1310 1530 1351 διὰ
1571 1310 1618 1350 τὸ

275 1388 408 1423 πᾶσιν
466 1382 626 1436 ὁμοίως
667 1383 744 1423 τὸν
790 1382 926 1423 Γάιον
977 1380 1045 1423 ἐπὶ
1090 1381 1289 1422 θάνατον
1329 1379 1619 1434 ἀνακειμένην

277 1451 506 1506 ἐπαφιέναι
538 1453 618 1506 τὴν
650 1452 804 1506 ὀργήν,
838 1451 906 1494 ἐπὶ
938 1453 1018 1506 τὴν
1045 1451 1291 1506 ἐγχείρησιν
1317 1448 1471 1505 ἦλθεν,
1503 1450 1619 1504 <21>

276 1522 463 1576 ’Χαιρέας
496 1521 534 1564 δ’
573 1523 757 1578 αἰσχύνῃ
789 1521 938 1577 φέρων
964 1523 1015 1563 τὰ
1042 1522 1190 1576 ὀνείδη
1218 1522 1268 1563 τὰ
1295 1522 1356 1571 εἰς
1380 1522 1460 1575 τὴν
1486 1520 1618 1562 ἀναν-

276 1594 405 1647 δρίαν
437 1593 522 1635 ὑπὸ
554 1600 632 1635 τοῦ
665 1595 707 1634 Γ
703 1595 802 1635 αι’ὀυ
834 1595 1144 1647 προφερόμενα
1182 1591 1254 1634 καὶ
1292 1593 1434 1641 ἄλλως
1464 1593 1512 1632 τὸ
1546 1589 1613 1645 ἐφ’

276 1663 414 1720 ἡμέρα
445 1664 724 1705 κινδυνεύειν
756 1666 882 1719 φιλία
913 1662 985 1705 καὶ
1017 1665 1245 1719 θεραπεία,
1277 1656 1356 1716 τὴν
1383 1663 1522 1704 Γαΐου
1553 1677 1617 1703 τε-

276 1735 435 1788 λευτὴν
474 1734 555 1775 οὐκ
593 1734 888 1788 ἀνελεύθερον
925 1733 1262 1788 ὑπολαμβάνων.
1332 1733 1455 1787 <22>
1497 1734 1542 1774 οἳ
1570 1729 1619 1773 δὲ

274 1803 346 1845 καὶ
365 1810 471 1845 πᾶσι
497 1802 622 1860 κοινῇ
643 1809 912 1859 προτεθῆναι
938 1805 1018 1858 τὴν
1045 1803 1113 1845 ἐπὶ
1140 1809 1197 1860 τῷ
1219 1804 1437 1858 πράγματι
1463 1801 1617 1852 σκέψιν

274 1877 399 1929 φασί,
424 1877 503 1928 τήν
530 1873 574 1915 θ’
607 1875 738 1929 ὕβριν
770 1873 1013 1929 θεωμένοις
1043 1873 1114 1915 καὶ
1148 1873 1443 1928 ἐπιθυμοῦσιν
1476 1873 1617 1927 ἀκμὴν

275 1943 343 1986 ἐπ’
373 1946 519 1987 ἄλλων
545 1945 822 1999 ἀκμάζουσαν
848 1947 1081 1999 διαφυγεῖν
1108 1943 1341 1998 ἀραμένοις
1366 1945 1442 1985 τὸν
1463 1943 1618 1985 Γάιον·

276 2019 379 2064 ἴσως
417 2014 496 2069 μὲν
539 2017 621 2070 γὰρ
660 2016 715 2057 ἂν
746 2020 1046 2069 κατορθῶσαι,
1088 2017 1222 2056 καλὸν
1263 2012 1311 2055 δὲ
1347 2018 1618 2068 κατορθοῦσι

274 2087 543 2140 τηλικούτων
576 2086 759 2140 ἀγαθῶν
792 2094 927 2141 σχεῖν,
961 2089 1004 2128 οἳ
1035 2084 1104 2127 ἐπὶ
1137 2087 1327 2141 σωτηρία
1358 2090 1432 2137 τῆς
1463 2100 1507 2126 τε
1539 2086 1616 2126 πό-

274 2160 382 2206 λεως
426 2155 497 2198 καὶ
540 2163 615 2211 τῆς
654 2157 890 2211 ἡγεμονίας
932 2160 1125 2199 ποθοῦσι
1169 2155 1241 2198 καὶ
1284 2153 1373 2209 μετ’
1423 2153 1615 2208 ὀλέθρου

1639 831 1672 855 10
1731 839 1732 862 3

1640 1182 1673 1207 15
1731 1191 1732 1219 ᾗ

1637 1534 1672 1559 20

1637 1884 1670 1910 25

274 2227 489 2268 ἅπτεσθαι
521 2233 599 2269 τοῦ
630 2227 891 2281 πράγματος.
954 2228 1066 2281 <23>
1102 2227 1218 2280 παρὰ
1258 2226 1397 2267 πάντα
1431 2223 1478 2267 δὲ
1512 2228 1615 2266 Χαι-
1634 2237 1669 2261 30

272 2296 379 2351 ρέαν
419 2297 683 2352 ἐπείγεσθαι,
722 2298 934 2352 ὀνόματός
970 2296 1007 2339 τ’
1049 2296 1259 2354 ἐπιθυμία
1291 2299 1505 2351 μείζονος,
1543 2294 1615 2337 καὶ
1731 2324 1732 2361 1

1731 2378 1732 2410 l
