1732 2526
600 69 1010 102 EHTAKAIAEKATH
1397 67 1480 109 109

133 173 172 216 δ’
209 175 235 229 ἡ
269 174 396 231 ἑορτὴ
428 179 636 229 καλεῖται,
667 175 902 229 ὑπόμνημα
936 171 1045 216 οὖσα
1077 182 1151 228 τῆς
1182 174 1225 226 ἐξ
1253 176 1480 230 Αἰγύπτου

133 245 360 301 ἀπάρσεως
391 246 537 288 αὐτῶν
568 244 827 300 γενομένης,
864 244 934 286 καὶ
968 245 1162 287 θύουσιν
1200 246 1338 300 αὐτὴν
1375 260 1481 300 προ-

131 317 306 371 θύμως,
355 319 525 371 πλῆθός
566 313 616 357 θ’
668 315 837 370 ἱερείων
881 316 939 365 ὡς
984 316 1063 358 οὐκ
1107 316 1155 357 ἐν
1200 317 1308 370 ἄλλῃ
1353 332 1479 358 κατα-

133 388 308 429 κόπτειν
339 385 457 428 ἐστὶν
490 386 638 436 αὐτοῖς
669 388 877 440 νόμιμον,
920 385 1065 440 <214>
1096 387 1261 428 κάτεισι
1295 384 1343 428 δὲ
1375 391 1481 440 πλη-

97 459 220 507 5θὺς
259 456 558 511 ἀναρίθμητος
600 456 645 498 ἐκ
686 463 760 510 τῆς
797 457 960 511 χώρας,
1003 457 1087 510 ἤδη
1128 454 1175 498 δὲ
1213 458 1283 498 καὶ
1323 456 1368 498 ἐκ
1406 464 1482 511 τῆς

79 820 113 844 10

79 1525 114 1550 20

80 1877 114 1903 25

132 527 381 583 ὑπερορίας,
413 526 482 569 ε’πὶ
508 529 725 583 θρησκείᾳ
751 532 830 568 τοῦ
856 525 1003 582 θεοῦ),
1035 525 1105 568 καὶ
1132 527 1178 568 οἵ
1199 526 1479 581 νεωτερισταὶ

132 600 234 647 τοὺς
276 596 375 653 περὶ
420 599 496 640 τὸν
537 596 711 640 Ἰούδαν
760 595 831 638 καὶ
876 599 1090 638 Ματθίαν
1140 596 1347 651 ἐξηγητὰς
1393 605 1480 638 τῶν

131 669 280 722 νόμων
307 668 572 723 ὀδυρόμενοι
599 668 835 717 συστάντες
861 667 909 709 ἐν
934 673 992 724 τῷ
1023 668 1125 724 ἶερῷ
1156 673 1321 722 τροφῆς
1346 668 1481 722 ηὐπο-

132 744 313 793 ροῦντο,
352 746 442 788 τοῖς
475 740 732 788 στασιώταις
763 739 843 780 οὐκ
876 738 927 780 ὃν
966 737 1014 780 ἐν
1046 739 1231 794 αἰσχύνῃ
1263 746 1481 793 μεταιτεῖν

133 809 302 858 αὐτούς.
359 809 503 863 <215>
535 807 607 850 καὶ
638 810 784 858 δείσας
803 807 1034 864 Ἀρχέλαος
1066 809 1123 863 μὴ
1156 810 1232 850 καί
1259 825 1299 850 τι
1333 809 1480 851 δεινὸν

131 882 417 934 βλαστήσειεν
462 880 608 922 αὐτῶν
651 886 702 935 τῇ
747 879 956 935 ἀπονοίᾳ,
999 878 1156 933 πέμπει
1201 879 1384 934 σπεῖράν
1429 877 1476 921 θ’

132 950 322 992 ὁπλιτῶν
366 952 592 1005 χιλίαρχόν
638 966 681 991 τε
726 951 806 1004 τὴν
848 950 989 1005 ὁρμὴν
1030 957 1118 991 τῶν
1160 952 1481 1001 στασιαζόντων

130 1024 405 1062 καταστεῖλαι
448 1022 532 1075 πρὸ
577 1027 656 1062 τοῦ
700 1022 777 1062 τὸν
817 1020 959 1062 πάντα
1000 1020 1156 1074 ὅμιλον
1200 1026 1278 1062 τοῦ
1319 1022 1477 1074 μανιώ-

132 1091 237 1140 δους
270 1090 416 1132 αὐτῶν
447 1089 592 1132 πλέων
623 1097 909 1144 καταστῆναι,
947 1089 1018 1148 καὶ
1057 1095 1102 1132 εἴ
1133 1106 1247 1140 τινες
1280 1091 1481 1144 διάδηλοι

99 1172 112 1195 '›
131 1162 244 1203 πολὺ
285 1168 371 1202 τῶν
412 1162 558 1203 ἄλλων
595 1163 881 1203 καθίσταιντο
923 1163 1152 1217 προθυμίᾳ
1189 1167 1268 1202 τοῦ
1307 1161 1481 1202 στασιά-

132 1233 240 1284 ζειν,
277 1230 343 1273 ἐπ’
381 1232 515 1274 αὐτὸν
548 1231 750 1286 ἀγαγεῖν,
792 1231 936 1285 <216>
976 1230 1044 1273 ἐπὶ
1082 1232 1265 1281 τούτους
1302 1232 1347 1273 οἱ
1383 1242 1481 1272 στα-

132 1309 284 1344 σιῶται
315 1309 404 1344 τῶν
437 1302 657 1357 ἐξηγητῶν
689 1301 761 1344 καὶ
793 1303 842 1344 τὸ
874 1305 1046 1356 πλῆθος
1077 1301 1362 1356 ἐξηγρίωσαν,
1398 1305 1481 1357 βοῇ

131 1370 204 1414 καὶ
237 1373 536 1429 διακελευσμῷ
563 1374 794 1428 χρώμενοι,
827 1373 1034 1427 ὥρμησάν
1063 1371 1098 1414 τ’
1131 1371 1202 1414 ἐπὶ
1227 1375 1329 1422 τοὺς
1354 1384 1482 1426 στρα-

131 1443 305 1498 τιώτας,
346 1441 417 1485 καὶ
459 1443 739 1498 περιστάντες
779 1444 1069 1485 καταλεύουσι
1109 1445 1211 1492 τοὺς
1250 1445 1481 1492 πλείστους

134 1513 296 1555 αὐτῶν·
348 1513 490 1567 ὀλίγοι
532 1512 585 1554 δέ
620 1528 735 1562 τινες
775 1513 847 1555 καὶ
889 1514 911 1556 ὁ
955 1516 1178 1569 χιλίαρχος
1221 1515 1481 1567 τραυματίαι

134 1582 359 1639 διέφυγον.
421 1582 493 1625 καὶ
537 1591 627 1634 τοῖς
671 1582 751 1639 μὲν
795 1590 930 1626 ταῦτα
973 1583 1160 1639 πράξασι
1205 1584 1278 1625 διὰ
1321 1591 1480 1639 χειρῶν

133 1651 266 1703 αὖθις
297 1654 324 1707 ἡ
355 1656 494 1696 θυσία
526 1651 597 1708 ἦν,
639 1654 783 1708 <217>
811 1653 1028 1712 Ἀρχελάῳ
1062 1651 1102 1695 δ’
1139 1655 1306 1709 ἄπορον
1340 1653 1482 1696 ἐδόκει

134 1726 350 1776 σώζεσθαι
381 1725 432 1766 τὰ
463 1724 604 1766 πάντα
636 1726 694 1779 μὴ
728 1725 808 1766 οὐκ
840 1724 1110 1775 ἀνακύψαντι
1135 1725 1216 1778 τὴν
1243 1723 1312 1765 ἐπὶ
1337 1720 1477 1766 τοῖσδ’

134 1796 275 1850 ὁρμὴν
306 1801 382 1849 τῆς
412 1796 629 1849 πληθύος·
669 1795 874 1850 ἐκπέμπει
907 1793 953 1837 δὲ
986 1801 1073 1836 πᾶν
1104 1796 1152 1836 τὸ
1186 1796 1482 1850 στρατόπεδον

133 1864 205 1908 καὶ
242 1867 344 1915 τοὺς
383 1866 544 1919 ἱππεῖς,
583 1868 627 1907 οἳ
661 1867 763 1915 τούς
799 1862 835 1908 τ’
872 1867 1031 1908 αὐτόθι
1070 1865 1369 1920 ἐσκηνωκότας
1400 1882 1482 1907 κω-

135 1937 285 1978 λύοιεν
317 1943 408 1985 τοῖς
432 1937 540 1978 κατὰ
565 1937 613 1978 τὸ
641 1937 761 1991 ἱερὸν
786 1939 986 1992 βοηθεῖν,
1016 1935 1088 1978 καὶ
1119 1938 1221 1986 τοὺς
1253 1936 1481 1978 ἐκπίπτον-

134 2022 209 2056 τας
240 2006 325 2048 ὑπὸ
357 2014 446 2048 τῶν
484 2009 624 2058 πεζῶν
662 2007 860 2063 δέχοιντο
898 2007 1191 2062 ἀντειλῆφθαι
1231 2006 1482 2062 τάσφαλοῦς

134 2077 218 2131 ἤδη
262 2080 612 2127 πεπιστευκότας.
674 2078 830 2132 <218>
873 2076 945 2120 καὶ
989 2079 1050 2127 εἰς
1093 2076 1173 2132 μὲν
1216 2080 1482 2133 τρισχιλίους

135 2147 301 2202 ἄνδρας
340 2148 537 2189 ἔκτειναν
580 2147 625 2189 οἱ
663 2148 822 2202 ἱππεῖς,
864 2150 913 2190 τὸ
956 2145 1004 2189 δὲ
1042 2149 1197 2190 λοιπὸν
1236 2146 1371 2204 ᾤχετο
1411 2146 1474 2189 ἐπ’

82 2228 116 2253 30
137 2218 216 2271 ὅρη
249 2218 300 2258 τὰ
332 2220 520 2272 πλησίον
548 2218 696 2268 ἰόντες.
754 2218 959 2274 ἐκήρυττε
992 2217 1030 2259 δ’
1059 2216 1287 2274 Ἀρχέλαος
1314 2218 1481 2273 ἀναχω-

136 2293 229 2340 ρεῖν
261 2286 330 2329 ἐπὶ
362 2289 413 2330 τὰ
452 2288 598 2331 αὑτῶν
635 2295 780 2331 πᾶσιν.
844 2292 889 2331 οἳ
919 2287 958 2331 δ’
996 2289 1169 2344 ἀπῇσαν
1206 2291 1286 2344 τὴν
1324 2287 1480 2344 ἑορτὴν
