<?xml version="1.0" encoding="UTF-8"?>
<!DOCTYPE html PUBLIC "-//W3C//DTD XHTML 1.0 Transitional//EN"
    "http://www.w3.org/TR/xhtml1/DTD/xhtml1-transitional.dtd">
<html xmlns="http://www.w3.org/1999/xhtml" xml:lang="en" lang="en">
 <head>
  <title>
</title>
<meta http-equiv="Content-Type" content="text/html;charset=utf-8" />
  <meta name='ocr-system' content='tesseract 3.04.00' />
  <meta name='ocr-capabilities' content='ocr_page ocr_carea ocr_par ocr_line ocrx_word'/>
</head>
<body>
  <div class='ocr_page' id='page_1' title='image "./flaviiiosephiope04joseuoft_0200.png"; bbox 0 0 1732 2526; ppageno 0'>
   <div class='ocr_carea' id='block_1_1' title="bbox 249 73 1103 117">
    <p class='ocr_par' dir='ltr' id='par_1_1' title="bbox 249 73 1103 117">
     <span class='ocr_line' id='line_1_1' title="bbox 249 73 1103 117; baseline -0.001 -10"><span class='ocrx_word' id='word_1_1' title='bbox 249 76 331 117; x_wconf 76' lang='lat'><em>148</em></span> <span class='ocrx_word' id='word_1_2' title='bbox 738 73 1103 107; x_wconf 70' lang='lat' dir='ltr'>APXAIOAOPIAZ</span> 
     </span>
    </p>
   </div>
   <div class='ocr_carea' id='block_1_2' title="bbox 244 177 1623 239">
    <p class='ocr_par' dir='ltr' id='par_1_2' title="bbox 244 177 1623 239">
     <span class='ocr_line' id='line_1_2' title="bbox 244 177 1623 239; baseline -0.001 -14"><span class='ocrx_word' id='word_1_3' title='bbox 244 189 462 239; x_wconf 77' lang='grc' dir='ltr'><em>προϊοῦσα</em></span> <span class='ocrx_word' id='word_1_4' title='bbox 493 187 552 239; x_wconf 76' lang='grc' dir='ltr'><em>τῷ</em></span> <span class='ocrx_word' id='word_1_5' title='bbox 586 182 790 236; x_wconf 89' lang='grc' dir='ltr'><em>ὀνόματι,</em></span> <span class='ocrx_word' id='word_1_6' title='bbox 829 181 1017 235; x_wconf 89' lang='grc' dir='ltr'><em>δύναμίς</em></span> <span class='ocrx_word' id='word_1_7' title='bbox 1047 178 1083 221; x_wconf 83' lang='grc' dir='ltr'><em>τ’</em></span> <span class='ocrx_word' id='word_1_8' title='bbox 1121 179 1230 236; x_wconf 75' lang='grc' dir='ltr'><em>αὐτῇ</em></span> <span class='ocrx_word' id='word_1_9' title='bbox 1263 180 1496 236; x_wconf 88' lang='grc' dir='ltr'><em>χρημάτων</em></span> <span class='ocrx_word' id='word_1_10' title='bbox 1528 177 1623 235; x_wconf 52' lang='lat'><em>⁹57²&amp;-</em></span> 
     </span>
    </p>
   </div>
   <div class='ocr_carea' id='block_1_3' title="bbox 244 249 1604 2220">
    <p class='ocr_par' dir='ltr' id='par_1_3' title="bbox 244 249 1604 2220">
     <span class='ocr_line' id='line_1_3' title="bbox 245 249 1598 307; baseline -0.002 -12"><span class='ocrx_word' id='word_1_11' title='bbox 245 252 317 296; x_wconf 89' lang='grc' dir='ltr'><em>καὶ</em></span> <span class='ocrx_word' id='word_1_12' title='bbox 361 259 569 307; x_wconf 89' lang='grc' dir='ltr'><em>γεγονυῖα</em></span> <span class='ocrx_word' id='word_1_13' title='bbox 612 253 693 307; x_wconf 85' lang='grc' dir='ltr'><em>τὴν</em></span> <span class='ocrx_word' id='word_1_14' title='bbox 737 253 842 303; x_wconf 80' lang='grc' dir='ltr'><em>ὄψιν</em></span> <span class='ocrx_word' id='word_1_15' title='bbox 887 250 1106 305; x_wconf 86' lang='grc' dir='ltr'><em>εὐπρεπὴς</em></span> <span class='ocrx_word' id='word_1_16' title='bbox 1155 249 1227 293; x_wconf 86' lang='grc' dir='ltr'><em>καὶ</em></span> <span class='ocrx_word' id='word_1_17' title='bbox 1273 257 1347 304; x_wconf 79' lang='grc' dir='ltr'><em>τῆς</em></span> <span class='ocrx_word' id='word_1_18' title='bbox 1392 251 1506 306; x_wconf 82' lang='grc' dir='ltr'><em>ὥρας</em></span> <span class='ocrx_word' id='word_1_19' title='bbox 1551 250 1598 292; x_wconf 90' lang='grc' dir='ltr'><em>ἐν</em></span> 
     </span>
     <span class='ocr_line' id='line_1_4' title="bbox 244 319 1599 380; baseline -0.001 -15"><span class='ocrx_word' id='word_1_20' title='bbox 244 319 273 380; x_wconf 69' lang='grc' dir='ltr'><em>’ᾗ</em></span> <span class='ocrx_word' id='word_1_21' title='bbox 306 319 477 378; x_wconf 82' lang='grc' dir='ltr'><em>μάλιστ’</em></span> <span class='ocrx_word' id='word_1_22' title='bbox 514 323 779 378; x_wconf 78' lang='grc' dir='ltr'><em>ἀγάλλονται</em></span> <span class='ocrx_word' id='word_1_23' title='bbox 817 322 865 364; x_wconf 76' lang='grc' dir='ltr'><em>αἱ</em></span> <span class='ocrx_word' id='word_1_24' title='bbox 899 328 1123 376; x_wconf 83' lang='grc' dir='ltr'><em>γυναῖκες,</em></span> <span class='ocrx_word' id='word_1_25' title='bbox 1165 323 1225 372; x_wconf 84' lang='grc' dir='ltr'><em>εἰς</em></span> <span class='ocrx_word' id='word_1_26' title='bbox 1261 323 1309 364; x_wconf 91' lang='grc' dir='ltr'><em>τὸ</em></span> <span class='ocrx_word' id='word_1_27' title='bbox 1349 328 1599 377; x_wconf 75' lang='grc' dir='ltr'><em>σωφρονεῖν</em></span> 
     </span>
     <span class='ocr_line' id='line_1_5' title="bbox 246 390 1600 448; baseline -0.001 -12"><span class='ocrx_word' id='word_1_28' title='bbox 246 392 443 436; x_wconf 79' lang='grc' dir='ltr'><em>ἀνέκειτο</em></span> <span class='ocrx_word' id='word_1_29' title='bbox 481 393 507 448; x_wconf 85' lang='grc' dir='ltr'><em>ἡ</em></span> <span class='ocrx_word' id='word_1_30' title='bbox 547 393 820 448; x_wconf 80' lang='grc' dir='ltr'><em>ἐπιτήδευσις</em></span> <span class='ocrx_word' id='word_1_31' title='bbox 857 398 937 435; x_wconf 81' lang='grc' dir='ltr'><em>τοῦ</em></span> <span class='ocrx_word' id='word_1_32' title='bbox 975 395 1089 447; x_wconf 89' lang='grc' dir='ltr'><em>βίου.</em></span> <span class='ocrx_word' id='word_1_33' title='bbox 1153 392 1391 447; x_wconf 78' lang='grc' dir='ltr'><em>ἐγεγάμητο</em></span> <span class='ocrx_word' id='word_1_34' title='bbox 1430 390 1478 434; x_wconf 71' lang='grc' dir='ltr'><em>δὲ</em></span> <span class='ocrx_word' id='word_1_35' title='bbox 1509 396 1600 434; x_wconf 89' lang='grc' dir='ltr'><em>Σα-</em></span> 
     </span>
     <span class='ocr_line' id='line_1_6' title="bbox 244 461 1599 522; baseline -0.001 -15"><span class='ocrx_word' id='word_1_36' title='bbox 244 467 464 522; x_wconf 80' lang='grc' dir='ltr'><em>τουρνίνῳ</em></span> <span class='ocrx_word' id='word_1_37' title='bbox 497 469 555 522; x_wconf 77' lang='grc' dir='ltr'><em>τῷ</em></span> <span class='ocrx_word' id='word_1_38' title='bbox 588 465 650 514; x_wconf 83' lang='grc' dir='ltr'><em>εἰς</em></span> <span class='ocrx_word' id='word_1_39' title='bbox 676 465 728 506; x_wconf 84' lang='grc' dir='ltr'><em>τά</em></span> <span class='ocrx_word' id='word_1_40' title='bbox 753 463 894 506; x_wconf 85' lang='grc' dir='ltr'><em>πάντα</em></span> <span class='ocrx_word' id='word_1_41' title='bbox 920 462 1221 521; x_wconf 78' lang='grc' dir='ltr'><em>ἀντισουμένῳ</em></span> <span class='ocrx_word' id='word_1_42' title='bbox 1250 469 1309 520; x_wconf 77' lang='grc' dir='ltr'><em>τῷ</em></span> <span class='ocrx_word' id='word_1_43' title='bbox 1336 461 1436 519; x_wconf 85' lang='grc' dir='ltr'><em>περὶ</em></span> <span class='ocrx_word' id='word_1_44' title='bbox 1462 463 1599 518; x_wconf 85' lang='grc' dir='ltr'><em>αὐτὴν</em></span> 
     </span>
     <span class='ocr_line' id='line_1_7' title="bbox 246 532 1599 594; baseline 0 -17"><span class='ocrx_word' id='word_1_45' title='bbox 246 534 474 594; x_wconf 80' lang='grc' dir='ltr'><em>ἀξιολόγῳ.</em></span> <span class='ocrx_word' id='word_1_46' title='bbox 525 535 639 589; x_wconf 79' lang='grc'>&lt;67&gt;</span> <span class='ocrx_word' id='word_1_47' title='bbox 665 535 824 589; x_wconf 88' lang='grc' dir='ltr'><em>ταύτης</em></span> <span class='ocrx_word' id='word_1_48' title='bbox 850 534 928 591; x_wconf 77' lang='grc' dir='ltr'><em>ἐρᾷ</em></span> <span class='ocrx_word' id='word_1_49' title='bbox 953 532 1113 584; x_wconf 86' lang='grc' dir='ltr'><em>Δέκιος</em></span> <span class='ocrx_word' id='word_1_50' title='bbox 1138 534 1366 588; x_wconf 85' lang='grc' dir='ltr'><em>Μοῦνδος,</em></span> <span class='ocrx_word' id='word_1_51' title='bbox 1391 542 1479 576; x_wconf 87' lang='grc' dir='ltr'><em>τῶν</em></span> <span class='ocrx_word' id='word_1_52' title='bbox 1504 537 1599 577; x_wconf 87' lang='grc' dir='ltr'><em>τότε</em></span> 
     </span>
     <span class='ocr_line' id='line_1_8' title="bbox 248 604 1602 662; baseline 0.001 -15"><span class='ocrx_word' id='word_1_53' title='bbox 248 605 414 648; x_wconf 79' lang='grc' dir='ltr'><em>ἱππέων</em></span> <span class='ocrx_word' id='word_1_54' title='bbox 448 605 548 662; x_wconf 76' lang='grc' dir='ltr'><em>(ὢν)</em></span> <span class='ocrx_word' id='word_1_55' title='bbox 582 605 630 647; x_wconf 91' lang='grc' dir='ltr'><em>ἐν</em></span> <span class='ocrx_word' id='word_1_56' title='bbox 658 604 866 659; x_wconf 82' lang='grc' dir='ltr'><em>ἀξιώματι</em></span> <span class='ocrx_word' id='word_1_57' title='bbox 893 605 1083 662; x_wconf 79' lang='grc' dir='ltr'><em>μεγάλω·</em></span> <span class='ocrx_word' id='word_1_58' title='bbox 1134 604 1206 647; x_wconf 83' lang='grc' dir='ltr'><em>καὶ</em></span> <span class='ocrx_word' id='word_1_59' title='bbox 1239 607 1435 660; x_wconf 74' lang='grc' dir='ltr'><em>μείζονος</em></span> <span class='ocrx_word' id='word_1_60' title='bbox 1467 605 1602 660; x_wconf 81' lang='grc' dir='ltr'><em>οὔσης</em></span> 
     </span>
     <span class='ocr_line' id='line_1_9' title="bbox 246 675 1603 732; baseline 0 -14"><span class='ocrx_word' id='word_1_61' title='bbox 246 676 273 731; x_wconf 71' lang='grc' dir='ltr'><em>’ἢ</em></span> <span class='ocrx_word' id='word_1_62' title='bbox 312 675 422 719; x_wconf 83' lang='grc' dir='ltr'><em>ὥσθ’</em></span> <span class='ocrx_word' id='word_1_63' title='bbox 468 676 635 718; x_wconf 82' lang='grc' dir='ltr'><em>ἁλῶναι</em></span> <span class='ocrx_word' id='word_1_64' title='bbox 681 677 840 731; x_wconf 80' lang='grc' dir='ltr'><em>δώροις</em></span> <span class='ocrx_word' id='word_1_65' title='bbox 884 676 956 718; x_wconf 86' lang='grc' dir='ltr'><em>διὰ</em></span> <span class='ocrx_word' id='word_1_66' title='bbox 1000 677 1048 718; x_wconf 91' lang='grc' dir='ltr'><em>τὸ</em></span> <span class='ocrx_word' id='word_1_67' title='bbox 1092 675 1166 718; x_wconf 82' lang='grc' dir='ltr'><em>καὶ</em></span> <span class='ocrx_word' id='word_1_68' title='bbox 1205 675 1501 732; x_wconf 82' lang='grc' dir='ltr'><em>πεμφθέντων</em></span> <span class='ocrx_word' id='word_1_69' title='bbox 1542 677 1603 726; x_wconf 82' lang='grc' dir='ltr'><em>εἰς</em></span> 
     </span>
     <span class='ocr_line' id='line_1_10' title="bbox 245 746 1601 802; baseline -0.001 -12"><span class='ocrx_word' id='word_1_70' title='bbox 245 751 418 801; x_wconf 80' lang='grc' dir='ltr'><em>πλῆθος</em></span> <span class='ocrx_word' id='word_1_71' title='bbox 459 748 701 802; x_wconf 91' lang='grc' dir='ltr'><em>περιιδεῖν,</em></span> <span class='ocrx_word' id='word_1_72' title='bbox 754 746 908 801; x_wconf 78' lang='grc' dir='ltr'><em>ἐξῆπτο</em></span> <span class='ocrx_word' id='word_1_73' title='bbox 953 750 1145 802; x_wconf 83' lang='grc' dir='ltr'><em>μᾶλλον,</em></span> <span class='ocrx_word' id='word_1_74' title='bbox 1195 748 1304 790; x_wconf 81' lang='grc' dir='ltr'><em>ὥστε</em></span> <span class='ocrx_word' id='word_1_75' title='bbox 1348 746 1420 790; x_wconf 86' lang='grc' dir='ltr'><em>καὶ</em></span> <span class='ocrx_word' id='word_1_76' title='bbox 1463 751 1601 790; x_wconf 80' lang='grc' dir='ltr'><em>εἴκοσι</em></span> 
     </span>
     <span class='ocr_line' id='line_1_11' title="bbox 247 815 1601 874; baseline 0 -14"><span class='ocrx_word' id='word_1_77' title='bbox 247 819 464 874; x_wconf 76' lang='grc' dir='ltr'><em>μυριάδας</em></span> <span class='ocrx_word' id='word_1_78' title='bbox 503 819 710 874; x_wconf 85' lang='grc' dir='ltr'><em>δραχμῶν</em></span> <span class='ocrx_word' id='word_1_79' title='bbox 738 815 944 860; x_wconf 77' lang='grc' dir='ltr'><em>Ἀττικῶν</em></span> <span class='ocrx_word' id='word_1_80' title='bbox 983 818 1092 873; x_wconf 77' lang='grc' dir='ltr'><em>αὐτῇ</em></span> <span class='ocrx_word' id='word_1_81' title='bbox 1131 818 1292 860; x_wconf 84' lang='grc' dir='ltr'><em>δώσειν</em></span> <span class='ocrx_word' id='word_1_82' title='bbox 1328 819 1601 873; x_wconf 87' lang='grc' dir='ltr'><em>ὑπισχνεῖται</em></span> 
     </span>
     <span class='ocr_line' id='line_1_12' title="bbox 247 887 1602 945; baseline 0.001 -14"><span class='ocrx_word' id='word_1_83' title='bbox 247 888 378 944; x_wconf 78' lang='grc' dir='ltr'><em>εὐνῆς</em></span> <span class='ocrx_word' id='word_1_84' title='bbox 404 896 514 944; x_wconf 81' lang='grc' dir='ltr'><em>μιᾶς.</em></span> <span class='ocrx_word' id='word_1_85' title='bbox 567 889 682 943; x_wconf 82' lang='grc'>&lt;68&gt;</span> <span class='ocrx_word' id='word_1_86' title='bbox 710 888 780 931; x_wconf 89' lang='grc' dir='ltr'><em>καὶ</em></span> <span class='ocrx_word' id='word_1_87' title='bbox 814 887 915 944; x_wconf 86' lang='grc' dir='ltr'><em>μηδ’</em></span> <span class='ocrx_word' id='word_1_88' title='bbox 947 889 1005 938; x_wconf 87' lang='grc' dir='ltr'><em>ὣς</em></span> <span class='ocrx_word' id='word_1_89' title='bbox 1030 888 1342 944; x_wconf 77' lang='grc' dir='ltr'><em>ἐπικλωμένης,</em></span> <span class='ocrx_word' id='word_1_90' title='bbox 1374 889 1428 931; x_wconf 89' lang='grc' dir='ltr'><em>οὐ</em></span> <span class='ocrx_word' id='word_1_91' title='bbox 1453 888 1602 945; x_wconf 83' lang='grc' dir='ltr'><em>φέρων</em></span> 
     </span>
     <span class='ocr_line' id='line_1_13' title="bbox 246 959 1602 1017; baseline 0 -15"><span class='ocrx_word' id='word_1_92' title='bbox 246 961 328 1015; x_wconf 85' lang='grc' dir='ltr'><em>τὴν</em></span> <span class='ocrx_word' id='word_1_93' title='bbox 361 959 544 1015; x_wconf 85' lang='grc' dir='ltr'><em>ἀτυχίαν</em></span> <span class='ocrx_word' id='word_1_94' title='bbox 576 966 655 1003; x_wconf 85' lang='grc' dir='ltr'><em>τοῦ</em></span> <span class='ocrx_word' id='word_1_95' title='bbox 687 961 867 1016; x_wconf 76' lang='grc' dir='ltr'><em>ἔρωτος,</em></span> <span class='ocrx_word' id='word_1_96' title='bbox 907 959 1053 1017; x_wconf 73' lang='grc' dir='ltr'><em>ἐνδείᾳ</em></span> <span class='ocrx_word' id='word_1_97' title='bbox 1092 963 1243 1002; x_wconf 90' lang='grc' dir='ltr'><em>σιτίων</em></span> <span class='ocrx_word' id='word_1_98' title='bbox 1281 960 1480 1003; x_wconf 86' lang='grc' dir='ltr'><em>θάνατον</em></span> <span class='ocrx_word' id='word_1_99' title='bbox 1512 959 1602 1002; x_wconf 91' lang='grc' dir='ltr'><em>ἐπι-</em></span> 
     </span>
     <span class='ocr_line' id='line_1_14' title="bbox 246 1029 1602 1090; baseline 0.001 -18"><span class='ocrx_word' id='word_1_100' title='bbox 246 1037 377 1086; x_wconf 86' lang='grc' dir='ltr'><em>τιμᾶν</em></span> <span class='ocrx_word' id='word_1_101' title='bbox 421 1031 539 1090; x_wconf 73' lang='grc' dir='ltr'><em>αὑτςό</em></span> <span class='ocrx_word' id='word_1_102' title='bbox 585 1034 727 1081; x_wconf 87' lang='grc' dir='ltr'><em>καλῶς</em></span> <span class='ocrx_word' id='word_1_103' title='bbox 771 1033 886 1086; x_wconf 79' lang='grc' dir='ltr'><em>ἔχειν</em></span> <span class='ocrx_word' id='word_1_104' title='bbox 931 1029 1127 1085; x_wconf 82' lang='grc' dir='ltr'><em>ἐνόμιζεν</em></span> <span class='ocrx_word' id='word_1_105' title='bbox 1171 1029 1240 1072; x_wconf 84' lang='grc' dir='ltr'><em>ἐπὶ</em></span> <span class='ocrx_word' id='word_1_106' title='bbox 1280 1031 1425 1087; x_wconf 82' lang='grc' dir='ltr'><em>παύλῃ</em></span> <span class='ocrx_word' id='word_1_107' title='bbox 1465 1037 1602 1074; x_wconf 86' lang='grc' dir='ltr'><em>κακοῦ</em></span> 
     </span>
     <span class='ocr_line' id='line_1_15' title="bbox 247 1099 1603 1158; baseline 0 -14"><span class='ocrx_word' id='word_1_108' title='bbox 247 1108 326 1144; x_wconf 82' lang='grc' dir='ltr'><em>τοῦ</em></span> <span class='ocrx_word' id='word_1_109' title='bbox 357 1104 680 1157; x_wconf 84' lang='grc' dir='ltr'><em>κατειληφότος.</em></span> <span class='ocrx_word' id='word_1_110' title='bbox 736 1100 808 1143; x_wconf 84' lang='grc' dir='ltr'><em>καὶ</em></span> <span class='ocrx_word' id='word_1_111' title='bbox 841 1101 863 1143; x_wconf 91' lang='grc' dir='ltr'><em>ὃ</em></span> <span class='ocrx_word' id='word_1_112' title='bbox 896 1099 977 1156; x_wconf 80' lang='grc' dir='ltr'><em>μὲν</em></span> <span class='ocrx_word' id='word_1_113' title='bbox 1010 1101 1294 1156; x_wconf 81' lang='grc' dir='ltr'><em>ἐπεψηφίζετο</em></span> <span class='ocrx_word' id='word_1_114' title='bbox 1327 1102 1505 1158; x_wconf 78' lang='grc' dir='ltr'><em>τοιαύτῃ</em></span> <span class='ocrx_word' id='word_1_115' title='bbox 1538 1118 1603 1144; x_wconf 89' lang='grc' dir='ltr'><em>τε-</em></span> 
     </span>
     <span class='ocr_line' id='line_1_16' title="bbox 248 1169 1601 1228; baseline 0.001 -14"><span class='ocrx_word' id='word_1_116' title='bbox 248 1176 378 1227; x_wconf 74' lang='grc' dir='ltr'><em>λευτῇ</em></span> <span class='ocrx_word' id='word_1_117' title='bbox 411 1171 482 1214; x_wconf 84' lang='grc' dir='ltr'><em>καὶ</em></span> <span class='ocrx_word' id='word_1_118' title='bbox 514 1172 720 1228; x_wconf 86' lang='grc' dir='ltr'><em>πράττειν</em></span> <span class='ocrx_word' id='word_1_119' title='bbox 753 1171 833 1214; x_wconf 87' lang='grc' dir='ltr'><em>οὐκ</em></span> <span class='ocrx_word' id='word_1_120' title='bbox 864 1171 1175 1227; x_wconf 82' lang='grc' dir='ltr'><em>ἀπηλλάττετο,</em></span> <span class='ocrx_word' id='word_1_121' title='bbox 1206 1173 1322 1227; x_wconf 86' lang='grc'>&lt;69&gt;</span> <span class='ocrx_word' id='word_1_122' title='bbox 1354 1169 1410 1227; x_wconf 77' lang='grc' dir='ltr'><em>ἦν</em></span> <span class='ocrx_word' id='word_1_123' title='bbox 1443 1171 1491 1215; x_wconf 78' lang='grc' dir='ltr'><em>δὲ</em></span> <span class='ocrx_word' id='word_1_124' title='bbox 1507 1171 1601 1228; x_wconf 86' lang='grc' dir='ltr'><em>Ἴδη</em></span> 
     </span>
     <span class='ocr_line' id='line_1_17' title="bbox 247 1242 1602 1301; baseline 0 -15"><span class='ocrx_word' id='word_1_125' title='bbox 247 1248 449 1300; x_wconf 76' lang='grc' dir='ltr'><em>πατρῷος</em></span> <span class='ocrx_word' id='word_1_126' title='bbox 480 1242 756 1299; x_wconf 81' lang='grc' dir='ltr'><em>ἀπελευθέρα</em></span> <span class='ocrx_word' id='word_1_127' title='bbox 787 1248 845 1300; x_wconf 79' lang='grc' dir='ltr'><em>τςό</em></span> <span class='ocrx_word' id='word_1_128' title='bbox 879 1243 1096 1301; x_wconf 76' lang='grc' dir='ltr'><em>Μούνδῳ,</em></span> <span class='ocrx_word' id='word_1_129' title='bbox 1128 1245 1351 1286; x_wconf 90' lang='grc' dir='ltr'><em>παντοίων</em></span> <span class='ocrx_word' id='word_1_130' title='bbox 1385 1244 1497 1299; x_wconf 81' lang='grc' dir='ltr'><em>ἴδρις</em></span> <span class='ocrx_word' id='word_1_131' title='bbox 1527 1260 1602 1286; x_wconf 89' lang='grc' dir='ltr'><em>κα-</em></span> 
     </span>
     <span class='ocr_line' id='line_1_18' title="bbox 248 1312 1602 1371; baseline 0.001 -15"><span class='ocrx_word' id='word_1_132' title='bbox 248 1322 358 1368; x_wconf 82' lang='grc' dir='ltr'><em>κῶν,</em></span> <span class='ocrx_word' id='word_1_133' title='bbox 399 1314 426 1367; x_wconf 79' lang='grc' dir='ltr'><em>ἣ</em></span> <span class='ocrx_word' id='word_1_134' title='bbox 460 1315 616 1364; x_wconf 85' lang='grc' dir='ltr'><em>δεινῶς</em></span> <span class='ocrx_word' id='word_1_135' title='bbox 647 1312 845 1370; x_wconf 86' lang='grc' dir='ltr'><em>φέρουσα</em></span> <span class='ocrx_word' id='word_1_136' title='bbox 882 1320 961 1356; x_wconf 88' lang='grc' dir='ltr'><em>τοῦ</em></span> <span class='ocrx_word' id='word_1_137' title='bbox 993 1316 1228 1356; x_wconf 89' lang='grc' dir='ltr'><em>νεανίσκου</em></span> <span class='ocrx_word' id='word_1_138' title='bbox 1266 1320 1324 1371; x_wconf 76' lang='grc' dir='ltr'><em>τῷ</em></span> <span class='ocrx_word' id='word_1_139' title='bbox 1357 1316 1602 1370; x_wconf 84' lang='grc' dir='ltr'><em>ψηφίσματι</em></span> 
     </span>
     <span class='ocr_line' id='line_1_19' title="bbox 248 1382 1603 1442; baseline 0.001 -15"><span class='ocrx_word' id='word_1_140' title='bbox 248 1392 327 1428; x_wconf 83' lang='grc' dir='ltr'><em>τοῦ</em></span> <span class='ocrx_word' id='word_1_141' title='bbox 358 1389 518 1427; x_wconf 89' lang='grc' dir='ltr'><em>θανεῖν</em></span> <span class='ocrx_word' id='word_1_142' title='bbox 551 1385 625 1439; x_wconf 81' lang='grc' dir='ltr'><em>(οὐ</em></span> <span class='ocrx_word' id='word_1_143' title='bbox 651 1386 734 1441; x_wconf 80' lang='grc' dir='ltr'><em>γὰρ</em></span> <span class='ocrx_word' id='word_1_144' title='bbox 762 1385 934 1440; x_wconf 84' lang='grc' dir='ltr'><em>ἀφανὴς</em></span> <span class='ocrx_word' id='word_1_145' title='bbox 959 1382 1015 1440; x_wconf 77' lang='grc' dir='ltr'><em>ἣν</em></span> <span class='ocrx_word' id='word_1_146' title='bbox 1041 1383 1360 1442; x_wconf 87' lang='grc' dir='ltr'><em>ἀπολούμενος)</em></span> <span class='ocrx_word' id='word_1_147' title='bbox 1387 1384 1603 1442; x_wconf 88' lang='grc' dir='ltr'><em>ἀνεγείρει</em></span> 
     </span>
     <span class='ocr_line' id='line_1_20' title="bbox 247 1453 1603 1511; baseline 0.001 -13"><span class='ocrx_word' id='word_1_148' title='bbox 247 1455 284 1497; x_wconf 83' lang='grc' dir='ltr'><em>τ’</em></span> <span class='ocrx_word' id='word_1_149' title='bbox 317 1456 452 1498; x_wconf 89' lang='grc' dir='ltr'><em>αὐτὸν</em></span> <span class='ocrx_word' id='word_1_150' title='bbox 484 1455 730 1511; x_wconf 85' lang='grc' dir='ltr'><em>ἀφικομένη</em></span> <span class='ocrx_word' id='word_1_151' title='bbox 764 1457 837 1498; x_wconf 85' lang='grc' dir='ltr'><em>διὰ</em></span> <span class='ocrx_word' id='word_1_152' title='bbox 870 1458 1022 1511; x_wconf 87' lang='grc' dir='ltr'><em>λόγου,</em></span> <span class='ocrx_word' id='word_1_153' title='bbox 1053 1457 1224 1510; x_wconf 81' lang='grc' dir='ltr'><em>πιθανή</em></span> <span class='ocrx_word' id='word_1_154' title='bbox 1256 1453 1291 1498; x_wconf 84' lang='grc' dir='ltr'><em>τ’</em></span> <span class='ocrx_word' id='word_1_155' title='bbox 1324 1453 1379 1510; x_wconf 78' lang='grc' dir='ltr'><em>ἧν</em></span> <span class='ocrx_word' id='word_1_156' title='bbox 1411 1455 1603 1499; x_wconf 84' lang='grc' dir='ltr'><em>ἐλπίδων</em></span> 
     </span>
     <span class='ocr_line' id='line_1_21' title="bbox 248 1526 1603 1583; baseline 0.001 -14"><span class='ocrx_word' id='word_1_157' title='bbox 248 1534 383 1570; x_wconf 88' lang='grc' dir='ltr'><em>τινῶν</em></span> <span class='ocrx_word' id='word_1_158' title='bbox 410 1526 702 1583; x_wconf 83' lang='grc' dir='ltr'><em>ὑποσχέσεσιν</em></span> <span class='ocrx_word' id='word_1_159' title='bbox 727 1528 785 1577; x_wconf 85' lang='grc' dir='ltr'><em>ὡς</em></span> <span class='ocrx_word' id='word_1_160' title='bbox 805 1526 1261 1582; x_wconf 82' lang='grc' dir='ltr'><em>διαπραχθησομένων</em></span> <span class='ocrx_word' id='word_1_161' title='bbox 1289 1527 1474 1582; x_wconf 88' lang='grc' dir='ltr'><em>ὁμιλιῶν</em></span> <span class='ocrx_word' id='word_1_162' title='bbox 1493 1529 1603 1583; x_wconf 90' lang='grc' dir='ltr'><em>πρὸς</em></span> 
     </span>
     <span class='ocr_line' id='line_1_22' title="bbox 247 1596 1602 1655; baseline 0 -15"><span class='ocrx_word' id='word_1_163' title='bbox 247 1599 328 1653; x_wconf 88' lang='grc' dir='ltr'><em>τὴν</em></span> <span class='ocrx_word' id='word_1_164' title='bbox 355 1601 589 1641; x_wconf 77' lang='grc' dir='ltr'><em>Παυλῖναν</em></span> <span class='ocrx_word' id='word_1_165' title='bbox 615 1598 746 1655; x_wconf 75' lang='grc' dir='ltr'><em>αὐτῷ.</em></span> <span class='ocrx_word' id='word_1_166' title='bbox 801 1598 918 1653; x_wconf 82' lang='grc'>&lt;70&gt;</span> <span class='ocrx_word' id='word_1_167' title='bbox 944 1596 1016 1640; x_wconf 84' lang='grc' dir='ltr'><em>καὶ</em></span> <span class='ocrx_word' id='word_1_168' title='bbox 1043 1597 1283 1654; x_wconf 89' lang='grc' dir='ltr'><em>δεχομένου</em></span> <span class='ocrx_word' id='word_1_169' title='bbox 1309 1599 1389 1653; x_wconf 87' lang='grc' dir='ltr'><em>τὴν</em></span> <span class='ocrx_word' id='word_1_170' title='bbox 1417 1598 1602 1641; x_wconf 71' lang='grc' dir='ltr'><em>ἱκετείαν</em></span> 
     </span>
     <span class='ocr_line' id='line_1_23' title="bbox 247 1668 1602 1725; baseline 0 -14"><span class='ocrx_word' id='word_1_171' title='bbox 247 1669 408 1724; x_wconf 74' lang='grc' dir='ltr'><em>ἡδονῇ,</em></span> <span class='ocrx_word' id='word_1_172' title='bbox 454 1668 581 1711; x_wconf 82' lang='grc' dir='ltr'><em>πέντε</em></span> <span class='ocrx_word' id='word_1_173' title='bbox 628 1669 857 1725; x_wconf 91' lang='grc' dir='ltr'><em>μυριάδων</em></span> <span class='ocrx_word' id='word_1_174' title='bbox 903 1670 1078 1724; x_wconf 84' lang='grc' dir='ltr'><em>δεήσειν</em></span> <span class='ocrx_word' id='word_1_175' title='bbox 1115 1669 1224 1725; x_wconf 76' lang='grc' dir='ltr'><em>αὐτῇ</em></span> <span class='ocrx_word' id='word_1_176' title='bbox 1262 1671 1413 1724; x_wconf 92' lang='grc' dir='ltr'><em>μόνων</em></span> <span class='ocrx_word' id='word_1_177' title='bbox 1453 1670 1602 1724; x_wconf 81' lang='grc' dir='ltr'><em>ἔλεγεν</em></span> 
     </span>
     <span class='ocr_line' id='line_1_24' title="bbox 249 1737 1604 1795; baseline 0.001 -15"><span class='ocrx_word' id='word_1_178' title='bbox 249 1738 316 1794; x_wconf 82' lang='grc' dir='ltr'><em>ἐφ’</em></span> <span class='ocrx_word' id='word_1_179' title='bbox 350 1738 508 1782; x_wconf 81' lang='grc' dir='ltr'><em>ἁλώσει</em></span> <span class='ocrx_word' id='word_1_180' title='bbox 540 1745 615 1794; x_wconf 82' lang='grc' dir='ltr'><em>τῆς</em></span> <span class='ocrx_word' id='word_1_181' title='bbox 646 1742 863 1794; x_wconf 85' lang='grc' dir='ltr'><em>γυναικός.</em></span> <span class='ocrx_word' id='word_1_182' title='bbox 920 1738 992 1782; x_wconf 83' lang='grc' dir='ltr'><em>καὶ</em></span> <span class='ocrx_word' id='word_1_183' title='bbox 1024 1740 1050 1794; x_wconf 75' lang='grc' dir='ltr'>ἢ</span> <span class='ocrx_word' id='word_1_184' title='bbox 1082 1738 1162 1795; x_wconf 73' lang='grc' dir='ltr'><em>μὲν</em></span> <span class='ocrx_word' id='word_1_185' title='bbox 1194 1737 1264 1782; x_wconf 89' lang='grc' dir='ltr'><em>ἐπὶ</em></span> <span class='ocrx_word' id='word_1_186' title='bbox 1295 1740 1467 1790; x_wconf 89' lang='grc' dir='ltr'><em>τούτοις</em></span> <span class='ocrx_word' id='word_1_187' title='bbox 1504 1739 1604 1782; x_wconf 78' lang='grc' dir='ltr'><em>ἀνε-</em></span> 
     </span>
     <span class='ocr_line' id='line_1_25' title="bbox 249 1809 1602 1867; baseline 0.001 -15"><span class='ocrx_word' id='word_1_188' title='bbox 249 1812 431 1865; x_wconf 90' lang='grc' dir='ltr'><em>γείρασα</em></span> <span class='ocrx_word' id='word_1_189' title='bbox 463 1812 540 1852; x_wconf 88' lang='grc' dir='ltr'><em>τὸν</em></span> <span class='ocrx_word' id='word_1_190' title='bbox 572 1813 822 1865; x_wconf 90' lang='grc' dir='ltr'><em>νεανίσκον,</em></span> <span class='ocrx_word' id='word_1_191' title='bbox 853 1810 926 1853; x_wconf 83' lang='grc' dir='ltr'><em>καὶ</em></span> <span class='ocrx_word' id='word_1_192' title='bbox 957 1812 1006 1853; x_wconf 91' lang='grc' dir='ltr'><em>τὸ</em></span> <span class='ocrx_word' id='word_1_193' title='bbox 1039 1809 1221 1865; x_wconf 75' lang='grc' dir='ltr'><em>αἰτηθὲν</em></span> <span class='ocrx_word' id='word_1_194' title='bbox 1247 1814 1443 1867; x_wconf 87' lang='grc' dir='ltr'><em>λαβοῦσα</em></span> <span class='ocrx_word' id='word_1_195' title='bbox 1469 1810 1602 1866; x_wconf 88' lang='grc' dir='ltr'><em>ἀργύ-</em></span> 
     </span>
     <span class='ocr_line' id='line_1_26' title="bbox 249 1880 1601 1937; baseline 0.001 -15"><span class='ocrx_word' id='word_1_196' title='bbox 249 1896 369 1936; x_wconf 88' lang='grc' dir='ltr'><em>ριον,</em></span> <span class='ocrx_word' id='word_1_197' title='bbox 411 1881 464 1923; x_wconf 85' lang='grc' dir='ltr'><em>οὐ</em></span> <span class='ocrx_word' id='word_1_198' title='bbox 497 1881 572 1931; x_wconf 77' lang='grc' dir='ltr'><em>τὰς</em></span> <span class='ocrx_word' id='word_1_199' title='bbox 603 1881 736 1930; x_wconf 83' lang='grc' dir='ltr'><em>αὐτὰς</em></span> <span class='ocrx_word' id='word_1_200' title='bbox 768 1881 900 1931; x_wconf 85' lang='grc' dir='ltr'><em>ὁδοὺς</em></span> <span class='ocrx_word' id='word_1_201' title='bbox 938 1880 1161 1924; x_wconf 87' lang='grc' dir='ltr'><em>ἐστέλλετο</em></span> <span class='ocrx_word' id='word_1_202' title='bbox 1194 1889 1284 1931; x_wconf 88' lang='grc' dir='ltr'><em>τοῖς</em></span> <span class='ocrx_word' id='word_1_203' title='bbox 1315 1881 1601 1937; x_wconf 89' lang='grc' dir='ltr'><em>προδεδιακο-</em></span> 
     </span>
     <span class='ocr_line' id='line_1_27' title="bbox 248 1950 1601 2007; baseline 0.001 -14"><span class='ocrx_word' id='word_1_204' title='bbox 248 1950 474 2006; x_wconf 87' lang='grc' dir='ltr'><em>νημένοις,</em></span> <span class='ocrx_word' id='word_1_205' title='bbox 518 1952 664 2007; x_wconf 89' lang='grc' dir='ltr'><em>ὁρῶσα</em></span> <span class='ocrx_word' id='word_1_206' title='bbox 695 1958 769 2007; x_wconf 83' lang='grc' dir='ltr'><em>τῆς</em></span> <span class='ocrx_word' id='word_1_207' title='bbox 801 1953 1009 2006; x_wconf 89' lang='grc' dir='ltr'><em>γυναικὸς</em></span> <span class='ocrx_word' id='word_1_208' title='bbox 1048 1953 1096 1994; x_wconf 88' lang='grc' dir='ltr'><em>τὸ</em></span> <span class='ocrx_word' id='word_1_209' title='bbox 1129 1953 1338 2007; x_wconf 88' lang='grc' dir='ltr'><em>μηδαμῶς</em></span> <span class='ocrx_word' id='word_1_210' title='bbox 1368 1951 1601 2007; x_wconf 89' lang='grc' dir='ltr'><em>χρημάτων</em></span> 
     </span>
     <span class='ocr_line' id='line_1_28' title="bbox 250 2020 1602 2079; baseline 0.003 -17"><span class='ocrx_word' id='word_1_211' title='bbox 250 2020 562 2077; x_wconf 84' lang='grc' dir='ltr'><em>ἁλισκόμενον,</em></span> <span class='ocrx_word' id='word_1_212' title='bbox 608 2024 752 2065; x_wconf 84' lang='grc' dir='ltr'><em>εἰδυῖα</em></span> <span class='ocrx_word' id='word_1_213' title='bbox 798 2021 840 2064; x_wconf 87' lang='grc' dir='ltr'><em>δ’</em></span> <span class='ocrx_word' id='word_1_214' title='bbox 889 2023 1028 2078; x_wconf 80' lang='grc' dir='ltr'><em>αὐτὴν</em></span> <span class='ocrx_word' id='word_1_215' title='bbox 1072 2024 1288 2079; x_wconf 76' lang='grc' dir='ltr'><em>θεραπείᾳ</em></span> <span class='ocrx_word' id='word_1_216' title='bbox 1329 2028 1405 2077; x_wconf 78' lang='grc' dir='ltr'><em>τῆς</em></span> <span class='ocrx_word' id='word_1_217' title='bbox 1437 2021 1602 2074; x_wconf 88' lang='grc' dir='ltr'><em>Ἴσιδος</em></span> 
     </span>
     <span class='ocr_line' id='line_1_29' title="bbox 250 2092 1601 2149; baseline 0.001 -15"><span class='ocrx_word' id='word_1_218' title='bbox 250 2093 423 2148; x_wconf 89' lang='grc' dir='ltr'><em>σφόδρα</em></span> <span class='ocrx_word' id='word_1_219' title='bbox 466 2092 723 2149; x_wconf 86' lang='grc' dir='ltr'><em>ὑπηγμένην</em></span> <span class='ocrx_word' id='word_1_220' title='bbox 765 2096 971 2149; x_wconf 84' lang='grc' dir='ltr'><em>τεχνᾶταί</em></span> <span class='ocrx_word' id='word_1_221' title='bbox 1009 2110 1049 2137; x_wconf 92' lang='grc' dir='ltr'><em>τι</em></span> <span class='ocrx_word' id='word_1_222' title='bbox 1093 2095 1278 2136; x_wconf 88' lang='grc' dir='ltr'><em>τοιόνδε.</em></span> <span class='ocrx_word' id='word_1_223' title='bbox 1341 2093 1469 2148; x_wconf 85' lang='grc'>&lt;71&gt;</span> <span class='ocrx_word' id='word_1_224' title='bbox 1513 2100 1601 2136; x_wconf 90' lang='grc' dir='ltr'><em>τῶν</em></span> 
     </span>
     <span class='ocr_line' id='line_1_30' title="bbox 251 2161 1601 2220; baseline 0.002 -17"><span class='ocrx_word' id='word_1_225' title='bbox 251 2161 403 2218; x_wconf 81' lang='grc' dir='ltr'><em>ἱερέων</em></span> <span class='ocrx_word' id='word_1_226' title='bbox 434 2162 551 2206; x_wconf 84' lang='grc' dir='ltr'><em>τισὶν</em></span> <span class='ocrx_word' id='word_1_227' title='bbox 583 2163 827 2220; x_wconf 79' lang='grc' dir='ltr'><em>ἀφικομένη</em></span> <span class='ocrx_word' id='word_1_228' title='bbox 868 2166 940 2207; x_wconf 82' lang='grc' dir='ltr'><em>διὰ</em></span> <span class='ocrx_word' id='word_1_229' title='bbox 979 2167 1123 2219; x_wconf 86' lang='grc' dir='ltr'><em>λόγων</em></span> <span class='ocrx_word' id='word_1_230' title='bbox 1162 2163 1233 2207; x_wconf 85' lang='grc' dir='ltr'><em>ἐπὶ</em></span> <span class='ocrx_word' id='word_1_231' title='bbox 1269 2166 1439 2206; x_wconf 90' lang='grc' dir='ltr'><em>πίστεσι</em></span> <span class='ocrx_word' id='word_1_232' title='bbox 1470 2164 1601 2219; x_wconf 88' lang='grc' dir='ltr'><em>μεγά-</em></span> 
     </span>
    </p>
   </div>
   <div class='ocr_carea' id='block_1_4' title="bbox 1623 832 1656 857">
    <p class='ocr_par' dir='ltr' id='par_1_4' title="bbox 1623 832 1656 857">
     <span class='ocr_line' id='line_1_31' title="bbox 1623 832 1656 857; baseline 0 0"><span class='ocrx_word' id='word_1_233' title='bbox 1623 832 1656 857; x_wconf 94' lang='grc'><em>10</em></span> 
     </span>
    </p>
   </div>
   <div class='ocr_carea' id='block_1_5' title="bbox 1623 1185 1656 1211">
    <p class='ocr_par' dir='ltr' id='par_1_5' title="bbox 1623 1185 1656 1211">
     <span class='ocr_line' id='line_1_32' title="bbox 1623 1185 1656 1211; baseline 0 0"><span class='ocrx_word' id='word_1_234' title='bbox 1623 1185 1656 1211; x_wconf 87' lang='grc'><em>15</em></span> 
     </span>
    </p>
   </div>
   <div class='ocr_carea' id='block_1_6' title="bbox 1622 1540 1656 1566">
    <p class='ocr_par' dir='ltr' id='par_1_6' title="bbox 1622 1540 1656 1566">
     <span class='ocr_line' id='line_1_33' title="bbox 1622 1540 1656 1566; baseline 0 0"><span class='ocrx_word' id='word_1_235' title='bbox 1622 1540 1656 1566; x_wconf 77' lang='grc'><em>20</em></span> 
     </span>
    </p>
   </div>
   <div class='ocr_carea' id='block_1_7' title="bbox 1621 1893 1655 1919">
    <p class='ocr_par' dir='ltr' id='par_1_7' title="bbox 1621 1893 1655 1919">
     <span class='ocr_line' id='line_1_34' title="bbox 1621 1893 1655 1919; baseline 0 0"><span class='ocrx_word' id='word_1_236' title='bbox 1621 1893 1655 1919; x_wconf 84' lang='grc'><em>25</em></span> 
     </span>
    </p>
   </div>
   <div class='ocr_carea' id='block_1_8' title="bbox 249 2233 1654 2292">
    <p class='ocr_par' dir='ltr' id='par_1_8' title="bbox 249 2233 1654 2292">
     <span class='ocr_line' id='line_1_35' title="bbox 249 2233 1654 2292; baseline 0.001 -17"><span class='ocrx_word' id='word_1_237' title='bbox 249 2237 364 2288; x_wconf 87' lang='grc' dir='ltr'><em>λαις,</em></span> <span class='ocrx_word' id='word_1_238' title='bbox 401 2235 450 2276; x_wconf 89' lang='grc' dir='ltr'><em>τὸ</em></span> <span class='ocrx_word' id='word_1_239' title='bbox 484 2233 533 2277; x_wconf 74' lang='grc' dir='ltr'><em>δὲ</em></span> <span class='ocrx_word' id='word_1_240' title='bbox 564 2234 771 2290; x_wconf 86' lang='grc' dir='ltr'><em>μέγιστον</em></span> <span class='ocrx_word' id='word_1_241' title='bbox 810 2237 931 2278; x_wconf 89' lang='grc' dir='ltr'><em>δόσει</em></span> <span class='ocrx_word' id='word_1_242' title='bbox 967 2236 1224 2292; x_wconf 87' lang='grc' dir='ltr'><em>χρημάτων,</em></span> <span class='ocrx_word' id='word_1_243' title='bbox 1264 2236 1313 2277; x_wconf 89' lang='grc' dir='ltr'><em>τὸ</em></span> <span class='ocrx_word' id='word_1_244' title='bbox 1345 2233 1425 2290; x_wconf 77' lang='grc' dir='ltr'><em>μὲν</em></span> <span class='ocrx_word' id='word_1_245' title='bbox 1456 2236 1600 2291; x_wconf 89' lang='grc' dir='ltr'><em>παρὸν</em></span> <span class='ocrx_word' id='word_1_246' title='bbox 1619 2246 1654 2273; x_wconf 81' lang='lat'><em>30</em></span> 
     </span>
    </p>
   </div>
   <div class='ocr_carea' id='block_1_9' title="bbox 249 2304 1600 2362">
    <p class='ocr_par' dir='ltr' id='par_1_9' title="bbox 249 2304 1600 2362">
     <span class='ocr_line' id='line_1_36' title="bbox 249 2304 1600 2362; baseline 0.001 -16"><span class='ocrx_word' id='word_1_247' title='bbox 249 2304 477 2360; x_wconf 88' lang='grc' dir='ltr'><em>μυριάδων</em></span> <span class='ocrx_word' id='word_1_248' title='bbox 524 2307 652 2349; x_wconf 91' lang='grc' dir='ltr'><em>δυοῖν</em></span> <span class='ocrx_word' id='word_1_249' title='bbox 696 2306 767 2349; x_wconf 87' lang='grc' dir='ltr'><em>καὶ</em></span> <span class='ocrx_word' id='word_1_250' title='bbox 811 2307 1029 2362; x_wconf 82' lang='grc' dir='ltr'><em>ἡμισείας,</em></span> <span class='ocrx_word' id='word_1_251' title='bbox 1073 2308 1286 2362; x_wconf 89' lang='grc' dir='ltr'><em>λαβόντος</em></span> <span class='ocrx_word' id='word_1_252' title='bbox 1331 2304 1372 2348; x_wconf 82' lang='grc' dir='ltr'><em>δ’</em></span> <span class='ocrx_word' id='word_1_253' title='bbox 1421 2308 1600 2361; x_wconf 84' lang='grc' dir='ltr'><em>ἔκβασιν</em></span> 
     </span>
    </p>
   </div>
  </div>
 </body>
</html>
