1732 2526
544 67 982 101 ENNEAKAIAEKATH
1348 71 1433 113 257

90 175 234 229 <301>
266 175 504 217 κατάλυσιν
535 174 618 229 γὰρ
650 181 739 216 τῶν
769 177 966 229 πατρίων
992 176 1128 219 αὐτοῦ
1155 180 1304 232 νόμων
1337 179 1436 222 ἐδύ-

89 262 208 288 νατο.
272 244 477 300 ἀμελλητὶ
516 246 570 298 δὴ
608 245 716 298 πρὸς
754 246 987 288 Πούπλιον
1020 249 1280 302 Πετρώνιον
1318 250 1438 306 (ἡγε-

93 317 188 371 μὼν
222 314 269 358 δὲ
301 322 376 370 τῆς
396 317 563 370 Συρίας
589 311 717 365 οὗτος
742 312 817 372 ἧν)
843 319 1172 371 παραγίγνεται,
1206 318 1272 360 καὶ
1309 336 1437 362 κατα-

92 386 207 441 λέγει
240 394 327 429 τῶν
359 389 588 441 Δωριτῶν.
651 386 794 439 <302>
838 386 860 428 ὃ
904 385 942 428 δ’
991 388 1070 443 οὐχ
1113 385 1238 441 ἧττον
1277 390 1346 432 ἐπὶ
1378 398 1436 448 τῷ

55 470 72 494 5
92 456 335 513 πραχθέντι
366 458 610 512 χαλεπήνας
643 455 733 512 (καὶ
765 457 847 512 γὰρ
874 457 1004 507 αὐτὸς
1036 459 1208 512 ἔκρινεν
1234 459 1438 515 ἀσέβειαν

91 529 170 582 τὴν
201 535 288 570 τῶν
321 527 520 582 ἐννόμων
551 527 818 583 παράβασιν)
853 536 944 578 τοῖς
976 528 1190 571 ἀποστᾶσι
1222 538 1309 572 τῶν
1338 534 1439 573 Δω-

91 606 224 652 ριτῶν
275 600 358 640 σὺν
409 598 516 653 ὀργῇ
567 594 685 639 ταῦτ’
740 600 914 652 ἔγραψε.
978 599 1136 654 <303>
1189 600 1438 652 (Πούπλιος

91 670 344 723 Πετρώνιος
383 670 652 724 πρεσβευτὴς
699 671 904 724 Τιβερίου
945 671 1176 713 Κλαυδίου
1215 674 1440 727 Καίσαρος

90 742 320 795 Σεβαστοῦ
366 742 641 795 Γερμανικοῦ
685 743 902 795 Δωριτῶν
946 748 1036 790 τοῖς
1078 742 1268 795 πρώτοις
1312 741 1440 796 λέγει.

40 824 72 849 10
91 811 235 865 <3Ο4>
268 810 415 865 ἐπειδὴ
442 812 631 867 τοσαύτῃ
658 812 796 866 τόλμῃ
823 811 1032 862 ἀπονοίας
1059 809 1172 862 τινες
1197 812 1438 868 ἐχρήσαντο

93 881 136 932 ἐξ
177 882 301 936 ὑμῶν
340 882 448 923 ὥστε
486 879 594 936 μηδὲ
634 883 706 923 διὰ
744 883 792 923 τὸ
831 886 1103 936 προτεθῆναι
1140 885 1188 925 τὸ
1223 884 1441 938 διάταγμα

93 953 320 994 Κλαυδίου
366 954 588 1006 Καίσαρος
632 954 861 1006 Σεβαστοῦ
903 954 1179 1007 Γερμανικοῦ
1219 953 1318 1008 περὶ
1362 960 1441 996 τοῦ

75 1023 298 1078 ,ἐφίεσθαι
331 1021 574 1072 Ἰουδαίους
612 1023 856 1077 φυλάσσειν
894 1024 945 1064 τὰ
981 1024 1162 1078 πάτρια,
1203 1028 1442 1078 πεισθῆναι

93 1093 205 1148 ὑμᾶς
236 1093 369 1150 αὐτῷ,
407 1094 551 1148 <305>
590 1093 798 1134 τάναντία
837 1091 884 1134 δὲ
923 1094 1063 1135 πάντα
1103 1093 1276 1148 πρᾶξαι,
1310 1106 1443 1136 συνα-

40 1177 74 1201 15
93 1166 242 1219 γωγὴν
275 1162 504 1207 Ἰουδαίων
541 1165 792 1214 κωλύοντας
829 1160 942 1205 εἶναι
982 1165 1055 1205 διὰ
1099 1166 1147 1206 τὸ
1186 1169 1443 1219 μεταθεῖναι

93 1236 142 1278 ἐν
174 1235 281 1291 αὐτῇ
314 1237 391 1277 τὸν
424 1237 647 1288 Καίσαρος
678 1233 935 1289 ἀνδριάντα,
966 1241 1331 1289 παρανομοῦντας
1363 1235 1443 1278 οὐκ

92 1308 155 1357 εἰς
186 1308 350 1361 μόνους
377 1303 620 1355 Ἰουδαίους
661 1305 770 1347 ἀλλὰ
808 1304 879 1347 καὶ
919 1307 979 1355 εἰς
1011 1308 1089 1348 τὸν
1128 1306 1441 1362 αὐτοκράτορα,

94 1374 147 1420 οὗ
180 1378 203 1420 ὁ
235 1376 418 1431 ἀνδριὰς
448 1375 624 1431 βέλτιον
657 1375 705 1417 ἐν
736 1382 796 1433 τῷ
831 1377 928 1433 ι’δίω
961 1382 1052 1433 ναῷ
1088 1377 1111 1431 ἢ
1146 1376 1194 1418 ἐν
1226 1376 1441 1435 ἀλλοτρίῳ

93 1447 280 1502 ἐτίθετο,
323 1446 396 1489 καὶ
436 1453 571 1489 ταῦτα
609 1447 656 1488 ἐν
688 1453 747 1503 τῷ
785 1453 860 1501 τῆς
899 1453 1158 1501 συναγωγῆς
1198 1450 1332 1505 τόπῳ,
1364 1455 1443 1491 τοῦ

40 1530 75 1556 20
94 1519 225 1574 φύσει
271 1519 445 1560 δικαίου
490 1519 618 1567 ὄντος
662 1517 738 1559 ἕνα
777 1517 960 1560 ἕκαστον
997 1525 1084 1559 τῶν
1127 1518 1252 1559 ἰδίων
1297 1521 1444 1561 τόπων

94 1591 316 1644 κυριεύειν
348 1590 456 1631 κατὰ
488 1590 536 1631 τὸ
570 1590 793 1642 Καίσαρος
827 1588 1029 1643 ἐπίκριμα
1062 1589 1208 1642 <306>
1236 1588 1250 1632 (
1255 1596 1333 1631 τοῦ
1360 1591 1442 1643 γὰρ

96 1660 203 1715 ἐμοῦ
241 1659 519 1715 ἐπικρίματος
557 1661 883 1713 μιμνήσκεσθαι
923 1661 1097 1711 γελοῖόν
1136 1658 1225 1700 ἐστι
1257 1660 1363 1713 μετὰ
1394 1661 1442 1701 τὸ

94 1738 174 1774 τοῦ
194 1731 515 1785 αὐτοκράτορος
535 1731 751 1784 διάταγμα
781 1735 859 1771 τοῦ
886 1728 1197 1781 ἐπιτρέψαντος
1212 1727 1444 1779 Ἰουδαίοις

95 1809 187 1852 τοῖς
219 1803 349 1851 ἰδίοις
381 1803 503 1842 ἔθεσι
536 1804 743 1856 χρῆσθαι,
770 1801 832 1841 ἔτι
858 1799 1008 1854 μέντοι
1034 1798 1106 1841 καὶ
1133 1801 1445 1854 συμπολιτεύε-

42 1882 78 1909 25
98 1877 205 1915 σθαι
237 1870 522 1924 τοῖς”Έλλησι
547 1870 885 1925 κεκελευκότος),
919 1870 1063 1923 <307>
1088 1871 1190 1919 τοὺς
1222 1867 1302 1924 μὲν
1327 1871 1445 1925 παρὰ

97 1945 146 1986 τὸ
180 1944 395 1997 διάταγμα
427 1948 506 1984 τοῦ
539 1943 768 1995 Σεβαστοῦ
801 1947 980 1983 τοιαῦτα
1011 1942 1339 1994 τετολμηκότας,
1371 1940 1440 1996 ἐφ’

99 2010 132 2072 ᾧ
165 2013 238 2056 καὶ
269 2012 393 2055 αὐτοὶ
426 2013 731 2067 ἠγανάκτησαν
759 2012 805 2053 οἱ
828 2012 1062 2060 δοκοῦντες
1089 2010 1235 2052 αὐτῶν
1267 2009 1444 2066 ἐξέχειν,

99 2085 152 2127 οὐ
192 2090 243 2139 τῇ
287 2086 378 2141 ἰδία
417 2082 669 2138 προαιρέσει
710 2086 977 2137 γεγενῆσθαι
1015 2080 1215 2135 λέγοντες
1252 2080 1362 2122 ἀλλὰ
1392 2088 1444 2137 τῇ

98 2162 178 2198 τοῦ
209 2157 409 2210 πλήθους
442 2154 568 2209 ὁρμῇ,
601 2154 684 2196 ὑπὸ
712 2152 1031 2208 ἑκατοντάρχου
1059 2154 1267 2207 Πρόκλου
1294 2150 1446 2194 ’ὅιτελ-

46 2237 82 2263 30
101 2228 199 2268 λίου
238 2224 444 2268 ἐκέλευσα
488 2223 553 2266 ἐπ’
604 2222 677 2279 ἐμὲ
715 2224 964 2279 ἀναχθῆναι
1002 2231 1090 2265 τῶν
1127 2221 1446 2276 πεπραγμένων

101 2299 236 2350 λόγον
262 2295 586 2348 ἀποδώσοντας,
612 2302 702 2344 τοῖς
729 2292 777 2336 δὲ
802 2295 990 2348 πρώτοις
1014 2294 1199 2348 ἄρχουσι
1230 2301 1445 2349 παραινῶ,

171 2372 340 2397 ΙοεΕΡῑωε.
378 2371 430 2396 IV.
1191 2363 1234 2394 17
