1732 2526
539 86 979 118 ENNEAKAIAEKATH
1350 84 1434 127 267

89 198 164 246 τῆς
207 189 425 242 Ἰουδαίας
473 190 543 234 καὶ
593 198 668 246 τῆς
717 191 884 246 ἁπάσης
936 195 1158 246 βασιλείας
1214 192 1438 235 ἀπέστειλε

90 263 320 305 Κούσπιον
355 262 522 316 Φᾶδον,
554 268 612 319 τῷ
645 262 942 320 κατοιχομένῳ
970 263 1123 313 διδοὺς
1147 264 1277 318 τιμὴν
1302 265 1350 306 τὸ
1378 264 1436 318 μὴ

87 333 279 388 Μάρσον
320 333 555 387 ἐπαγαγεῖν
595 334 656 383 εἰς
692 334 740 375 τὸ
779 336 1004 387 βασίλειον
1045 333 1177 391 αὐτῷ,
1220 333 1309 376 ἐπεὶ
1343 335 1436 376 διά-

88 419 231 458 φορον
272 409 430 446 τοῦτον
471 403 665 457 ἐγνώκει.
728 403 874 458 <364>
911 404 995 457 πρὸ
1034 404 1212 445 πάντων
1251 402 1290 446 δ’
1343 403 1436 446 ἐπέ-

52 488 68 513 5
90 477 229 516 στειλε
262 481 319 531 τῷ
356 474 490 531 Φάδῳ
523 476 793 528 Καισαρεῦσι
826 472 900 515 καὶ
926 476 1226 528 Σεβαστηνοῖς
1258 474 1436 529 ἐπιπλῆ-

85 544 154 595 ξαι
191 550 266 598 τῆς
310 545 371 593 εἰς
411 545 488 586 τὸν
526 546 842 600 κατοιχόμενον
882 544 1051 598 ὕβρεως
1088 543 1159 586 καὶ
1204 547 1436 599 παροινίας

84 615 146 664 εἰς
177 615 253 669 τὰς
285 615 347 656 ἔτι
381 614 532 668 ζώσας,
565 615 710 669 (365)
742 615 822 669 τὴν
856 617 955 669 ἴλην
987 612 1034 656 δὲ
1060 622 1149 656 τῶν
1172 615 1433 669 Καισαρέων

82 683 155 726 καὶ
187 692 274 726 τῶν
306 687 602 739 Σεβαστηνῶν
633 683 706 726 καὶ
737 685 812 734 τὰς
843 684 970 726 πέντε
1005 688 1182 741 σπείρας
1221 687 1284 736 εἰς
1316 689 1436 728 Πόν-

82 770 160 797 τον
203 762 485 810 μεταγαγεῖν,
535 756 608 797 ’ίνα
655 754 745 797 ἐκεῖ
786 756 1114 809 στρατεύοιντο·
1163 763 1251 798 τῶν
1297 754 1337 798 δ’
1388 756 1436 799 ἐν

31 842 63 866 10
83 828 228 883 Συρίᾳ
253 824 504 881 Ῥωμαϊκῶν
536 827 767 881 ταγμάτων
807 825 997 877 ἐπιλέξαι
1037 828 1301 882 στρατιώτας
1338 823 1431 869 κατ’

83 896 317 952 ἀριθμούς,
348 896 420 939 καὶ
452 898 528 940 τὸν
556 896 738 939 ἐκείνων
765 897 1078 952 ἀναπληρῶσαι
1103 899 1251 940 τόπον.
1285 897 1432 952 <366>

83 967 136 1009 οὐ
173 968 260 1022 μὴν
298 968 345 1010 οἱ
371 967 684 1018 κελευσθέντες
725 967 1011 1023 μετέστησαν·
1054 968 1435 1023 πρεσβευσάμενοι

72 1039 164 1093 ,γὰρ
198 1038 426 1080 Κλαύδιον
459 1038 790 1093 ἀπεμειλίξαντο
823 1038 895 1080 καὶ
928 1037 1078 1093 μένειν
1120 1038 1191 1081 ἐπὶ
1222 1045 1297 1093 τῆς
1323 1035 1434 1082 ’lov-

84 1110 208 1159 δαίας
241 1108 467 1164 ἐπέτυχον·
500 1112 544 1152 οἵ
574 1108 646 1151 καὶ
671 1117 762 1159 τοῖς
789 1109 960 1152 ἐπιοῦσι
987 1112 1165 1164 χρόνοις
1199 1117 1286 1151 τῶν
1314 1111 1434 1164 μεγί-

31 1194 64 1220 15
83 1192 198 1222 στων
231 1177 462 1229 Ἰουδαίοις
499 1178 703 1234 ἐγένοντο
743 1187 984 1236 συμφορῶν
1025 1179 1156 1235 ἀρχή,
1201 1186 1280 1222 τοῦ
1324 1181 1434 1222 κατὰ

85 1253 273 1305 Φλῶρον
304 1250 497 1306 πολέμου
524 1250 746 1307 σπέρματα
772 1254 993 1306 βαλόντες.
1058 1252 1166 1294 ὅθεν
1189 1250 1436 1293 ’ὅεσπασια-

85 1323 160 1372 νὸς
190 1323 422 1377 κρατήσας,
454 1323 511 1372 ὡς
543 1320 635 1377 μετ’
675 1323 828 1377 ὀλίγον
874 1322 1076 1377 ἐροῦμεν,
1116 1322 1325 1377 ἐξήγαγεν
1358 1322 1437 1364 αὐ-

84 1394 187 1442 τοὺς
216 1398 292 1447 τῆς
323 1392 539 1449 ἐπαρχίας.
