1732 2526
586 82 993 115 EHTAKAIAEKATH
1407 82 1459 123 81

149 192 159 204 1
361 158 413 205 f„
472 161 478 169 ’
561 187 570 202 ‚
650 189 658 203 9
725 195 742 203 ι
928 196 945 204 ω
1104 190 1113 204 ,
1409 191 1417 204 x

115 203 346 244 τιπατρον,
387 192 497 231 αλλα
534 205 557 230 τ
609 204 745 230 αυτου
787 187 834 230 ἐν
871 204 964 238 ταις
999 191 1210 244 βασανοις
1246 203 1463 232 κατειπών

113 258 184 300 καὶ
217 259 284 301 ὅτι
321 259 763 314 παρασκευασάμενος
799 259 1032 314 φάρμακον
1069 260 1322 314 θανάσιμον
1364 261 1461 315 δοίη

117 330 315 386 Φερώρα,
347 330 555 379 κελεύσας
585 330 702 383 παρὰ
733 329 814 383 τὴν
845 329 1095 385 ἀποδημίαν
1128 330 1278 383 αὐτοῦ,
1310 328 1365 371 ἵν’
1406 331 1464 380 ὡς

111 403 316 442 πλεῖστον
359 399 597 455 ἀφεστήκοι
640 407 728 442 τῶν
773 399 820 441 ἐν
864 401 1081 449 τοιούτοις
1125 401 1463 455 ὑποτοπασμῶν,

77 477 170 527 ῦτῷ
201 468 331 525 πατρὶ
365 471 539 512 δοῦναι·
584 470 699 524 <70>
731 468 803 511 καὶ
834 472 1011 524 κομίσαι
1037 467 1118 524 μὲν
1139 468 1392 523 Ἀντίφιλον
1420 470 1462 521 ἐξ

112 542 342 594 Αἰγύπτου
373 542 422 582 τὸ
454 541 706 595 φάρμακον,
746 539 822 582 ἕνα
859 547 947 582 τῶν
975 538 1263 595 Ἀντιπάτρου
1302 542 1462 594 φίλων,

111 616 324 666 σταλῆναι
357 609 396 652 δ’
435 611 492 660 ὡς
527 612 738 666 Φερώραν
771 611 844 652 διὰ
877 612 1128 660 Θευδίωνος
1160 610 1355 665 ἀδελφοῦ
1387 617 1462 665 τῆς

110 683 271 736 μητρὸς
299 680 590 735 ,Ἀντιπάτρου
629 687 707 722 τοῦ
746 679 960 735 βασιλέως
996 681 1172 734 παιδός,
1211 679 1283 722 καὶ
1323 681 1462 730 οὕτως

111 752 262 794 ἐλθεῖν
305 753 354 793 τὸ
398 751 632 807 φάρμακον
677 753 738 801 εἰς
781 752 860 805 τὴν
904 758 1091 804 γυναῖκα
1134 751 1214 805 τὴν
1261 752 1463 806 Φερώρα,

59 835 92 858 10
113 824 269 872 δόντος
311 823 549 877 φυλάττειν
591 820 780 877 τάνδρὸς
824 822 967 876 αὐτῆς.
1036 822 1151 875 <71>
1194 822 1220 875 «ἢ
1266 820 1305 863 δ’
1350 823 1462 876 ὡμο-

110 895 231 947 λόγει
269 890 349 947 μὲν
387 892 704 946 ἀνακρίναντος
741 899 820 935 τοῦ
851 891 1084 946 βασιλέως,
1123 891 1195 934 καὶ
1234 893 1462 947 δραμοῦσα

110 964 168 1012 ὡς
204 965 417 1018 κομίσειε,
459 963 601 1017 ῥίπτει
639 964 746 1004 κατὰ
783 969 862 1005 τοῦ
899 962 1054 1017 τέγους
1092 963 1251 1017 αὑτήν,
1290 963 1342 1004 οὐ
1375 964 1462 1017 μὴν

109 1037 304 1090 τελευτᾷ,
337 1032 407 1075 ἐπὶ
438 1034 576 1083 πόδας
606 1040 682 1088 τῆς
706 1035 909 1083 πτώσεως
941 1032 1189 1088 γενομένης.
1246 1033 1360 1087 <72>
1390 1032 1463 1075 καὶ

110 1095 248 1154 οὕτως
288 1102 380 1146 ἐπεὶ
422 1104 686 1159 ἀνεκτήσατο
728 1104 888 1158 αὑτήν,
932 1104 1087 1145 ἄδειάν
1127 1102 1162 1144 τ’
1211 1103 1319 1158 αὐτῇ
1363 1103 1463 1145 ὑπι-

58 1185 91 1210 15
112 1175 382 1229 σχνούμενος
419 1173 490 1216 καὶ
527 1182 617 1224 τοῖς
654 1176 831 1224 οἰκείοις
871 1175 929 1228 μὴ
962 1170 1028 1215 ἐπ’
1064 1173 1300 1229 ἀφανισμῷ
1331 1174 1455 1227 τάλη-

6 1235 11 1238 ’
109 1249 222 1295 θοῦς
252 1246 517 1301 τρεπομένῃ,
554 1244 779 1301 περιέψειν
817 1261 866 1299 γε
904 1245 991 1299 μὴν
1029 1252 1178 1293 κακοῖς
1210 1251 1301 1293 τοῖς
1332 1245 1462 1286 ὑστά-

110 1331 200 1366 τοις
231 1315 508 1371 ἀγνωμονεῖν
539 1315 846 1372 προθεμένην,
882 1315 1155 1370 ὑπισχνεῖται
1186 1313 1257 1356 καὶ
1291 1315 1461 1369 ὤμοσεν

110 1384 135 1440 ἧ
175 1387 261 1441 μὴν
299 1386 416 1441 ἐρεῖν
447 1388 499 1428 τὰ
536 1385 672 1429 πάνθ’
717 1386 768 1429 ὃν
793 1386 1007 1442 ἐπράχθη
1046 1387 1232 1440 τρόπον,
1274 1385 1462 1439 λέγουσα

111 1455 210 1510 μέν,
249 1457 307 1506 ὡς
338 1459 507 1512 ἔφασαν
540 1458 586 1499 οἱ
613 1456 770 1500 πολλοὶ
801 1465 889 1499 τῶν
922 1456 1195 1511 ἀνθρώπων,
1233 1455 1378 1509 ἀληθῆ
1410 1457 1462 1497 τὰ

63 1538 97 1562 20
116 1527 269 1569 πάντα.
326 1527 454 1582 <73>
500 1528 763 1582 ‘mmmmm
805 1528 889 1583 γὰρ
935 1526 980 1569 ἐκ
1022 1533 1097 1582 τῆς
1139 1527 1369 1580 Αἰγύπτου
1411 1528 1460 1568 τὸ

112 1598 344 1652 φάρμακον
382 1597 457 1640 ὑπ’
494 1596 768 1653 Ἀντιφίλου,
807 1598 997 1653 ἀδελφός
1033 1595 1068 1639 τ’
1106 1597 1276 1639 ἐκείνου
1315 1598 1461 1652 ἰατρὸς

113 1667 175 1708 ὣν
207 1667 400 1722 ἐπόρισε·
451 1667 523 1710 καὶ
551 1670 802 1717 Θευδίωνος
834 1669 892 1718 ὡς
922 1668 1033 1722 ἡμᾶς
1063 1670 1325 1722 κομίσαντος
1357 1667 1460 1722 ἐφύ-

113 1741 272 1780 λαττον
304 1739 435 1793 αὐτή,
471 1740 587 1795 παρὰ
622 1740 808 1794 Φερώρα
840 1741 1036 1793 λαβοῦσα
1075 1736 1144 1780 ἐπὶ
1182 1735 1229 1779 σε
1261 1735 1334 1780 ὑπ’
1365 1736 1461 1780 Ἀν-

113 1807 322 1862 τιπάτρου
353 1807 690 1863 ἡτοιμασμένον.
753 1808 868 1863 <74>
901 1806 992 1850 ἐπεὶ
1024 1804 1107 1850 οὗν
1140 1807 1283 1850 ἐνόσει
1312 1810 1461 1864 Φερώ-

61 1890 95 1915 25
115 1894 192 1934 ρας
224 1877 297 1920 καὶ
329 1878 594 1933 εθεράπευες
625 1879 760 1921 αὐτὸν
792 1879 1076 1934 ἀφικόμενος,
1115 1879 1231 1933 ὁρῶν
1270 1891 1350 1922 σου
1381 1882 1461 1934 τὴν

113 1949 295 1991 εύνοιαν
327 1945 354 2006 ᾗ
386 1949 486 2005 περὶ
519 1950 653 1992 αὐτὸν
686 1949 811 2006 ἐχρῶ,
845 1949 1092 2004 ἐπεκλάσθη
1125 1965 1170 1991 τε
1194 1955 1244 2004 τῇ
1273 1951 1462 2007 διανοια,

113 2018 186 2060 καὶ
230 2019 521 2074 μετακαλέσας
562 2036 634 2074 με,
675 2017 708 2061 ὦ
750 2021 902 2075 γύναι,
942 2022 1065 2075 φησί,
1105 2020 1376 2075 περιώδευσέ
1409 2037 1458 2075 με

108 2085 391 2145 Ἀντίπατρος
418 2089 486 2132 ἐπὶ
511 2089 644 2144 πατρὶ
669 2107 749 2145 μεν
774 2096 832 2148 τῷ
860 2089 1019 2133 ἑαυτοῦ
1045 2089 1236 2147 ἀδελφῷ
1250 2088 1297 2132 δε
1317 2091 1460 2147 τώμῷ,

113 2160 366 2214 θανάσιμόν
405 2175 450 2201 τε
487 2161 668 2215 γνώμην
707 2134 888 2210 συνθεὶς
923 2159 995 2202 καὶ
1032 2160 1264 2215 φάρμακον
1302 2157 1335 2218 ᾧ
1369 2162 1460 2203 δια-

61 2241 96 2267 30
114 2231 291 2284 κονήσει
323 2230 431 2286 αὐτῇ
463 2229 792 2286 πεπορισμένος.
855 2230 970 2285 <75>
1003 2236 1087 2271 νῦν
1120 2227 1223 2285 οὖν,
1256 2231 1403 2285 ἐπειδὴ
1437 2233 1460 2273 ὅ

209 2315 228 2353 ξ
256 2314 297 2345 72
326 2311 369 2359 91⁰.
396 2311 488 2347 Bell.
516 2311 593 2347 Iud.
621 2311 636 2345 Ι
663 2315 718 2356 30,
745 2315 764 2346 5

186 2377 355 2403 Iosm’ncs.
393 2378 447 2403 IV.
1228 2374 1247 2405 G
