1732 2526
529 75 937 108 EHTAKAIAEKATH
1322 72 1404 114 127

60 183 328 238 πράττεσθαι
372 184 539 237 φόρους
581 180 951 236 ἐπιβαλλομένους
996 180 1192 231 ἑκάστοις
1234 184 1282 223 τὸ
1333 179 1399 223 ἐπ’

62 255 169 307 ἔτος,
201 252 331 308 χωρὶς
362 251 404 294 δ’
443 252 650 307 εὐπορίας
681 248 794 293 εἶναι
826 253 1188 306 παρακαταβολὰς
1217 252 1334 308 αὐτῷ
1361 267 1406 293 τε

60 322 132 365 καὶ
165 325 342 373 οἰκείοις
371 321 444 364 καὶ
475 325 621 378 φίλοις
651 321 723 364 καὶ
749 329 837 364 τῶν
864 323 1039 364 δούλων
1066 326 1111 364 οἳ
1135 321 1199 364 ἐπ’
1230 323 1406 376 εἰσπρά-

60 394 123 444 ξει
166 401 254 436 τῶν
297 396 450 449 φόρων
488 393 659 446 ἐξίοιεν,
700 393 772 434 διὰ
804 395 852 435 τὸ
891 394 948 447 μὴ
982 390 1094 434 εἶναι
1132 400 1286 447 κτῆσιν
1327 399 1405 435 τοῦ

25 463 328 519 ὄάνυβρίστου
375 461 476 518 μηδ’
527 464 680 517 οὕτως,
724 461 824 518 μηδ’
875 462 1098 518 ἀργυρίων
1145 462 1403 518 διδομένων.

59 535 202 588 <309>
232 533 470 589 παρθένων
501 533 651 589 μέντοι
683 535 858 589 φθορὰς
898 533 969 576 καὶ
1002 542 1223 588 γυναικῶν
1257 534 1406 589 αἰσχύ-

62 621 152 659 νας,
185 605 346 655 ὁπόσας
380 604 449 647 ἐπὶ
480 607 688 662 παροινίᾳ
719 604 790 647 καὶ
829 605 1125 661 ἀπανθρωπίςι
1166 604 1405 660 δρωμένας,

59 682 188 730 σιγᾶν
220 676 293 727 διὰ
330 678 378 718 τὸ
416 676 585 730 ἡδονὴν
624 680 724 730 ἴσην
761 673 875 718 εἶναι
912 683 1003 725 τοῖς
1049 677 1295 718 πεπονθόσι
1326 681 1405 717 τοῦ

58 746 116 801 μὴ
148 745 378 801 γεγονέναι
410 748 489 802 τὴν
522 746 568 788 ἐκ
599 753 679 788 τοῦ
718 745 964 788 ἀνέκπυστα
1001 746 1111 788 αὐτὰ
1149 743 1274 788 εἶναι.
1336 761 1407 788 το-

6 830 39 855 10
60 818 193 871 σήνδε
219 815 427 872 Ἡρώδην
459 817 769 872 ἐπεισάγεσθαι
800 819 881 872 τὴν
906 818 1038 873 ὕβριν
1065 817 1213 867 αὐτοῖς
1239 817 1406 872 ὁπόσην

61 885 156 929 οὐδ’
193 887 248 929 ἂν
279 891 457 943 θηριόν,
483 888 735 944 ἀνθρώπων
762 888 1007 930 ἐπιστατεῖν
1037 888 1263 943 δυνάμεως
1289 887 1406 944 αὐτῷ

58 958 425 1014 παραγενομένης.
487 959 630 1013 <310>
662 963 838 1001 πολλῶν
872 965 981 1013 γοῦν
1020 959 1301 1001 ἀναστάσεων
1333 956 1406 999 καὶ

59 1029 361 1083 μεταστάσεων
392 1032 745 1084 παραλαβουσῶν
778 1031 826 1071 τὸ
853 1031 1000 1083 ἔθνος,
1039 1030 1251 1083 οὐδεμίαν
1290 1030 1406 1071 ἱστο-

59 1103 223 1155 ρῆσθαι
259 1100 432 1142 πώποτε
471 1100 647 1142 τοιάνδε
686 1100 928 1156 δυστυχίαν
973 1100 1250 1142 ἐπελθοῦσαν
1288 1100 1405 1157 αὐτῷ

6 1183 39 1209 15
59 1170 158 1212 οἴαν
201 1169 332 1220 αὐτὸς
369 1168 572 1225 “Ηρώδης
614 1169 806 1212 ἐπετίθει
843 1176 901 1227 τῷ
948 1172 1083 1212 ἔθνει.
1151 1171 1295 1224 <311>
1334 1169 1407 1212 καὶ

0 1237 2 1239 ’
61 1241 135 1282 διὰ
165 1239 284 1282 ταῦτ’
313 1242 490 1291 εἰκότως
528 1240 582 1282 ἂν
613 1239 822 1294 γενέσθαι
860 1242 908 1283 τὸ
941 1239 1139 1295 ἀσμένως
1172 1239 1406 1297 Ἀρχέλαον

60 1310 240 1366 βασιλέα
265 1319 537 1367 προσειπεῖν,
563 1311 794 1367 οἰομένους
819 1310 952 1354 πάνθ’
988 1312 1195 1354 ὁντινοῦν
1227 1313 1304 1354 τὸν
1336 1310 1406 1353 ἐπὶ

61 1383 140 1437 τὴν
171 1385 399 1437 βασιλειάν
431 1382 669 1439 ἐρχόμενον
695 1382 900 1438 “Ηρώδου
933 1384 1223 1439 μετριώτερον
1255 1389 1406 1438 φανεῖ-

63 1457 185 1508 σθαι,
217 1451 304 1515 καὶ-
320 1456 397 1495 τόν
428 1469 473 1495 τε
500 1453 663 1509 πατέρα
696 1455 1097 1509 συνολοφύρασθαι
1123 1454 1238 1511 αὐτῷ
1272 1458 1405 1508 θερα-

8 1546 42 1571 20
61 1525 288 1578 πεύοντας,
320 1528 364 1566 εἴ
395 1540 442 1578 γε
476 1527 654 1580 μετρίου
686 1532 833 1580 τυχεῖν
875 1526 1128 1579 δυνηθεῖεν,
1167 1524 1240 1566 καὶ
1271 1520 1407 1566 τᾶλλα

62 1594 400 1649 οἰκειουμένους.
463 1595 609 1650 <312>
641 1597 717 1637 τὸν
751 1593 798 1637 δὲ
831 1596 1036 1638 δείσαντα
1068 1597 1125 1650 μὴ
1159 1596 1239 1651 οὐχ
1264 1593 1406 1650 “Ηρώ-
1713 1620 1719 1662 5

62 1666 143 1707 δου
176 1667 356 1720 γνήσιος
386 1667 633 1708 πιστεύοιτο
665 1666 773 1719 υἱός,
806 1664 938 1708 οὐδὲν
966 1667 1026 1716 εἰς
1055 1665 1274 1721 ἀναβολὰς
1305 1663 1400 1708 ἀλλ’

62 1735 108 1777 ἐκ
140 1743 219 1778 τοῦ
251 1735 372 1786 ὀξέος
404 1735 638 1790 ἐπαγαγεῖν
670 1743 728 1794 τῷ
756 1739 879 1779 ἔθνει
905 1738 984 1791 τὴν
1014 1736 1229 1779 ἀπόνοιαν
1255 1736 1404 1789 αὑτοῦ,

58 1806 132 1849 καὶ
163 1813 298 1849 ταῦτα
325 1806 503 1861 μηδέπω
529 1806 678 1849 τέλεον
703 1808 1034 1862 κρατυνάμενον
1060 1808 1139 1862 τὴν
1168 1807 1406 1862 ἡγεμονίαν

7 1900 40 1925 25
61 1878 134 1919 διὰ
165 1879 213 1920 τὸ
247 1876 317 1919 ἐπὶ
349 1879 540 1933 Καίσαρι
567 1879 725 1920 δοῦναι
750 1878 823 1920 καὶ
849 1880 906 1933 μὴ
932 1879 1020 1933 τὴνζ
1046 1878 1248 1928 ἐξουσίαν
1281 1875 1406 1920 εἶναι.
1714 1885 1716 1922 ὲ

59 1949 203 2003 <313>
247 1949 522 2004 παράδειγμά
566 1964 609 1990 τε
653 1956 729 2004 τῆς
779 1951 980 1999 εἰσαῦθις
1030 1949 1183 2005 ἀρετῆς
1231 1947 1407 1990 τιθέναι

60 2025 152 2069 τοῖς
188 2018 541 2074 ἀρχθησομένοις
578 2022 833 2075 μετριότητα
871 2019 942 2062 καὶ
981 2020 1214 2074 εὐνομίαν,
1245 2014 1271 2074 ᾖ
1304 2021 1408 2075 χρή·
1714 2033 1723 2061 ³:

61 2087 172 2131 σαιτ’
215 2088 270 2131 ἂν
301 2091 409 2145 πρὸς
447 2090 621 2144 αὐτούς,
661 2090 743 2133 ἀπὸ
776 2098 850 2145 τῆς
889 2091 936 2132 ἐν
974 2091 1162 2144 πρώτοις
1206 2089 1408 2144 ἀποδειχ-

60 2161 215 2214 θείσης
253 2160 447 2215 πράξεως
495 2161 569 2202 ἐπί
608 2177 652 2202 τε
696 2168 787 2211 τοῖς
830 2163 1028 2211 πολίταις
1070 2159 1142 2203 καὶ
1192 2167 1250 2217 τῷ
1300 2164 1408 2216 θεῷ,

10 2253 48 2278 30
63 2233 315 2284 τρισχιλίων
354 2231 593 2286 ὁμοφύλων
631 2231 808 2288 ἀνδρῶν
846 2233 1021 2287 σφαγὴν
1064 2231 1110 2273 ἐν
1148 2237 1206 2288 τῷ
1239 2229 1408 2285 τεμένει

70 2300 378 2355 ποιησάμενον.
440 2308 530 2351 πῶς
559 2301 640 2343 οὐκ
671 2301 725 2344 ἂν
758 2304 840 2357 ἤδη
872 2301 943 2344 καὶ
977 2302 1129 2360 δικαίῳ
1162 2304 1278 2356 μίσει
1310 2301 1408 2356 χρή·
1692 2320 1700 2415 z

1696 2418 1699 2442 ι
