<?xml version="1.0" encoding="UTF-8"?>
<!DOCTYPE html PUBLIC "-//W3C//DTD XHTML 1.0 Transitional//EN"
    "http://www.w3.org/TR/xhtml1/DTD/xhtml1-transitional.dtd">
<html xmlns="http://www.w3.org/1999/xhtml" xml:lang="en" lang="en">
 <head>
  <title>
</title>
<meta http-equiv="Content-Type" content="text/html;charset=utf-8" />
  <meta name='ocr-system' content='tesseract 3.04.00' />
  <meta name='ocr-capabilities' content='ocr_page ocr_carea ocr_par ocr_line ocrx_word'/>
</head>
<body>
  <div class='ocr_page' id='page_1' title='image "./flaviiiosephiope04joseuoft_0367.png"; bbox 0 0 1732 2526; ppageno 0'>
   <div class='ocr_carea' id='block_1_1' title="bbox 723 63 1457 104">
    <p class='ocr_par' dir='ltr' id='par_1_1' title="bbox 723 63 1457 104">
     <span class='ocr_line' id='line_1_1' title="bbox 723 63 1457 104; baseline 0.01 -7"><span class='ocrx_word' id='word_1_1' title='bbox 723 65 835 98; x_wconf 79' lang='grc' dir='ltr'><em>ΒΙοΣ</em></span> <span class='ocrx_word' id='word_1_2' title='bbox 1371 63 1457 104; x_wconf 83' lang='grc'><em>315</em></span> 
     </span>
    </p>
   </div>
   <div class='ocr_carea' id='block_1_2' title="bbox 48 168 1457 2347">
    <p class='ocr_par' dir='ltr' id='par_1_2' title="bbox 48 168 1457 2347">
     <span class='ocr_line' id='line_1_2' title="bbox 109 168 1457 228; baseline -0.002 -13"><span class='ocrx_word' id='word_1_3' title='bbox 109 188 193 223; x_wconf 89' lang='grc' dir='ltr'><em>τως</em></span> <span class='ocrx_word' id='word_1_4' title='bbox 230 171 458 228; x_wconf 83' lang='grc' dir='ltr'><em>φυομένην</em></span> <span class='ocrx_word' id='word_1_5' title='bbox 495 173 880 228; x_wconf 87' lang='grc' dir='ltr'><em>προσφερόμενον,</em></span> <span class='ocrx_word' id='word_1_6' title='bbox 924 177 1077 228; x_wconf 78' lang='grc' dir='ltr'><em>ψυχρῷ</em></span> <span class='ocrx_word' id='word_1_7' title='bbox 1123 168 1162 213; x_wconf 82' lang='grc' dir='ltr'><em>δ’</em></span> <span class='ocrx_word' id='word_1_8' title='bbox 1208 171 1335 213; x_wconf 81' lang='grc' dir='ltr'><em>ὕδατι</em></span> <span class='ocrx_word' id='word_1_9' title='bbox 1377 172 1457 225; x_wconf 84' lang='grc' dir='ltr'><em>τὴν</em></span> 
     </span>
     <span class='ocr_line' id='line_1_3' title="bbox 110 241 1456 299; baseline -0.003 -13"><span class='ocrx_word' id='word_1_10' title='bbox 110 242 276 299; x_wconf 80' lang='grc' dir='ltr'><em>ἡμέραν</em></span> <span class='ocrx_word' id='word_1_11' title='bbox 314 241 385 285; x_wconf 85' lang='grc' dir='ltr'><em>καὶ</em></span> <span class='ocrx_word' id='word_1_12' title='bbox 423 243 504 297; x_wconf 88' lang='grc' dir='ltr'><em>τὴν</em></span> <span class='ocrx_word' id='word_1_13' title='bbox 541 244 678 284; x_wconf 81' lang='grc' dir='ltr'><em>νύκτα</em></span> <span class='ocrx_word' id='word_1_14' title='bbox 715 241 925 291; x_wconf 77' lang='grc' dir='ltr'><em>πολλάκις</em></span> <span class='ocrx_word' id='word_1_15' title='bbox 966 244 1210 296; x_wconf 84' lang='grc' dir='ltr'><em>λουόμενον</em></span> <span class='ocrx_word' id='word_1_16' title='bbox 1242 243 1350 296; x_wconf 90' lang='grc' dir='ltr'><em>πρὸς</em></span> <span class='ocrx_word' id='word_1_17' title='bbox 1382 241 1456 295; x_wconf 78' lang='grc' dir='ltr'><em>ἁγ-</em></span> 
     </span>
     <span class='ocr_line' id='line_1_4' title="bbox 109 311 1457 369; baseline -0.002 -13"><span class='ocrx_word' id='word_1_18' title='bbox 109 316 248 369; x_wconf 89' lang='grc' dir='ltr'><em>νειάν,</em></span> <span class='ocrx_word' id='word_1_19' title='bbox 282 315 470 368; x_wconf 85' lang='grc' dir='ltr'><em>ζηλωτὴς</em></span> <span class='ocrx_word' id='word_1_20' title='bbox 507 312 719 367; x_wconf 90' lang='grc' dir='ltr'><em>ἐγενόμην</em></span> <span class='ocrx_word' id='word_1_21' title='bbox 759 312 905 354; x_wconf 86' lang='grc' dir='ltr'><em>αὐτοῦ.</em></span> <span class='ocrx_word' id='word_1_22' title='bbox 968 313 1082 366; x_wconf 71' lang='grc' dir='ltr'>&lt;1ἕ2&gt;</span> <span class='ocrx_word' id='word_1_23' title='bbox 1115 311 1186 354; x_wconf 85' lang='grc' dir='ltr'><em>καὶ</em></span> <span class='ocrx_word' id='word_1_24' title='bbox 1228 313 1457 367; x_wconf 77' lang='grc' dir='ltr'><em>διατρίψας</em></span> 
     </span>
     <span class='ocr_line' id='line_1_5' title="bbox 107 382 1455 442; baseline -0.002 -15"><span class='ocrx_word' id='word_1_25' title='bbox 107 383 208 440; x_wconf 90' lang='grc' dir='ltr'><em>παρ’</em></span> <span class='ocrx_word' id='word_1_26' title='bbox 247 385 364 442; x_wconf 79' lang='grc' dir='ltr'><em>αὐτῷ</em></span> <span class='ocrx_word' id='word_1_27' title='bbox 398 384 627 434; x_wconf 88' lang='grc' dir='ltr'><em>ἐνιαυτοὺς</em></span> <span class='ocrx_word' id='word_1_28' title='bbox 658 391 772 439; x_wconf 89' lang='grc' dir='ltr'><em>τρεῖς</em></span> <span class='ocrx_word' id='word_1_29' title='bbox 804 382 875 424; x_wconf 88' lang='grc' dir='ltr'><em>καὶ</em></span> <span class='ocrx_word' id='word_1_30' title='bbox 908 383 987 437; x_wconf 88' lang='grc' dir='ltr'><em>τὴν</em></span> <span class='ocrx_word' id='word_1_31' title='bbox 1015 382 1256 437; x_wconf 80' lang='grc' dir='ltr'><em>ἐπιθυμίαν</em></span> <span class='ocrx_word' id='word_1_32' title='bbox 1288 384 1455 425; x_wconf 87' lang='grc' dir='ltr'><em>τελειώ-</em></span> 
     </span>
     <span class='ocr_line' id='line_1_6' title="bbox 71 452 1454 510; baseline -0.001 -15"><span class='ocrx_word' id='word_1_33' title='bbox 71 466 188 505; x_wconf 84' lang='grc' dir='ltr'><em>5σας</em></span> <span class='ocrx_word' id='word_1_34' title='bbox 224 457 286 506; x_wconf 85' lang='grc' dir='ltr'><em>εἰς</em></span> <span class='ocrx_word' id='word_1_35' title='bbox 325 456 405 510; x_wconf 87' lang='grc' dir='ltr'><em>τὴν</em></span> <span class='ocrx_word' id='word_1_36' title='bbox 441 457 572 497; x_wconf 92' lang='grc' dir='ltr'><em>πόλιν</em></span> <span class='ocrx_word' id='word_1_37' title='bbox 609 453 895 509; x_wconf 84' lang='grc' dir='ltr'><em>ὑπέστρεφον.</em></span> <span class='ocrx_word' id='word_1_38' title='bbox 960 453 1269 495; x_wconf 79' lang='grc' dir='ltr'><em>ἐννεακαίδεκα</em></span> <span class='ocrx_word' id='word_1_39' title='bbox 1307 452 1346 494; x_wconf 82' lang='grc' dir='ltr'><em>δ’</em></span> <span class='ocrx_word' id='word_1_40' title='bbox 1383 455 1454 507; x_wconf 82' lang='grc' dir='ltr'><em>ἔτη</em></span> 
     </span>
     <span class='ocr_line' id='line_1_7' title="bbox 107 523 1455 581; baseline -0.001 -14"><span class='ocrx_word' id='word_1_41' title='bbox 107 527 219 581; x_wconf 82' lang='grc' dir='ltr'><em>ἔχων</em></span> <span class='ocrx_word' id='word_1_42' title='bbox 251 526 449 580; x_wconf 76' lang='grc' dir='ltr'><em>ἠρξάμην</em></span> <span class='ocrx_word' id='word_1_43' title='bbox 483 528 562 578; x_wconf 90' lang='grc' dir='ltr'><em>[τε]</em></span> <span class='ocrx_word' id='word_1_44' title='bbox 596 525 908 567; x_wconf 89' lang='grc' dir='ltr'><em>πολιτεύεσθαι</em></span> <span class='ocrx_word' id='word_1_45' title='bbox 932 530 984 580; x_wconf 75' lang='grc' dir='ltr'><em>τῇ</em></span> <span class='ocrx_word' id='word_1_46' title='bbox 1007 527 1265 580; x_wconf 83' lang='grc' dir='ltr'><em>Φαρισαίων</em></span> <span class='ocrx_word' id='word_1_47' title='bbox 1291 523 1455 578; x_wconf 75' lang='grc' dir='ltr'><em>αἱρέσει</em></span> 
     </span>
     <span class='ocr_line' id='line_1_8' title="bbox 105 591 1454 651; baseline -0.002 -13"><span class='ocrx_word' id='word_1_48' title='bbox 105 599 468 650; x_wconf 75' lang='grc' dir='ltr'><em>κατακολουθῶν,</em></span> <span class='ocrx_word' id='word_1_49' title='bbox 506 596 532 650; x_wconf 81' lang='grc' dir='ltr'><em>ἣ</em></span> <span class='ocrx_word' id='word_1_50' title='bbox 570 597 872 651; x_wconf 85' lang='grc' dir='ltr'><em>παραπλήσιός</em></span> <span class='ocrx_word' id='word_1_51' title='bbox 912 595 1001 637; x_wconf 86' lang='grc' dir='ltr'><em>ἐστι</em></span> <span class='ocrx_word' id='word_1_52' title='bbox 1046 601 1096 650; x_wconf 77' lang='grc' dir='ltr'><em>τῇ</em></span> <span class='ocrx_word' id='word_1_53' title='bbox 1141 591 1243 649; x_wconf 77' lang='grc' dir='ltr'><em>παρ’</em></span> <span class='ocrx_word' id='word_1_54' title='bbox 1273 594 1454 649; x_wconf 70' lang='grc' dir='ltr'><em>’Έλλησι</em></span> 
     </span>
     <span class='ocr_line' id='line_1_9' title="bbox 106 666 538 724; baseline 0.002 -17"><span class='ocrx_word' id='word_1_55' title='bbox 106 669 280 722; x_wconf 76' lang='grc' dir='ltr'><em>Στωικῇ</em></span> <span class='ocrx_word' id='word_1_56' title='bbox 313 666 538 724; x_wconf 81' lang='grc' dir='ltr'><em>λεγομένῃ.</em></span> 
     </span>
     <span class='ocr_line' id='line_1_10' title="bbox 195 735 1454 792; baseline -0.001 -13"><span class='ocrx_word' id='word_1_57' title='bbox 195 738 309 790; x_wconf 84' lang='grc'>&lt;13&gt;</span> <span class='ocrx_word' id='word_1_58' title='bbox 343 735 433 792; x_wconf 82' lang='grc' dir='ltr'><em>μετ’</em></span> <span class='ocrx_word' id='word_1_59' title='bbox 469 739 670 780; x_wconf 83' lang='grc' dir='ltr'><em>εἰκοστὸν</em></span> <span class='ocrx_word' id='word_1_60' title='bbox 704 736 752 779; x_wconf 75' lang='grc' dir='ltr'><em>δὲ</em></span> <span class='ocrx_word' id='word_1_61' title='bbox 783 736 855 779; x_wconf 85' lang='grc' dir='ltr'><em>καὶ</em></span> <span class='ocrx_word' id='word_1_62' title='bbox 888 737 1013 779; x_wconf 79' lang='grc' dir='ltr'><em>ἕκτον</em></span> <span class='ocrx_word' id='word_1_63' title='bbox 1039 737 1242 779; x_wconf 88' lang='grc' dir='ltr'><em>ἐνιαυτὸν</em></span> <span class='ocrx_word' id='word_1_64' title='bbox 1275 735 1454 786; x_wconf 83' lang='grc' dir='ltr'><em>είςῬώ-</em></span> 
     </span>
     <span class='ocr_line' id='line_1_11' title="bbox 53 806 1454 864; baseline 0 -16"><span class='ocrx_word' id='word_1_65' title='bbox 53 824 85 848; x_wconf 75' lang='lat'><em>10</em></span> <span class='ocrx_word' id='word_1_66' title='bbox 105 823 191 862; x_wconf 88' lang='grc' dir='ltr'><em>μην</em></span> <span class='ocrx_word' id='word_1_67' title='bbox 232 824 305 862; x_wconf 92' lang='grc' dir='ltr'><em>μοι</em></span> <span class='ocrx_word' id='word_1_68' title='bbox 350 808 590 851; x_wconf 82' lang='grc' dir='ltr'><em>συνέπεσεν</em></span> <span class='ocrx_word' id='word_1_69' title='bbox 635 809 852 864; x_wconf 84' lang='grc' dir='ltr'><em>ἀναβῆναι</em></span> <span class='ocrx_word' id='word_1_70' title='bbox 893 809 965 850; x_wconf 82' lang='grc' dir='ltr'><em>διὰ</em></span> <span class='ocrx_word' id='word_1_71' title='bbox 1003 809 1082 862; x_wconf 88' lang='grc' dir='ltr'><em>τὴν</em></span> <span class='ocrx_word' id='word_1_72' title='bbox 1121 806 1454 863; x_wconf 79' lang='grc' dir='ltr'><em>λεχθησομένην</em></span> 
     </span>
     <span class='ocr_line' id='line_1_12' title="bbox 106 877 1453 935; baseline 0 -16"><span class='ocrx_word' id='word_1_73' title='bbox 106 880 260 920; x_wconf 84' lang='grc' dir='ltr'><em>αἰτίαν.</em></span> <span class='ocrx_word' id='word_1_74' title='bbox 323 877 425 920; x_wconf 80' lang='grc' dir='ltr'><em>καθ’</em></span> <span class='ocrx_word' id='word_1_75' title='bbox 464 879 516 922; x_wconf 90' lang='grc' dir='ltr'><em>ὃν</em></span> <span class='ocrx_word' id='word_1_76' title='bbox 547 882 711 935; x_wconf 86' lang='grc' dir='ltr'><em>χρόνον</em></span> <span class='ocrx_word' id='word_1_77' title='bbox 746 879 884 934; x_wconf 81' lang='grc' dir='ltr'><em>Φῆλιξ</em></span> <span class='ocrx_word' id='word_1_78' title='bbox 923 885 999 933; x_wconf 83' lang='grc' dir='ltr'><em>τῆς</em></span> <span class='ocrx_word' id='word_1_79' title='bbox 1039 880 1242 928; x_wconf 84' lang='grc' dir='ltr'><em>[ουδαίας</em></span> <span class='ocrx_word' id='word_1_80' title='bbox 1280 878 1453 933; x_wconf 89' lang='grc' dir='ltr'><em>ἐπετρό-</em></span> 
     </span>
     <span class='ocr_line' id='line_1_13' title="bbox 104 949 1453 1005; baseline 0 -15"><span class='ocrx_word' id='word_1_81' title='bbox 104 963 253 1004; x_wconf 89' lang='grc' dir='ltr'><em>πευεν,</em></span> <span class='ocrx_word' id='word_1_82' title='bbox 287 951 416 1004; x_wconf 79' lang='grc' dir='ltr'><em>ἱερεῖς</em></span> <span class='ocrx_word' id='word_1_83' title='bbox 453 967 575 999; x_wconf 83' lang='grc' dir='ltr'><em>τινας</em></span> <span class='ocrx_word' id='word_1_84' title='bbox 616 953 827 1005; x_wconf 75' lang='grc' dir='ltr'><em>συνήθεις</em></span> <span class='ocrx_word' id='word_1_85' title='bbox 866 950 977 1005; x_wconf 90' lang='grc' dir='ltr'><em>ἐμοί,</em></span> <span class='ocrx_word' id='word_1_86' title='bbox 1014 952 1175 999; x_wconf 85' lang='grc' dir='ltr'><em>καλοὺς</em></span> <span class='ocrx_word' id='word_1_87' title='bbox 1213 949 1453 1003; x_wconf 82' lang='grc' dir='ltr'><em>κάγαθούς,</em></span> 
     </span>
     <span class='ocr_line' id='line_1_14' title="bbox 105 1020 1453 1077; baseline 0 -16"><span class='ocrx_word' id='word_1_88' title='bbox 105 1020 178 1061; x_wconf 79' lang='grc' dir='ltr'><em>διὰ</em></span> <span class='ocrx_word' id='word_1_89' title='bbox 217 1021 376 1075; x_wconf 81' lang='grc' dir='ltr'><em>μικρὰν</em></span> <span class='ocrx_word' id='word_1_90' title='bbox 417 1020 489 1062; x_wconf 84' lang='grc' dir='ltr'><em>καὶ</em></span> <span class='ocrx_word' id='word_1_91' title='bbox 532 1022 613 1075; x_wconf 87' lang='grc' dir='ltr'><em>τὴν</em></span> <span class='ocrx_word' id='word_1_92' title='bbox 650 1027 870 1077; x_wconf 86' lang='grc' dir='ltr'><em>τυχοῦσαν</em></span> <span class='ocrx_word' id='word_1_93' title='bbox 909 1021 1053 1062; x_wconf 83' lang='grc' dir='ltr'><em>αἰτίαν</em></span> <span class='ocrx_word' id='word_1_94' title='bbox 1093 1021 1229 1074; x_wconf 88' lang='grc' dir='ltr'><em>δήσας</em></span> <span class='ocrx_word' id='word_1_95' title='bbox 1272 1021 1333 1069; x_wconf 86' lang='grc' dir='ltr'><em>εἰς</em></span> <span class='ocrx_word' id='word_1_96' title='bbox 1373 1021 1453 1073; x_wconf 86' lang='grc' dir='ltr'><em>τὴν</em></span> 
     </span>
     <span class='ocr_line' id='line_1_15' title="bbox 97 1085 1453 1147; baseline -0.001 -15"><span class='ocrx_word' id='word_1_97' title='bbox 97 1088 266 1145; x_wconf 61' lang='grc' dir='ltr'><em>“Ρώμην</em></span> <span class='ocrx_word' id='word_1_98' title='bbox 292 1093 469 1145; x_wconf 82' lang='grc' dir='ltr'><em>ἔπεμψε,</em></span> <span class='ocrx_word' id='word_1_99' title='bbox 496 1093 630 1145; x_wconf 92' lang='grc' dir='ltr'><em>λόγον</em></span> <span class='ocrx_word' id='word_1_100' title='bbox 656 1090 897 1146; x_wconf 77' lang='grc' dir='ltr'><em>ὑφέξοντας</em></span> <span class='ocrx_word' id='word_1_101' title='bbox 921 1096 980 1147; x_wconf 78' lang='grc' dir='ltr'><em>τῷ</em></span> <span class='ocrx_word' id='word_1_102' title='bbox 1001 1092 1204 1145; x_wconf 88' lang='grc' dir='ltr'><em>Καίσαρι.</em></span> <span class='ocrx_word' id='word_1_103' title='bbox 1251 1091 1365 1143; x_wconf 82' lang='grc'>&lt;14&gt;</span> <span class='ocrx_word' id='word_1_104' title='bbox 1388 1085 1453 1139; x_wconf 80' lang='grc' dir='ltr'><em>οἷς</em></span> 
     </span>
     <span class='ocr_line' id='line_1_16' title="bbox 51 1158 1452 1217; baseline 0 -16"><span class='ocrx_word' id='word_1_105' title='bbox 51 1175 85 1201; x_wconf 87' lang='lat'><em>15</em></span> <span class='ocrx_word' id='word_1_106' title='bbox 105 1160 188 1214; x_wconf 86' lang='grc' dir='ltr'><em>ἐγὼ</em></span> <span class='ocrx_word' id='word_1_107' title='bbox 220 1163 359 1217; x_wconf 84' lang='grc' dir='ltr'><em>πόρον</em></span> <span class='ocrx_word' id='word_1_108' title='bbox 392 1160 602 1216; x_wconf 86' lang='grc' dir='ltr'><em>εὑρέσθαι</em></span> <span class='ocrx_word' id='word_1_109' title='bbox 634 1163 905 1216; x_wconf 86' lang='grc' dir='ltr'><em>βουλόμενος</em></span> <span class='ocrx_word' id='word_1_110' title='bbox 936 1162 1166 1215; x_wconf 78' lang='grc' dir='ltr'><em>σωτηρίας,</em></span> <span class='ocrx_word' id='word_1_111' title='bbox 1191 1161 1377 1215; x_wconf 87' lang='grc' dir='ltr'><em>μάλιστα</em></span> <span class='ocrx_word' id='word_1_112' title='bbox 1404 1158 1452 1202; x_wconf 76' lang='grc' dir='ltr'><em>δὲ</em></span> 
     </span>
     <span class='ocr_line' id='line_1_17' title="bbox 102 1231 1450 1287; baseline -0.001 -13"><span class='ocrx_word' id='word_1_113' title='bbox 102 1234 356 1287; x_wconf 90' lang='grc' dir='ltr'><em>πυθόμενος</em></span> <span class='ocrx_word' id='word_1_114' title='bbox 388 1232 453 1274; x_wconf 86' lang='grc' dir='ltr'><em>ὅτι</em></span> <span class='ocrx_word' id='word_1_115' title='bbox 485 1235 638 1286; x_wconf 89' lang='grc' dir='ltr'><em>καίπερ</em></span> <span class='ocrx_word' id='word_1_116' title='bbox 672 1232 719 1274; x_wconf 88' lang='grc' dir='ltr'><em>ἐν</em></span> <span class='ocrx_word' id='word_1_117' title='bbox 751 1239 899 1281; x_wconf 80' lang='grc' dir='ltr'><em>κακοῖς</em></span> <span class='ocrx_word' id='word_1_118' title='bbox 926 1234 1048 1281; x_wconf 82' lang='grc' dir='ltr'><em>ὄντες</em></span> <span class='ocrx_word' id='word_1_119' title='bbox 1080 1231 1160 1273; x_wconf 88' lang='grc' dir='ltr'><em>οὐκ</em></span> <span class='ocrx_word' id='word_1_120' title='bbox 1187 1231 1450 1281; x_wconf 72' lang='grc' dir='ltr'><em>ἐξελάθοντο</em></span> 
     </span>
     <span class='ocr_line' id='line_1_18' title="bbox 102 1299 1453 1358; baseline -0.001 -13"><span class='ocrx_word' id='word_1_121' title='bbox 102 1308 177 1356; x_wconf 85' lang='grc' dir='ltr'><em>τῆς</em></span> <span class='ocrx_word' id='word_1_122' title='bbox 220 1305 281 1352; x_wconf 81' lang='grc' dir='ltr'><em>εἰς</em></span> <span class='ocrx_word' id='word_1_123' title='bbox 324 1304 372 1345; x_wconf 89' lang='grc' dir='ltr'><em>τὸ</em></span> <span class='ocrx_word' id='word_1_124' title='bbox 413 1307 541 1345; x_wconf 85' lang='grc' dir='ltr'><em>θεῖον</em></span> <span class='ocrx_word' id='word_1_125' title='bbox 586 1303 823 1358; x_wconf 80' lang='grc' dir='ltr'><em>εὐσεβείας,</em></span> <span class='ocrx_word' id='word_1_126' title='bbox 862 1302 1171 1358; x_wconf 85' lang='grc' dir='ltr'><em>διατρέφοιντο</em></span> <span class='ocrx_word' id='word_1_127' title='bbox 1211 1299 1259 1343; x_wconf 78' lang='grc' dir='ltr'><em>δὲ</em></span> <span class='ocrx_word' id='word_1_128' title='bbox 1302 1303 1453 1351; x_wconf 85' lang='grc' dir='ltr'><em>σύκοις</em></span> 
     </span>
     <span class='ocr_line' id='line_1_19' title="bbox 102 1364 1452 1428; baseline -0.001 -13"><span class='ocrx_word' id='word_1_129' title='bbox 102 1372 174 1415; x_wconf 89' lang='grc' dir='ltr'><em>καὶ</em></span> <span class='ocrx_word' id='word_1_130' title='bbox 206 1364 402 1427; x_wconf 89' lang='grc' dir='ltr'><em>καρύοις,</em></span> <span class='ocrx_word' id='word_1_131' title='bbox 434 1375 655 1428; x_wconf 81' lang='grc' dir='ltr'><em>ἀφικόμην</em></span> <span class='ocrx_word' id='word_1_132' title='bbox 687 1375 748 1423; x_wconf 81' lang='grc' dir='ltr'><em>εἰς</em></span> <span class='ocrx_word' id='word_1_133' title='bbox 771 1372 942 1428; x_wconf 82' lang='grc' dir='ltr'><em>Ῥώμην</em></span> <span class='ocrx_word' id='word_1_134' title='bbox 979 1374 1120 1414; x_wconf 81' lang='grc' dir='ltr'><em>πολλὰ</em></span> <span class='ocrx_word' id='word_1_135' title='bbox 1158 1374 1452 1422; x_wconf 88' lang='grc' dir='ltr'><em>κινδυνεύσας</em></span> 
     </span>
     <span class='ocr_line' id='line_1_20' title="bbox 101 1442 1451 1498; baseline -0.001 -12"><span class='ocrx_word' id='word_1_136' title='bbox 101 1445 209 1486; x_wconf 78' lang='grc' dir='ltr'><em>κατὰ</em></span> <span class='ocrx_word' id='word_1_137' title='bbox 251 1445 487 1486; x_wconf 85' lang='grc' dir='ltr'><em>θάλατταν.</em></span> <span class='ocrx_word' id='word_1_138' title='bbox 550 1444 675 1498; x_wconf 82' lang='lat'>&lt;15&gt;</span> <span class='ocrx_word' id='word_1_139' title='bbox 719 1442 1039 1498; x_wconf 84' lang='grc' dir='ltr'><em>βαπτισθέντος</em></span> <span class='ocrx_word' id='word_1_140' title='bbox 1076 1444 1158 1498; x_wconf 79' lang='grc' dir='ltr'><em>γὰρ</em></span> <span class='ocrx_word' id='word_1_141' title='bbox 1204 1443 1328 1497; x_wconf 83' lang='grc' dir='ltr'><em>ἡμῶν</em></span> <span class='ocrx_word' id='word_1_142' title='bbox 1372 1449 1451 1485; x_wconf 85' lang='grc' dir='ltr'><em>τοῦ</em></span> 
     </span>
     <span class='ocr_line' id='line_1_21' title="bbox 48 1512 1451 1569; baseline 0.001 -15"><span class='ocrx_word' id='word_1_143' title='bbox 48 1529 83 1554; x_wconf 79' lang='lat'><em>20</em></span> <span class='ocrx_word' id='word_1_144' title='bbox 101 1517 260 1557; x_wconf 90' lang='grc' dir='ltr'><em>πλοίου</em></span> <span class='ocrx_word' id='word_1_145' title='bbox 297 1516 405 1556; x_wconf 86' lang='grc' dir='ltr'><em>κατὰ</em></span> <span class='ocrx_word' id='word_1_146' title='bbox 443 1514 578 1569; x_wconf 87' lang='grc' dir='ltr'><em>μέσον</em></span> <span class='ocrx_word' id='word_1_147' title='bbox 615 1517 693 1557; x_wconf 91' lang='grc' dir='ltr'><em>τὸν</em></span> <span class='ocrx_word' id='word_1_148' title='bbox 721 1513 912 1569; x_wconf 83' lang='grc' dir='ltr'><em>Ἀδρίαν,</em></span> <span class='ocrx_word' id='word_1_149' title='bbox 950 1512 1050 1569; x_wconf 83' lang='grc' dir='ltr'><em>περὶ</em></span> <span class='ocrx_word' id='word_1_150' title='bbox 1090 1512 1342 1564; x_wconf 79' lang='grc' dir='ltr'><em>ἑξακοσίους</em></span> <span class='ocrx_word' id='word_1_151' title='bbox 1372 1515 1451 1555; x_wconf 89' lang='grc' dir='ltr'><em>τὸν</em></span> 
     </span>
     <span class='ocr_line' id='line_1_22' title="bbox 102 1582 1451 1641; baseline -0.001 -14"><span class='ocrx_word' id='word_1_152' title='bbox 102 1585 296 1641; x_wconf 81' lang='grc' dir='ltr'><em>ἀριθμὸν</em></span> <span class='ocrx_word' id='word_1_153' title='bbox 335 1587 456 1636; x_wconf 84' lang='grc' dir='ltr'><em>ὄντες</em></span> <span class='ocrx_word' id='word_1_154' title='bbox 502 1584 559 1627; x_wconf 85' lang='grc' dir='ltr'><em>δι’</em></span> <span class='ocrx_word' id='word_1_155' title='bbox 609 1586 712 1640; x_wconf 83' lang='grc' dir='ltr'><em>ὅλης</em></span> <span class='ocrx_word' id='word_1_156' title='bbox 755 1591 830 1640; x_wconf 81' lang='grc' dir='ltr'><em>τῆς</em></span> <span class='ocrx_word' id='word_1_157' title='bbox 872 1587 1031 1635; x_wconf 90' lang='grc' dir='ltr'><em>νυκτὸς</em></span> <span class='ocrx_word' id='word_1_158' title='bbox 1070 1584 1335 1639; x_wconf 84' lang='grc' dir='ltr'><em>ἐνηξάμεθα,</em></span> <span class='ocrx_word' id='word_1_159' title='bbox 1378 1582 1451 1625; x_wconf 84' lang='grc' dir='ltr'><em>καὶ</em></span> 
     </span>
     <span class='ocr_line' id='line_1_23' title="bbox 101 1655 1451 1712; baseline -0.001 -14"><span class='ocrx_word' id='word_1_160' title='bbox 101 1655 201 1712; x_wconf 85' lang='grc' dir='ltr'><em>περὶ</em></span> <span class='ocrx_word' id='word_1_161' title='bbox 234 1655 481 1712; x_wconf 82' lang='grc' dir='ltr'><em>ἀρχομένην</em></span> <span class='ocrx_word' id='word_1_162' title='bbox 517 1655 685 1711; x_wconf 82' lang='grc' dir='ltr'><em>ἡμέραν</em></span> <span class='ocrx_word' id='word_1_163' title='bbox 724 1655 1011 1711; x_wconf 83' lang='grc' dir='ltr'><em>ἐπιφανέντος</em></span> <span class='ocrx_word' id='word_1_164' title='bbox 1048 1655 1154 1709; x_wconf 86' lang='grc' dir='ltr'><em>ἡμῖν</em></span> <span class='ocrx_word' id='word_1_165' title='bbox 1192 1655 1299 1696; x_wconf 84' lang='grc' dir='ltr'><em>κατὰ</em></span> <span class='ocrx_word' id='word_1_166' title='bbox 1338 1659 1451 1697; x_wconf 89' lang='grc' dir='ltr'><em>θεοῦ</em></span> 
     </span>
     <span class='ocr_line' id='line_1_24' title="bbox 101 1726 1451 1782; baseline -0.001 -14"><span class='ocrx_word' id='word_1_167' title='bbox 101 1729 316 1782; x_wconf 88' lang='grc' dir='ltr'><em>πρόνοιαν</em></span> <span class='ocrx_word' id='word_1_168' title='bbox 348 1729 633 1781; x_wconf 83' lang='grc' dir='ltr'><em>Κυρηναϊκοῦ</em></span> <span class='ocrx_word' id='word_1_169' title='bbox 666 1729 838 1780; x_wconf 86' lang='grc' dir='ltr'><em>πλοίου,</em></span> <span class='ocrx_word' id='word_1_170' title='bbox 870 1726 1123 1781; x_wconf 88' lang='grc' dir='ltr'><em>φθάσαντες</em></span> <span class='ocrx_word' id='word_1_171' title='bbox 1154 1727 1257 1775; x_wconf 88' lang='grc' dir='ltr'><em>τοὺς</em></span> <span class='ocrx_word' id='word_1_172' title='bbox 1291 1726 1451 1775; x_wconf 81' lang='grc' dir='ltr'><em>ἄλλους</em></span> 
     </span>
     <span class='ocr_line' id='line_1_25' title="bbox 103 1796 1448 1852; baseline -0.001 -13"><span class='ocrx_word' id='word_1_173' title='bbox 103 1797 186 1851; x_wconf 89' lang='grc' dir='ltr'><em>ἐγώ</em></span> <span class='ocrx_word' id='word_1_174' title='bbox 218 1813 263 1839; x_wconf 91' lang='grc' dir='ltr'><em>τε</em></span> <span class='ocrx_word' id='word_1_175' title='bbox 296 1800 372 1839; x_wconf 91' lang='grc' dir='ltr'><em>καί</em></span> <span class='ocrx_word' id='word_1_176' title='bbox 400 1813 515 1847; x_wconf 84' lang='grc' dir='ltr'><em>τινες</em></span> <span class='ocrx_word' id='word_1_177' title='bbox 547 1797 702 1852; x_wconf 78' lang='grc' dir='ltr'><em>ἕτεροι,</em></span> <span class='ocrx_word' id='word_1_178' title='bbox 734 1796 834 1852; x_wconf 86' lang='grc' dir='ltr'><em>περὶ</em></span> <span class='ocrx_word' id='word_1_179' title='bbox 876 1798 1148 1851; x_wconf 89' lang='grc' dir='ltr'><em>ὀγδοήκοντα</em></span> <span class='ocrx_word' id='word_1_180' title='bbox 1187 1797 1448 1850; x_wconf 87' lang='grc' dir='ltr'><em>σύμπαντες,</em></span> 
     </span>
     <span class='ocr_line' id='line_1_26' title="bbox 49 1864 1451 1923; baseline 0 -15"><span class='ocrx_word' id='word_1_181' title='bbox 49 1882 82 1908; x_wconf 82' lang='lat'><em>25</em></span> <span class='ocrx_word' id='word_1_182' title='bbox 102 1868 418 1923; x_wconf 83' lang='grc' dir='ltr'><em>ἀνελήφθημεν</em></span> <span class='ocrx_word' id='word_1_183' title='bbox 459 1870 521 1917; x_wconf 84' lang='grc' dir='ltr'><em>είς</em></span> <span class='ocrx_word' id='word_1_184' title='bbox 558 1870 606 1910; x_wconf 91' lang='grc' dir='ltr'><em>τὸ</em></span> <span class='ocrx_word' id='word_1_185' title='bbox 648 1871 816 1910; x_wconf 90' lang='grc' dir='ltr'><em>πλοῖον.</em></span> <span class='ocrx_word' id='word_1_186' title='bbox 881 1868 996 1921; x_wconf 85' lang='grc'>&lt;16&gt;</span> <span class='ocrx_word' id='word_1_187' title='bbox 1039 1865 1276 1916; x_wconf 87' lang='grc' dir='ltr'><em>διασωθεὶς</em></span> <span class='ocrx_word' id='word_1_188' title='bbox 1313 1864 1353 1908; x_wconf 84' lang='grc' dir='ltr'><em>δ’</em></span> <span class='ocrx_word' id='word_1_189' title='bbox 1389 1868 1451 1916; x_wconf 87' lang='grc' dir='ltr'><em>είς</em></span> 
     </span>
     <span class='ocr_line' id='line_1_27' title="bbox 102 1936 1450 1994; baseline -0.001 -14"><span class='ocrx_word' id='word_1_190' title='bbox 102 1940 182 1994; x_wconf 85' lang='grc' dir='ltr'><em>τὴν</em></span> <span class='ocrx_word' id='word_1_191' title='bbox 214 1939 547 1994; x_wconf 88' lang='grc' dir='ltr'><em>Δικαιάρχειαν,</em></span> <span class='ocrx_word' id='word_1_192' title='bbox 578 1939 634 1992; x_wconf 79' lang='grc' dir='ltr'><em>ἣν</em></span> <span class='ocrx_word' id='word_1_193' title='bbox 667 1940 912 1988; x_wconf 82' lang='grc' dir='ltr'><em>Ποτιόλους</em></span> <span class='ocrx_word' id='word_1_194' title='bbox 939 1936 1096 1980; x_wconf 85' lang='grc' dir='ltr'><em>Ἰταλοὶ</em></span> <span class='ocrx_word' id='word_1_195' title='bbox 1121 1942 1348 1991; x_wconf 91' lang='grc' dir='ltr'><em>καλοῦσιν,</em></span> <span class='ocrx_word' id='word_1_196' title='bbox 1375 1938 1450 1979; x_wconf 79' lang='grc' dir='ltr'><em>διὰ</em></span> 
     </span>
     <span class='ocr_line' id='line_1_28' title="bbox 102 2006 1448 2066; baseline -0.001 -15"><span class='ocrx_word' id='word_1_197' title='bbox 102 2011 252 2063; x_wconf 87' lang='grc' dir='ltr'><em>φιλίας</em></span> <span class='ocrx_word' id='word_1_198' title='bbox 284 2008 504 2063; x_wconf 80' lang='grc' dir='ltr'><em>ἀφικόμην</em></span> <span class='ocrx_word' id='word_1_199' title='bbox 533 2007 741 2066; x_wconf 76' lang='grc' dir='ltr'><em>Ἁλιτύρῳ</em></span> <span class='ocrx_word' id='word_1_200' title='bbox 770 2009 1028 2063; x_wconf 77' lang='grc' dir='ltr'><em>(μιμολόγος</em></span> <span class='ocrx_word' id='word_1_201' title='bbox 1060 2007 1098 2050; x_wconf 74' lang='grc' dir='ltr'><em>δ’</em></span> <span class='ocrx_word' id='word_1_202' title='bbox 1129 2006 1186 2063; x_wconf 75' lang='grc' dir='ltr'><em>ἦν</em></span> <span class='ocrx_word' id='word_1_203' title='bbox 1213 2006 1342 2058; x_wconf 85' lang='grc' dir='ltr'><em>οὗτος</em></span> <span class='ocrx_word' id='word_1_204' title='bbox 1370 2009 1448 2063; x_wconf 88' lang='grc' dir='ltr'><em>μά-</em></span> 
     </span>
     <span class='ocr_line' id='line_1_29' title="bbox 102 2078 1449 2137; baseline -0.001 -15"><span class='ocrx_word' id='word_1_205' title='bbox 102 2083 226 2122; x_wconf 87' lang='grc' dir='ltr'><em>λιστα</em></span> <span class='ocrx_word' id='word_1_206' title='bbox 257 2085 316 2137; x_wconf 78' lang='grc' dir='ltr'><em>τῷ</em></span> <span class='ocrx_word' id='word_1_207' title='bbox 350 2079 529 2134; x_wconf 84' lang='grc' dir='ltr'><em>Νέρωνι</em></span> <span class='ocrx_word' id='word_1_208' title='bbox 560 2080 845 2133; x_wconf 88' lang='grc' dir='ltr'><em>καταθύμιος,</em></span> <span class='ocrx_word' id='word_1_209' title='bbox 873 2078 1088 2129; x_wconf 85' lang='grc' dir='ltr'><em>Ἰουδαῖος</em></span> <span class='ocrx_word' id='word_1_210' title='bbox 1112 2081 1160 2121; x_wconf 89' lang='grc' dir='ltr'><em>τὸ</em></span> <span class='ocrx_word' id='word_1_211' title='bbox 1188 2078 1349 2135; x_wconf 86' lang='grc' dir='ltr'><em>γένος),</em></span> <span class='ocrx_word' id='word_1_212' title='bbox 1375 2078 1449 2121; x_wconf 84' lang='grc' dir='ltr'><em>καὶ</em></span> 
     </span>
     <span class='ocr_line' id='line_1_30' title="bbox 102 2148 1448 2207; baseline -0.001 -15"><span class='ocrx_word' id='word_1_213' title='bbox 102 2149 160 2192; x_wconf 83' lang='grc' dir='ltr'><em>δι’</em></span> <span class='ocrx_word' id='word_1_214' title='bbox 203 2150 340 2192; x_wconf 87' lang='grc' dir='ltr'><em>αὐτοῦ</em></span> <span class='ocrx_word' id='word_1_215' title='bbox 378 2153 589 2207; x_wconf 74' lang='grc' dir='ltr'><em>Ποππαίᾳ·</em></span> <span class='ocrx_word' id='word_1_216' title='bbox 628 2156 679 2205; x_wconf 75' lang='grc' dir='ltr'><em>τῇ</em></span> <span class='ocrx_word' id='word_1_217' title='bbox 716 2156 795 2192; x_wconf 90' lang='grc' dir='ltr'><em>τοῦ</em></span> <span class='ocrx_word' id='word_1_218' title='bbox 827 2152 1050 2205; x_wconf 91' lang='grc' dir='ltr'><em>Καίσαρος</em></span> <span class='ocrx_word' id='word_1_219' title='bbox 1081 2148 1256 2204; x_wconf 86' lang='grc' dir='ltr'><em>γυναικὶ</em></span> <span class='ocrx_word' id='word_1_220' title='bbox 1289 2166 1448 2204; x_wconf 83' lang='grc' dir='ltr'><em>γνωρι-</em></span> 
     </span>
     <span class='ocr_line' id='line_1_31' title="bbox 48 2219 1448 2277; baseline 0.001 -16"><span class='ocrx_word' id='word_1_221' title='bbox 48 2235 82 2261; x_wconf 82' lang='lat'><em>30</em></span> <span class='ocrx_word' id='word_1_222' title='bbox 102 2219 226 2271; x_wconf 86' lang='grc' dir='ltr'><em>σθεὶς</em></span> <span class='ocrx_word' id='word_1_223' title='bbox 268 2228 444 2277; x_wconf 88' lang='grc' dir='ltr'><em>προνοῶ</em></span> <span class='ocrx_word' id='word_1_224' title='bbox 491 2221 548 2270; x_wconf 85' lang='grc' dir='ltr'><em>ὡς</em></span> <span class='ocrx_word' id='word_1_225' title='bbox 590 2221 769 2276; x_wconf 89' lang='grc' dir='ltr'><em>τάχιστα</em></span> <span class='ocrx_word' id='word_1_226' title='bbox 817 2219 1119 2275; x_wconf 87' lang='grc' dir='ltr'><em>παρακαλέσας</em></span> <span class='ocrx_word' id='word_1_227' title='bbox 1164 2221 1302 2274; x_wconf 86' lang='grc' dir='ltr'><em>αὐτὴν</em></span> <span class='ocrx_word' id='word_1_228' title='bbox 1345 2222 1448 2270; x_wconf 88' lang='grc' dir='ltr'><em>τοὺς</em></span> 
     </span>
     <span class='ocr_line' id='line_1_32' title="bbox 103 2289 1447 2347; baseline -0.001 -14"><span class='ocrx_word' id='word_1_229' title='bbox 103 2293 232 2346; x_wconf 86' lang='grc' dir='ltr'><em>ἱερεῖς</em></span> <span class='ocrx_word' id='word_1_230' title='bbox 270 2295 475 2345; x_wconf 79' lang='grc' dir='ltr'><em>λυθῆναι.</em></span> <span class='ocrx_word' id='word_1_231' title='bbox 538 2292 740 2346; x_wconf 84' lang='grc' dir='ltr'><em>μεγάλων</em></span> <span class='ocrx_word' id='word_1_232' title='bbox 778 2289 826 2333; x_wconf 78' lang='grc' dir='ltr'><em>δὲ</em></span> <span class='ocrx_word' id='word_1_233' title='bbox 865 2292 1043 2347; x_wconf 85' lang='grc' dir='ltr'><em>δωρεῶν</em></span> <span class='ocrx_word' id='word_1_234' title='bbox 1085 2292 1195 2347; x_wconf 87' lang='grc' dir='ltr'><em>πρὸς</em></span> <span class='ocrx_word' id='word_1_235' title='bbox 1237 2297 1288 2346; x_wconf 80' lang='grc' dir='ltr'><em>τῇ</em></span> <span class='ocrx_word' id='word_1_236' title='bbox 1326 2291 1447 2346; x_wconf 89' lang='grc' dir='ltr'><em>εὐερ-</em></span> 
     </span>
    </p>
   </div>
  </div>
 </body>
</html>
