1732 2526
207 1823 227 1853 ΚΘ

252 73 307 115 60
741 75 1105 108 ΑΡΧΑΙοΛοΓΙΑΣ

250 179 402 223 παισὶν
433 182 654 236 ἄχθεσθαι
688 181 845 237 λέγων,
875 180 947 224 καὶ
981 180 1100 235 δέον,
1132 182 1173 223 εἰ
1196 179 1277 236 μὲν
1305 181 1598 237 ἀνοσιώτερόν

250 268 290 293 τι
334 253 663 307 τετολμήκασιν,
709 251 924 303 ἐπεξιέναι
974 253 1239 307 πατραλοίας
1288 253 1417 302 ὄντας
1461 251 1598 308 (αὐτῷ

250 323 332 377 γὰρ
385 322 555 378 ἐφεῖναι
598 323 760 376 ταύτην
805 323 884 376 τὴν
930 321 1174 378 ἐξουσίαν),
1218 323 1258 363 εἰ
1301 319 1349 363 δὲ
1400 323 1599 377 δρασμὸν

251 393 460 448 ἐνόησαν,
500 395 641 443 ἄλλως
677 395 1011 447 νουθετήσαντα
1049 391 1188 448 μηδὲν
1227 392 1468 446 ἀνήκεστον
1507 394 1600 435 δια-

249 465 536 519 πράττεσθαι·
581 465 727 518 <357>
766 465 1086 518 συμβουλεύειν
1125 462 1163 506 δ’
1209 464 1326 520 αὐτῷ
1361 463 1598 518 συνέδριον

251 535 539 586 ἀποδείξαντα
595 534 694 590 περὶ
745 537 970 590 Βηρυτόν,
1027 534 1074 577 ἐν
1130 530 1157 591 ᾗ
1207 542 1461 577 κατοικοῦσι
1501 533 1601 577 Ῥω-

252 615 394 662 μαῖοι,
441 605 514 648 καὶ
554 607 864 661 παραλαβόντα
902 606 1005 655 τούς
1047 603 1094 646 θ’
1144 606 1362 660 ἡγεμόνας
1404 604 1476 648 καὶ
1522 607 1601 648 τὸν

252 677 432 732 βασιλέα
479 684 565 719 τῶν
609 677 921 718 Καππαδόκων
960 674 1215 732 Ἀρχέλαον,
1262 677 1393 727 ὅσους
1429 693 1475 719 τε
1513 685 1602 719 τῶν

253 750 399 790 ἄλλων
432 752 568 790 οἴεται
599 749 726 804 φιλία
756 762 801 788 τε
834 746 906 789 καὶ
938 746 1180 802 ἀξιώμασιν
1213 744 1325 790 εἶναι
1361 747 1601 803 ἐπιφανεῖς,

253 820 357 874 μετὰ
407 825 481 873 τῆς
531 818 712 860 ἐκείνων
762 819 939 873 γνώμης
983 818 1005 859 ὅ
1048 834 1087 860 τι
1137 819 1219 874 χρὴ
1271 819 1601 874 διαλαμβάνειν.

253 890 397 945 <358>
429 892 602 945 Καῖσαρ
635 887 715 944 μὲν
746 896 927 932 τοιαῦτα
959 888 1220 931 ἐπέστειλεν·
1260 889 1282 931 ὁ
1317 887 1365 931 δὲ
1384 887 1602 945 “Ηρώδης,

251 968 339 1002 τῶν
383 961 650 1016 γραμμάτων
692 960 749 1009 ὡς
788 959 923 1002 αὐτὸν
968 958 1323 1016 ἀπενεχθέντων,
1366 961 1603 1016 περιχαρὴς

252 1029 332 1086 μὲν
365 1031 502 1081 εὐθὺς
535 1029 604 1072 ἐπὶ
635 1038 729 1081 ταῖς
761 1032 1018 1085 διαλλαγαῖς
1051 1030 1261 1085 ἐγεγόνει,
1289 1032 1527 1086 περιχαρὴς
1553 1028 1603 1072 δὲ

1621 833 1656 859 10

251 1101 323 1144 καὶ
356 1108 415 1159 τῷ
447 1100 573 1144 πάντ’
610 1101 769 1153 ἐξεῖναι
807 1102 915 1144 κατὰ
953 1110 1041 1143 τῶν
1078 1103 1252 1144 παίδων
1283 1102 1414 1159 αὐτῷ.
1459 1102 1622 1156 <359>7

252 1175 328 1215 καί
364 1188 455 1223 πως
499 1175 547 1215 τὸ
591 1171 672 1227 μὲν
717 1173 798 1215 οὐκ
841 1170 891 1214 εὗ
935 1173 1140 1228 πράττειν
1185 1172 1232 1215 ἐν
1275 1179 1335 1230 τῷ
1385 1175 1601 1227 πρότερον

252 1245 443 1299 χαλεπὸν
481 1243 577 1299 μέν,
618 1242 713 1286 ἀλλ’
759 1245 859 1286 οὔτε
901 1246 1079 1298 θρασὺν
1121 1245 1221 1286 οὔτε
1264 1250 1456 1299 προπετῆ
1494 1244 1603 1297 πρὸς

252 1315 331 1369 τὴν
377 1314 597 1356 ἀπώλειαν
641 1322 728 1356 τῶν
779 1313 944 1356 τέκνων
993 1323 1198 1370 παρεῖχεν
1249 1315 1405 1369 αὐτόν,
1455 1314 1503 1356 ἐν
1553 1311 1603 1356 δὲ

252 1391 311 1442 τῷ
344 1388 440 1428 τότε
473 1389 714 1441 μεταβολῆς
746 1385 981 1440 ἀμείνονος
1012 1385 1084 1427 καὶ
1115 1388 1359 1442 παρρησίας
1401 1385 1603 1442 ἐπιλαβό-

256 1473 385 1511 μενος
418 1457 491 1498 διὰ
522 1459 570 1499 τὸ
604 1465 729 1512 μῖσος
761 1457 1034 1511 ἐκαινοτόμει
1066 1458 1146 1512 τὴν
1180 1457 1395 1508 ἐξουσίαν.
1457 1457 1604 1512 <360>

256 1527 492 1582 διέπεμπεν
525 1524 607 1569 οὖν
640 1528 772 1578 ὅσους
804 1527 945 1570 ἐδόκει
977 1531 1128 1570 καλεῖν
1167 1529 1228 1578 είς
1264 1528 1312 1570 τὸ
1351 1527 1602 1583 συνέδριον,

249 1596 486 1654 Ἀρχελάου
531 1601 679 1654 χωρίς·
732 1598 902 1641 ἐκεῖνον
947 1600 1029 1653 γὰρ
1077 1598 1136 1640 δι’
1181 1600 1312 1654 ἔχθος
1356 1599 1436 1641 οὐκ
1480 1598 1603 1653 ἠξίου

253 1670 622 1725 παρατυγχάνειν,
655 1670 680 1724 ἢ
712 1669 783 1712 καὶ
815 1676 866 1726 τῇ
898 1669 1150 1726 προαιρέσει
1176 1672 1367 1724 νομίζων
1398 1668 1603 1724 ἐμποδὼν

253 1742 446 1782 ἔσεσθαι.

344 1812 487 1866 <361>
518 1811 771 1866 γενομένων
805 1808 844 1853 δ’
881 1811 929 1853 ἐν
954 1815 1140 1869 Βηρυτῷ
1173 1819 1261 1854 τῶν
1288 1811 1334 1854 θ’
1372 1811 1603 1867 ἡγεμόνων

255 1881 328 1924 καὶ
360 1890 447 1924 τῶν
479 1884 625 1925 ἄλλων
658 1883 790 1932 ὅσους
822 1881 906 1924 ἀπὸ
938 1890 1025 1925 τῶν
1063 1885 1234 1926 πόλεων
1273 1882 1464 1937 ἐκάλεσε,
1501 1885 1604 1933 τοὺς

256 1950 336 2007 μὲν
367 1954 527 2003 παῖδας
561 1953 632 2009 (οὐ
659 1954 742 2008 γὰρ
774 1952 901 2007 ἠξίου
932 1954 1146 2009 παράγειν
1178 1956 1239 2004 εἰς
1269 1955 1317 1996 τὸ
1345 1952 1602 2009 συνέδριον)

258 2024 305 2066 ἐν
349 2025 470 2080 κώμῃ
512 2023 599 2066 τινὶ
644 2026 882 2066 Σιδωνίων
926 2021 1035 2080 εἶχε,
1086 2025 1296 2081 Πλατάνῃ
1340 2023 1603 2080 καλουμένῃ,

254 2097 444 2150 πλησίον
476 2101 551 2149 τῆς
582 2099 764 2151 πόλεως,
797 2098 854 2146 ὡς
886 2099 1015 2151 ἔχειν,
1047 2098 1087 2138 εἰ
1125 2099 1347 2150 κληθεῖεν,
1383 2101 1603 2151 παραστῆ-

256 2178 345 2208 σαι·
378 2166 524 2221 <362>
556 2169 692 2221 μόνος
724 2165 772 2209 δὲ
797 2165 870 2209 καὶ
895 2166 999 2209 καθ’
1029 2167 1165 2209 αὑτὸν
1192 2168 1421 2216 εἰσελθών,
1448 2165 1602 2208 ἑκατὸν

1623 1187 1695 1213 15,

1622 1543 1657 1568 20

1623 1896 1656 1922 25

256 2236 329 2279 καὶ
359 2238 629 2291 πεντήκοντα
662 2236 1014 2293 συγκαθημένων
1041 2237 1234 2294 ἀνδρῶν,
1265 2239 1496 2292 κατηγόρει
1527 2254 1602 2279 κα-
1621 2251 1656 2277 30

351 2322 370 2361 ἓ
396 2322 463 2352 361
492 2318 536 2353 ef.
563 2318 655 2354 Bell.
681 2318 759 2353 Iud.
787 2319 802 2352 I
829 2323 883 2362 27,
911 2322 942 2354 2.
