1732 2526
182 57 269 99 253
550 73 556 78 -
671 56 1037 90 APXAIOAOPIAL*

181 164 326 218 (308)
359 165 400 204 εί
429 164 486 218 μὴ
518 164 754 218 βούλονται
787 164 936 206 δοκεῖν
961 163 1069 205 κατὰ
1095 164 1175 217 τὴν
1204 163 1350 204 αὑτῶν
1375 165 1557 216 προαί-’

181 246 304 290 ρεσιν
335 238 602 288 γεγενῆσθαι
639 234 687 275 τὸ
725 233 935 289 ἀδίκημα,
973 232 1183 283 ἐπιδεῖξαι
1221 235 1324 283 τοὺς
1361 235 1530 284 αἰτίους

181 311 239 362 τῷ
273 303 588 362 ἕκατοντάρχςο,
627 305 838 359 μηδεμιᾶς
876 304 1066 354 στάσεως
1098 301 1208 358 μηδὲ
1246 304 1384 359 μάχης
1423 304 1528 346 ε’ῶν-

180 391 256 426 τας
287 375 492 431 ἀφορμὴν
525 375 748 429 γενέσθαι,
780 376 917 429 ἤνπερ
946 376 1132 417 δοκοῦσί
1153 391 1227 429 μοι
1252 376 1530 429 θηρεύεσθαι

182 448 256 489 διὰ
287 455 376 489 τῶν
407 447 618 489 τοιούτων
652 448 807 501 ἔργων,
840 446 983 500 <309>
1010 445 1151 500 κάμοῦ
1177 444 1249 487 καὶ
1275 452 1354 488 τοῦ
1380 461 1530 500 τιμιω-

180 518 312 560 τάτου
357 533 431 572 μοι
475 515 686 572 βασιλέως
725 514 938 571 Ἀγρίππα
983 517 1166 566 οὐδενὸς
1208 520 1376 571 μᾶλλον
1425 531 1530 570 προ-

181 586 438 643 νοουμένων
482 589 508 642 ἢ
553 589 626 629 ἵνα
670 589 727 642 μὴ
774 587 974 642 ἀφορμῆς
1025 586 1298 642 δραξάμενον
1343 589 1391 630 τὸ
1441 595 1531 629 τῶν

176 657 406 702 Ἰουδαίων
452 660 602 706 ἔθνος
629 657 799 711 ἀμύνης
836 657 1053 711 προφάσει
1099 656 1432 713 συναθροισθὲν
1471 658 1532 708 εἰς

183 729 398 772 ἀπόνοιαν
430 734 560 784 χωρῇ.
624 728 767 782 <310>
795 728 869 769 ἵνα
896 725 944 769 δὲ
970 729 1306 784 γνωριμώτερον
1333 725 1360 784 ἦ
1393 730 1438 770 τί
1459 726 1531 770 καὶ

183 800 206 843 ὁ
239 801 472 854 <Σεβαστὸς
508 797 608 854 περὶ
648 799 754 840 ὅλου
792 804 871 840 τοῦ
915 798 1166 853 πράγματος
1210 798 1442 854 ἐφρόνησε,
1481 800 1531 840 τὰ

184 871 231 913 ἐν
258 869 562 926 Ἀλεξανδρείᾳ
594 869 731 911 αὐτοῦ
764 869 1033 923 διατάγματα
1066 868 1338 925 προτεθέντα
1378 867 1533 923 προσέ-

184 946 317 996 θηκα,
355 941 479 994 ἅπερ,
518 941 559 981 εἰ
594 938 666 981 καὶ
704 940 902 993 γνώριμα
940 946 1074 981 πᾶσιν
1112 937 1225 982 εἶναι
1264 941 1405 993 δοκεῖ,
1438 941 1533 982 τότε

1553 813 1586 838 1ῠ

184 1011 256 1054 καὶ
288 1010 357 1053 ἐπὶ
395 1017 474 1053 τοῦ
511 1012 705 1065 βήματος
741 1008 911 1064 ἀνέγνω
952 1010 975 1052 ὁ
1015 1011 1269 1065 τιμιώτατός
1307 1026 1381 1065 μοι
1413 1012 1535 1064 βασι·
1580 1044 1585 1045 ⁷

186 1084 286 1132 λεὺς
313 1081 564 1137 Ἀγρίππας,
606 1081 1053 1136 δικαιολογησάμενος
1089 1080 1189 1137 περὶ
1226 1087 1305 1124 τοῦ
1343 1082 1400 1136 μὴ
1441 1082 1536 1124 δεῖν

186 1154 347 1202 αὐτοὺς
379 1151 677 1207 ἀφαιρεθῆναι
709 1157 784 1205 τῆς
814 1158 892 1193 τοῦ
917 1154 1146 1207 Σεβαστοῦ
1180 1153 1354 1207 δωρεᾶς.
1389 1152 1535 1206 <311>

187 1225 248 1274 εἰς
292 1220 374 1265 οὖν
419 1225 466 1265 τὸ
512 1224 668 1265 λοιπὸν
712 1221 997 1276 παραγγέλλω
1042 1223 1259 1276 μηδεμίαν
1312 1225 1535 1277 πρόφασιν

188 1294 377 1343 στάσεως
408 1291 518 1347 μηδὲ
549 1299 737 1348 ταραχῆς
765 1295 920 1347 ζητεῖν,
946 1290 1040 1334 ἀλλ’
1074 1291 1281 1342 ἑκάστους
1309 1291 1457 1349 (κατὰ)
1485 1294 1537 1335 τὰ

190 1366 280 1406 ἴδια
311 1365 578 1418 θρησκεύειν
612 1363 722 1417 ἔθη.’

278 1435 423 1488 (312)
452 1435 703 1489 Πετρώνιος
729 1431 809 1488 μὲν
836 1431 918 1476 οὖν
944 1434 1058 1475 οὕτω
1085 1435 1392 1488 προυνοήσατο
1420 1435 1539 1488 διορ-

188 1506 369 1554 θώσεως
413 1502 492 1559 μὲν
536 1506 583 1547 τὸ
628 1502 946 1558 παρανομηθὲν
992 1505 1076 1559 ἤδη
1116 1511 1284 1560 τυχεῖν,
1330 1503 1539 1558 γενέσθαι

191 1574 239 1618 δὲ
276 1577 584 1631 παραπλήσιον
629 1572 767 1629 μηδὲν
805 1576 868 1624 εἰς
908 1574 1083 1624 αὐτούς·
1127 1575 1272 1629 <313>
1301 1573 1539 1631 Ἀγρίππας

192 1644 230 1688 δ’
270 1647 292 1688 ὁ
325 1648 531 1700 βασιλεὺς
563 1645 765 1699 ἀφείλετο
798 1643 878 1699 μὲν
910 1646 990 1699 τὴν
1031 1646 1275 1701 ἱερωσύνην
1314 1648 1391 1688 τὸν
1423 1648 1541 1688 Καν-

191 1722 339 1771 θηρᾶν
372 1719 569 1771 Σίμωνα,
596 1714 813 1769 Ἰωνάθην
846 1713 893 1756 δὲ
926 1715 1058 1757 πάλιν
1093 1713 1159 1757 ἐπ’
1199 1716 1335 1770 αὐτὴν
1362 1714 1437 1771 ἦγε
1465 1718 1542 1759 τὸν

188 1783 389 1840 Ἀνάνου,
422 1793 581 1829 τοῦτον
613 1785 849 1840 ἀξιώτερον
881 1792 955 1840 τῆς
986 1792 1110 1841 τιμῆς
1148 1787 1377 1841 ὁμολογῶν
1415 1784 1539 1829 εἶναι.

193 1863 252 1914 τῷ
287 1856 326 1898 δ’
367 1857 447 1899 οὐκ
478 1857 742 1911 ἀσμενιστὸν
775 1857 914 1911 ἐφάνη
947 1858 1027 1911 τὴν
1053 1858 1270 1912 τοσαύτην
1302 1857 1540 1911 ἀπολαβεῖν

193 1930 342 1982 τιμήν,
389 1935 621 1983 παρῃτεῖτο
667 1925 705 1969 δ’
754 1924 836 1969 οὗν
877 1934 1012 1970 ταῦτα
1050 1927 1201 1982 λέγων.
1264 1928 1407 1982 <314>
1449 1927 1542 1970 (σοὶ

195 1996 275 2053 μὲν
314 1994 415 2051 οὖν,
456 1995 489 2038 ὦ
529 2001 733 2052 βασιλεῦ,
779 1997 1061 2052 τετιμημένος
1097 2001 1254 2054 χαίρω,
1293 1999 1365 2040 διὰ
1403 2005 1542 2054 ψυχῆς

198 2070 310 2124 ἔχων
342 2067 467 2110 τοῦθ’
507 2069 529 2110 ὅ
562 2085 633 2123 μοι
668 2068 798 2122 γέρας
831 2070 1015 2111 δίδωσιν
1053 2069 1079 2123 ἡ
1118 2070 1171 2123 σὴ
1209 2070 1363 2124 βουλή,
1400 2071 1440 2110 εἰ
1470 2068 1542 2111 καὶ

197 2140 306 2194 πρὸς
331 2137 463 2181 οὐδέν
490 2155 540 2193 με
568 2145 642 2193 τῆς
668 2138 995 2195 ἀρχιερωσύνης
1021 2139 1143 2190 ἄξιον
1171 2141 1341 2194 ἔκρινεν
1367 2139 1389 2181 ὁ
1415 2142 1542 2189 θεός·

1557 1164 1590 1190 15

1559 1517 1593 1542 20

1561 1868 1594 1894 25

198 2209 308 2260 ἅπαξ
354 2206 392 2250 δ’
438 2208 567 2259 ἐνδὺς
606 2211 843 2264 στολισμὸν
883 2211 1001 2264 ἱερὸν
1043 2210 1275 2265 ἀρκοῦμαι·
1319 2212 1414 2252 τότε
1458 2211 1541 2265 γὰρ
1561 2221 1596 2248 so

198 2280 332 2322 αὐτὸν
388 2279 676 2335 ἠμφιασάμην
736 2280 971 2336 ὁσιώτερον
1027 2280 1052 2334 ἢ
1109 2287 1193 2323 νῦν
1249 2280 1540 2336 ἀπολήψομαι.
