1732 2526
68 863 101 888 10

31 1207 97 1237 '15

65 1563 98 1587 20

63 1913 96 1938 25

61 2263 95 2288 30

575 111 1009 144 ENNEAKAIAEKATH
1376 108 1458 148 211

122 221 263 268 ἄλλως
295 218 379 260 ὑπὸ
406 222 483 260 τοῦ
510 215 766 271 ἀδεέστερον
791 214 1020 270 προσιέναι
1047 221 1103 271 τςό
1133 217 1251 273 Γαΐῳ
1278 216 1350 257 διὰ
1382 216 1462 269 τὴν

122 291 368 344 χιλιαρχίαν
401 287 625 344 ῥᾳστώνης
657 289 773 343 αὐτῷ
807 288 993 328 κτείνειν
1030 285 1249 340 ἐσομένης.

212 359 326 411 <24>
360 358 407 400 ἐν
437 358 577 414 τούτῳ
611 355 650 398 δ’
691 357 975 411 ἱπποδρομίαι
1007 353 1139 409 ἦσαν·
1173 355 1244 397 καὶ
1271 356 1461 398 σπουδά-
1488 367 1510 397 4

123 432 234 480 ζεται
278 430 361 483 γὰρ
398 426 621 482 Ῥωμαίοις
663 427 742 481 ἥδε
780 427 806 480 ἡ
845 429 1013 479 θεωρία
1058 427 1224 475 δεινῶς.
1287 428 1463 467 συνίασι

122 498 170 542 δὲ
198 500 438 554 προθύμως
458 500 519 548 εἰς
544 500 620 540 τὸν
648 498 944 552 ἶππόδρομον,
975 495 1047 538 καὶ
1075 494 1144 550 ἐφ’
1175 490 1240 545 οἷς
1265 493 1464 550 χρῄζοιεν

123 569 296 612 δέονται
328 577 414 611 τῶν
446 568 781 623 αὐτοκρατόρων
813 568 920 609 κατὰ
952 570 1122 621 πλῆθος
1154 567 1462 615 συνελθόντες·

122 642 166 681 οἳ
207 638 246 681 δ’
293 638 626 694 ἀναντιλέκτους
666 639 740 688 τὰς
782 639 951 692 δεήσεις
993 639 1219 691 κρίνοντες
1260 636 1464 690 οὐδαμῶς

120 709 443 765 ἀχαριστοῦσιν.
504 709 618 763 <25>
656 707 857 750 ἐκέλευον
898 708 952 761 δὴ
994 706 1066 749 καὶ
1106 709 1183 749 τὸν
1217 706 1368 759 Γάιον,
1401 706 1463 748 ἐκ·

119 781 250 837 θύμῳ
287 785 338 834 τῇ
377 780 535 835 ἱκετεία
571 779 803 834 χρώμενοι,
834 786 921 820 τῶν
959 782 1095 820 τελῶν
1134 775 1359 819 ἐπανιέναι
1391 775 1463 818 καὶ

121 852 226 902 [τῶν
257 852 427 904 φόρων]
462 849 758 903 ἐπικουφίζειν
784 865 824 890 τι
856 855 934 890 τοῦ
961 847 1193 903 ἐπαχθοῦς.
1255 847 1277 888 ὃ
1311 843 1350 888 δ’
1382 847 1462 888 οὐκ

120 919 329 974 ἠνείχετο,
361 918 432 961 καὶ
462 919 597 961 πλέον
628 935 668 960 τι
700 925 750 973 τῇ
783 921 864 973 βοῇ
897 917 1134 974 χρωμένων
1167 919 1327 966 ἄλλους
1352 919 1462 973 ἄλλῃ

120 989 364 1044 διαπέμψας
394 991 560 1031 κελεύει
599 991 700 1038 τοὺς
731 992 925 1042 βοῶντας
958 991 1107 1043 λαβεῖν
1140 1003 1183 1029 τε
1222 986 1292 1028 καὶ
1325 985 1462 1041 μηδὲν

118 1061 180 1108 εἰς
211 1059 429 1114 ἀναβολὰς
461 1059 634 1101 ἀνελεῖν
665 1060 1007 1113 προαγαγόντας.
1069 1059 1182 1111 <26>
1221 1055 1293 1099 καὶ
1327 1057 1348 1098 ὃ
1382 1055 1463 1111 μὲν

118 1128 288 1171 ἐκέλευε
314 1137 462 1183 ταῦτα,
488 1128 560 1171 καὶ
587 1124 653 1179 οἷς
677 1128 989 1183 προσετέτακτο
1017 1130 1245 1183 ἔπραττον,
1265 1129 1466 1169 πλεῖστοί

117 1198 152 1240 τ’
191 1197 301 1253 ἦσαν
339 1200 385 1242 οἱ
419 1199 488 1241 ε’πὶ
526 1200 742 1249 τοιούτοις
782 1199 1096 1248 ἀποθανόντες.
1158 1197 1230 1240 καὶ
1263 1198 1285 1240 ὁ
1325 1199 1463 1252 δῆμος

117 1268 231 1324 ἑώρα
263 1268 357 1324 με’ν,
389 1271 584 1325 ἠνείχετο
617 1267 666 1311 δὲ
691 1270 969 1324 παυσάμενος
1000 1276 1074 1323 τῆς
1100 1271 1220 1323 βοῆς,
1249 1268 1296 1310 ἐν
1326 1268 1461 1325 ὀλίγῳ

116 1342 195 1394 τὴν
222 1339 347 1381 ἕνεκα
372 1347 459 1382 τῶν
479 1340 711 1395 χρημάτων
732 1340 981 1394 ὀφθαλμοῖς
1001 1340 1189 1394 ὁρῶντες
1211 1338 1296 1391 [ἐπὶ
1318 1340 1461 1380 τοιού-

116 1414 220 1458 τοις]
253 1411 514 1464 παραίτησιν
547 1411 607 1459 εἰς
637 1410 838 1452 θάνατον
872 1410 1022 1459 αὐτοῖς
1053 1408 1291 1464 φέρουσαν.
1344 1411 1459 1462 <2ῖ>

116 1485 250 1521 ταῦτα
285 1479 476 1534 Χαιρέαν
509 1478 693 1534 ἐνήγαγε
726 1482 933 1534 μειζόνως
958 1481 1178 1521 ἅπτεσθαί
1199 1495 1242 1521 τε
1269 1486 1343 1533 τῆς
1369 1479 1459 1521 ἐπι-

117 1552 280 1603 βουλῆς
310 1549 381 1591 καὶ
419 1551 575 1591 παύειν
612 1552 719 1592 κατὰ
756 1558 844 1592 τῶν
883 1550 1135 1605 ἀνθρώπων
1169 1549 1459 1603 ἐξηγριωκότα

117 1622 194 1662 τὸν
228 1620 375 1662 Γάιον.
437 1620 509 1662 καὶ
539 1621 749 1670 πολλάκις
779 1619 858 1675 μὲν
891 1620 963 1662 καὶ
993 1622 1109 1674 παρὰ
1141 1622 1215 1669 τὰς
1248 1619 1459 1669 ἑστιάσεις

118 1689 352 1744 ἐμέλλησεν
385 1690 633 1746 ἐπιχειρεῖν,
671 1691 724 1733 οὐ
763 1692 849 1745 μὴν
887 1688 982 1733 ἀλλ’
1020 1691 1208 1746 ἐπείχετο
1249 1694 1458 1746 λογισμῷ,

116 1762 163 1802 τὸ
202 1758 281 1814 μὲν
318 1763 503 1802 κτείνειν
542 1759 683 1803 οὐκέτ’
731 1760 988 1803 ἐνδοιαστὸν
1026 1762 1256 1815 κεκρικώς,
1293 1762 1370 1802 τὸν
1409 1759 1457 1802 δὲ

117 1832 271 1885 καιρὸν
297 1839 588 1885 περισκοπῶν,
615 1831 729 1881 ὅπως
761 1832 818 1885 μὴ
845 1833 907 1880 είς
937 1833 1067 1873 κενὸν
1099 1829 1192 1872 ἀλλ’
1231 1829 1299 1872 ἐπὶ
1329 1847 1456 1872 κατα-

115 1900 266 1955 πράξει
297 1909 385 1942 τῶν
417 1900 777 1956 βεβουλευμένων
809 1908 901 1951 ταῖς
932 1900 1053 1956 χερσὶ
1087 1907 1241 1959 χρῷτο.

202 1971 314 2024 <28>
335 1970 643 2025 ἐστραγγεύετο
665 1969 712 2013 δὲ
737 1973 880 2013 πολὺν
901 1973 984 2026 ἤδη
1005 1974 1182 2026 χρόνον,
1211 1971 1288 2026 οὐχ
1316 1972 1453 2026 ἡδονῇ
1482 1982 1497 2010 ι’

113 2040 261 2095 φέρων
282 2043 323 2082 Γ
320 2043 419 2082 αἰόυ
445 2041 524 2094 τὴν
551 2044 929 2096 συναναστροφήν.
991 2041 1081 2083 ἐπεὶ
1109 2040 1146 2083 δ’
1178 2041 1312 2083 αὐτὸν
1338 2043 1455 2083 ἵστα-

113 2127 182 2152 ται
215 2111 346 2160 Γάιος
378 2111 721 2166 εἰσπραξόμενον
752 2113 854 2161 τούς
878 2127 921 2153 τε
950 2113 1117 2166 φόρους
1142 2110 1214 2153 καὶ
1246 2109 1312 2153 ὅσ’
1345 2113 1454 2153 ἄλλα

112 2183 469 2236 καταβαλλόμενα
501 2182 561 2230 εἰς
592 2183 668 2223 τὸν
701 2183 921 2237 Καίσαρος
953 2184 1184 2236 θησαυρὸν
1217 2181 1453 2237 ἐφυστερή-

114 2267 180 2294 κει
211 2259 301 2301 τοϊς
325 2259 492 2306 καιροῖς
519 2252 591 2292 διὰ
618 2253 665 2294 τὸ
693 2252 1124 2303 ἐπιδιπλασιάζεσθαι
1151 2253 1230 2306 τὴν
1264 2253 1453 2306 δύναμιν

112 2322 272 2376 αὐτῶν,
310 2324 472 2377 χρόνον
513 2321 602 2363 ἐκεῖ
636 2330 820 2364 ποιεῖται
858 2328 907 2378 τῇ
942 2323 1175 2378 εἰσπράξει,
1216 2325 1360 2379 τρόπω
1393 2326 1452 2378 τῷ

1172 2385 1241 2417 14*
