1732 2526
547 90 986 123 ENNEAKAIAEKATH
1357 89 1445 132 265

100 199 193 248 ἔτος
224 197 296 240 καὶ
328 197 547 253 τέταρτον,
585 203 661 251 τῆς
697 199 919 251 βασιλείας
952 195 991 238 δ’
1035 197 1239 253 ἕβδομον.
1301 199 1446 252 <351>

99 268 302 324 τέτταρας
344 266 425 324 μὲν
468 264 550 310 οὖν
596 265 664 309 ἐπὶ
710 269 751 308 Γ
748 270 847 310 αΐου
893 269 1116 323 Καίσαρος
1161 269 1444 323 ἐβασίλευσεν

98 339 340 394 ἐνιαυτούς,
377 345 451 393 τῆς
484 340 708 380 Φιλίππου
746 336 826 392 μὲν
865 342 1116 393 τετραρχίας
1148 342 1210 389 εἰς
1252 343 1445 394 τριετίαν

97 411 241 466 αρξας,
273 416 332 468 τῷ
364 410 552 467 τετάρτῳ
586 407 634 450 δε
665 407 737 450 καὶ
775 410 854 463 τὴν
880 407 1085 463 “Ηρώδου
1123 412 1445 465 προσειληφώς,

59 495 74 520 5
98 489 213 536 τρεῖς
245 480 283 523 δ’
323 480 543 564 ἐπιλαβὼν
576 478 646 521 ἐπὶ
683 486 759 534 τῆς
796 481 1025 522 Κλαυδίου
1063 482 1287 535 Καισαρος
1317 481 1445 524 αὐτο-

96 554 343 607 κρατορίας,
376 550 423 592 ἐν
450 545 514 600 οἷς
546 557 633 592 τῶν
659 565 703 592 τε
729 550 1061 606 προειρημένων
1089 551 1343 606 ἐβασίλευσε
1370 551 1442 594 καὶ

94 624 174 678 τὴν
194 621 415 665 Ἰουδαιαν
435 620 694 676 προσέλαβε,
722 621 977 676 Σαμάρειάν
1002 638 1047 664 τε
1068 621 1139 664 καὶ
1161 623 1443 678 Καισάρειαν.

94 694 238 748 <352>
269 692 609 747 προσωδεύσατο
644 690 683 732 δ’
722 693 788 733 ὅτι
825 695 1028 742 πλείστας
1070 692 1215 735 αὐτῶν
1247 706 1445 748 προσφο-

95 765 197 819 ράς,
241 764 468 813 διακοσίας
513 761 582 804 ἐπὶ
626 765 785 818 χιλίαις
822 763 1050 818 μυριάδας.
1113 765 1253 806 πολλὰ
1294 762 1444 818 μέντοι

42 849 74 874 10
94 835 482 891 προσεδανείσατο·
515 840 574 890 τῷ
608 834 690 888 γὰρ
723 835 973 889 φιλόδωρος
1006 831 1118 876 εἶναι
1152 833 1444 891 δαψιλέστερα

93 913 182 948 τῶν
219 907 496 961 προσιόντων
537 904 790 958 ἀνήλισκεν·
835 901 890 958 ἦν
929 901 968 946 δ’
1006 902 1184 960 ἀφειδὲς
1225 905 1362 948 αὐτοῦ
1395 907 1442 947 τὸ

93 978 341 1032 φιλότιμον.

183 1048 326 1101 <353>
347 1046 647 1100 ἀγνοουμένης
666 1061 714 1099 γε
735 1047 822 1100 μὴν
842 1053 932 1096 τοῖς
951 1048 1141 1100 πλήθεσι
1162 1052 1236 1100 τῆς
1258 1046 1444 1102 ἐκπνοῆς

92 1118 245 1172 αὐτοῦ,
289 1118 680 1172 συμφρονήσαντες
716 1115 920 1170 Ἵῑῖρώδης
956 1114 1003 1158 θ’
1047 1117 1069 1159 ὁ
1108 1123 1183 1170 τῆς
1226 1119 1443 1167 Χαλκίδος

41 1202 72 1228 15
95 1189 379 1231 δυναστεύων
409 1186 483 1229 καὶ
509 1185 681 1236 Ἑλκίας
713 1187 735 1229 ὁ
768 1188 953 1243 ἔπαρχος
984 1186 1056 1229 καὶ
1089 1190 1217 1241 φίλος
1255 1194 1333 1230 τοῦ
1366 1191 1444 1242 βα-

93 1259 250 1310 σιλέως
276 1257 516 1314 ’Λρίστωνα
549 1259 761 1312 ἔπεμψαν,
792 1265 880 1300 τῶν
918 1258 1148 1313 ὑπηρετῶν
1189 1259 1266 1301 τὸν
1299 1258 1442 1314 ε’πιτη-

93 1332 336 1385 δειότατον,
367 1328 439 1372 καὶ
472 1331 616 1371 Σίλαν
648 1327 828 1384 (ἐχθρὸς
859 1330 942 1384 γὰρ
969 1326 1024 1383 ἧν
1050 1329 1218 1384 αὐτοῖς)
1248 1329 1442 1385 ἀπέσφα-

91 1402 170 1454 ξαν
203 1402 260 1451 ὡς
292 1402 345 1456 δὴ
378 1407 457 1443 τοῦ
489 1398 703 1454 βασιλέως
734 1400 1033 1450 κελεύσαντος.

1469 1058 1490 1088 3

179 1473 325 1527 <354>
351 1470 590 1526 Ἀγρίππας
621 1468 701 1525 μὲν
743 1467 825 1512 οὖν
867 1471 890 1513 ὁ
922 1473 1129 1524 βασιλεὺς
1165 1473 1311 1526 τρόπῳ
1355 1488 1442 1514 τοι-
1462 1472 1489 1512 9

37 1559 70 1584 20
91 1544 205 1601 ούτῳ
238 1542 498 1598 κατέστρεψε
529 1543 606 1584 τὸν
633 1543 753 1595 βίον·
785 1540 902 1595 γένει
930 1540 972 1583 δ’
1003 1541 1119 1598 αὐτῷ
1141 1541 1442 1584 κατελέλειπτο

90 1616 186 1664 υίὸς
217 1611 298 1668 μὲν
325 1612 577 1667 Ἀγρίππας,
615 1613 735 1666 ἄγων
778 1614 872 1661 ἔτος
911 1610 1291 1666 ἑπτακαιδέκατον,
1328 1621 1444 1668 τρεῖς

93 1683 140 1728 δὲ
172 1683 428 1739 θυγατέρες,
461 1679 522 1724 ὧν
564 1683 590 1737 ἢ
629 1681 710 1738 μὲν
740 1681 920 1738 (Ηρώδῃ
953 1689 1030 1725 τοῦ
1069 1685 1232 1739 πατρὸς
1263 1683 1440 1741 ἀδελφῷ

91 1756 309 1812 γεγάμητο
353 1757 587 1809 Βερενίκη,
630 1756 678 1796 τὸ
723 1752 1030 1796 ἑκκαιδέκατον
1074 1756 1168 1804 ἔτος
1218 1763 1440 1809 γεγονυῖα,

91 1825 310 1882 παρθένοι
332 1823 374 1867 δ’
406 1822 519 1880 ἦσαν
546 1826 595 1866 αἱ
612 1826 709 1878 δύο,
731 1825 975 1880 Μαριάμμη
1001 1841 1046 1867 τε
1072 1824 1144 1867 καὶ
1168 1826 1440 1881 Δρούσιλλα,

39 1912 72 1938 25
93 1897 267 1953 δεκέτης
298 1894 378 1951 μὲν
409 1895 436 1949 ἡ
470 1894 608 1951 ἑτέρα,
636 1894 779 1950 ἑξέτης
806 1893 853 1937 δὲ
879 1896 1154 1951 Δρούσιλλα·
1191 1896 1335 1950 <355>
1367 1912 1441 1938 κα-

89 1970 409 2024 θωμολόγηντο
443 1965 484 2008 δ’
522 1967 605 2008 ὑπὸ
638 1973 716 2008 τοῦ
748 1968 910 2022 πατρὸς
947 1968 1055 2021 πρὸς
1092 1967 1235 2022 γάμον
1268 1966 1440 2025 Ἰουλίῳ

90 2055 170 2095 μεν
185 2037 402 2096 Ἀρχελάῳ
435 2043 514 2080 τοῦ
536 2040 724 2080 Χελκίου
755 2036 879 2079 παιδὶ
899 2037 1162 2093 Μαριάμμη,
1184 2038 1440 2091 Δρούσιλλα

91 2109 133 2153 δ’
165 2108 414 2165 Ἐπιφάνει·
447 2116 525 2151 τοῦ
566 2106 614 2150 ὁε
657 2124 732 2162 της
769 2110 1066 2163 Κομμαγηνῆς
1105 2107 1318 2163 βασιλέως
1344 2107 1439 2149 Ἀν-

88 2183 238 2236 τιόχου
270 2181 367 2230 υίὸς
399 2178 453 2234 ἧν
486 2176 625 2229 οὗτος.
688 2180 831 2233 <356>
863 2178 974 2221 ἀλλα
1005 2195 1088 2234 γαρ
1128 2177 1192 2221 ὅτ’
1232 2179 1436 2232 ἐγνώσθη

33 2266 69 2292 30
89 2253 166 2295 τὸν
197 2254 297 2306 βίον
331 2250 518 2293 ἐκλιπὼν
535 2248 786 2304 Ἀγρίππας,
807 2251 1042 2304 Καισαρεῖς
1067 2249 1138 2292 καὶ
1160 2247 1436 2304 Σεβαστηνοὶ

185 2337 204 2376 ξ
231 2336 299 2367 354
326 2331 370 2367 cf.
398 2330 490 2366 Bell.
518 2330 594 2365 Iud.
622 2331 655 2364 Π
682 2335 736 2373 11,
765 2335 796 2365 6.

1700 1016 1703 1047 ἴ

1700 1070 1703 1085 ι

1699 1210 1703 1234 ὃ

1700 1240 1703 1271 3

1700 1283 1703 1311 ξ

1700 1313 1703 1332 Ι
1708 1327 1709 1330 ,

1700 1333 1703 1349 ι
