1732 2526
249 80 332 121 116
742 80 1105 114 APXAIOAO‘FIAZ

246 188 392 242 (249)
426 187 479 229 οὐ
511 185 662 242 μέντοι
693 185 733 241 γ’
771 186 1012 241 ἐκεκύρωτο
1046 186 1201 242 οὐδέν,
1233 187 1291 237 ὡς
1322 186 1378 229 ἂν
1410 186 1603 246 ἐχεγγύῳ

245 259 565 313 παραδείγματι
614 259 843 314 χρώμενον
889 257 957 300 ἐπ’
1009 258 1158 308 ἀδείας
1197 256 1434 314 Ἀρχέλαον
1477 255 1604 301 εἶναι.

247 329 320 372 καὶ
353 330 595 380 διαλύσεως
625 337 714 371 τῶν
747 328 926 385 ἀνδρῶν
968 327 1207 384 γενομένης
1239 327 1598 371 ἐσκοπεῖτο·καθ’

249 401 386 443 αὑτὸν
418 404 502 442 εἴτε
530 398 746 458 Ἀρχελάῳ
778 401 858 455 τὴν
895 402 1124 455 βασιλείαν
1163 398 1477 456 ἐπικυρωτέον,
1519 404 1604 443 εἴτε

248 472 392 526 νομὴν
424 471 559 525 αὐτῆς
596 475 822 512 ποιεῖσθαι
859 469 989 513 παντὶ
1026 477 1086 528 τῷ
1113 469 1320 527 “Ηρώδου
1357 469 1496 526 γένει,
1532 469 1605 513 καὶ
1642 483 1658 509 5

250 549 385 585 ταῦτα
416 542 595 584 πάντων
627 545 791 596 πολλῆς
824 541 1075 598 ἐπικουρίας
1108 540 1342 596 δεομένων.

182 612 236 654 10
340 613 484 667 <250>
520 614 736 668 πρότερον
775 608 816 654 δ’
851 611 877 666 ἢ
916 613 1112 668 κύρωσίν
1148 628 1247 654 τινα
1285 613 1454 655 τούτων
1485 612 1606 666 γενέ-

252 689 381 739 σθαι,
422 683 648 737 Μαλθάκη
680 681 727 724 θ’
765 683 791 737 ἡ
820 680 1056 739 Ἀρχελάου
1089 684 1229 738 μήτηρ
1263 686 1380 742 νόσῳ
1412 687 1607 740 τελευτᾷ,

250 754 322 797 καὶ
366 755 483 810 παρὰ
523 752 675 809 ’ὅάρου
720 760 800 796 τοῦ
842 760 917 808 τῆς
961 757 1130 809 Συρίας
1174 761 1420 810 στρατηγοῦ
1463 760 1607 810 παρῆν

252 826 483 881 γράμματα
508 825 588 879 τὴν
605 823 835 867 Ἰουδαίων
856 824 1098 867 ἀπόστασιν
1118 826 1432 880 διασαφοῦντα.
1463 824 1608 880 <251>
1628 838 1660 862 10

252 903 331 939 τοῦ
369 897 453 951 γὰρ
489 893 727 951 Ἀρχελάου
764 896 871 950 μετὰ
911 897 988 938 τὸν
1031 897 1221 938 ἔκπλουν
1259 895 1521 951 ἐθορυβήθη
1558 896 1607 938 τὸ

252 973 341 1009 πᾶν
374 968 522 1021 ἔθνος,
553 965 625 1009 καὶ
653 964 799 1022 ’ὅᾶρος
824 966 969 1020 αὐτός,
1002 965 1094 1008 ἐπεὶ
1119 972 1279 1023 παρῆν,
1310 968 1413 1016 τοὺς
1444 968 1610 1016 αἰτίους

252 1044 328 1092 τῆς
368 1039 581 1091 κινήσεως
620 1040 808 1094 τιμωρία
849 1038 1120 1093 περιβαλών,
1163 1036 1236 1079 καὶ
1279 1044 1359 1080 τοῦ
1401 1040 1608 1080 πλείστου

254 1115 329 1163 τῆς
361 1108 552 1158 στάσεως
584 1108 807 1164 ἐπίσχεσιν
838 1108 1133 1163 ποιησάμενος
1160 1111 1326 1163 πολλῆς
1357 1106 1623 1163 γενομένης,

255 1179 319 1221 ἐπ’
352 1177 616 1235 Ἀντιοχείας
647 1181 727 1234 τὴν
759 1179 981 1233 ἀναζυγὴν
1019 1178 1230 1233 ἐποιεῖτο,
1267 1179 1409 1234 τάγμα
1447 1180 1495 1221 ἓν
1533 1185 1610 1234 τῆς
1629 1190 1662 1216 15

255 1256 458 1305 στρατιᾶς
500 1249 547 1292 ἐν
579 1248 903 1305 Ἱεροσολύμοις
943 1252 1221 1305 λειπόμενος,
1265 1251 1346 1305 τὴν
1379 1248 1609 1292 Ἰουδαίων

254 1323 595 1376 νεωτεροποιίαν
629 1321 1001 1376 ἐπιστομιοῦντας.
1057 1321 1200 1375 <252>
1235 1321 1288 1363 οὐ
1321 1321 1407 1375 μὴν
1440 1320 1609 1375 ἐπεραί-

255 1394 354 1434 νετό
398 1388 441 1446 γ’
491 1389 624 1434 οὐδὲν
668 1391 737 1433 ἐπὶ
780 1392 925 1447 παύλῃ
968 1397 1047 1434 τοῦ
1091 1393 1149 1446 μὴ
1195 1391 1248 1434 οὐ
1299 1391 1611 1440 στασιάσοντος

257 1462 415 1504 αὐτῶν.
478 1463 501 1504 ὅ
539 1478 585 1504 τε
622 1463 705 1518 γὰρ
739 1460 885 1516 ’ὃᾶρος
922 1461 1071 1518 ἀπῄει,
1112 1461 1184 1504 καὶ
1222 1464 1419 1517 Σαβῖνος
1459 1461 1482 1503 ὁ
1521 1461 1611 1504 ἐπί-

255 1547 415 1588 τροπος
446 1538 526 1574 τοῦ
560 1535 782 1588 Καίσαρος
813 1532 1052 1587 ὑπομείνας
1089 1532 1249 1575 αὐτόθι
1281 1533 1479 1587 μεγάλως
1509 1535 1612 1583 τοὺς
1632 1545 1665 1570 20

257 1604 497 1653 στασιώτας
539 1605 789 1657 κατεπόνει,
836 1609 1016 1660 στρατιᾷ
1059 1618 1105 1645 τε
1148 1609 1199 1659 τῇ
1240 1602 1612 1660 καταλελειμμένῃ

255 1675 476 1717 πιστεύων
520 1675 578 1724 ὡς
621 1673 694 1716 καὶ
737 1673 982 1729 περιέσοιτο
1027 1674 1174 1716 αὐτῶν
1217 1673 1288 1716 καὶ
1332 1680 1392 1732 τῷ
1436 1676 1610 1729 πλήθει.

258 1746 404 1800 <253>
429 1747 621 1795 πολλοὺς
647 1746 729 1799 γὰρ
757 1744 938 1795 ὁπλίσας
965 1745 1244 1800 δορυφόρους
1266 1744 1422 1801 ἐχρῆτο
1449 1745 1613 1800 αὐτοῖς,

258 1815 445 1869 ἐπείγων
482 1817 586 1865 τοὺς
612 1813 858 1865 Ἰουδαίους
894 1814 966 1857 καὶ
1005 1815 1278 1872 ἐκταράττων
1316 1813 1382 1858 ἐπ’
1425 1816 1611 1859 ἀποστά-

259 1897 341 1927 σει·
393 1886 468 1936 τάς
505 1902 550 1928 τε
589 1887 672 1942 γὰρ
711 1887 846 1942 ἄκρας
883 1885 1074 1941 ἐβιάζετο
1114 1887 1495 1943 παραλαμβάνειν,
1539 1886 1611 1929 καὶ
1632 1899 1664 1925 25

257 1963 346 1998 τῶν
384 1959 626 2011 βασιλικῶν
664 1957 897 2012 χρημάτων
943 1956 1011 1999 ἐπ’
1054 1957 1211 2014 ἐρεύνῃ
1247 1958 1491 2014 προθύμως
1528 1958 1611 2013 ὥρ-

260 2043 368 2082 μητο
403 2030 513 2084 [βία]
550 2028 624 2069 διὰ
655 2027 788 2083 κέρδη
821 2027 893 2070 καὶ
924 2028 1191 2079 πλεονεξιῶν
1222 2027 1469 2083 ἐπιθυμίας.

213 2109 232 2140 2
350 2097 492 2152 (254)
519 2097 728 2152 ἐνστάσης
755 2096 803 2140 δὲ
828 2105 903 2153 τῆς
927 2106 1221 2155 πεντηκοστῆς
1246 2097 1393 2156 (ἑορτὴ
1421 2098 1459 2141 δ’
1488 2100 1612 2155 ἡμῶν

260 2166 350 2210 ἐστὶ
390 2168 572 2224 πάτριος
611 2176 741 2212 τοῦτο
782 2168 1046 2226 κεκλημένη)
1089 2171 1186 2213 οὔτι
1225 2171 1333 2212 κατὰ
1377 2172 1457 2225 τὴν
1499 2175 1611 2226 θρη-

259 2241 409 2282 σκείαν
441 2241 580 2294 μόνον
605 2247 824 2297 παρῆσαν,
855 2240 949 2284 ἀλλ’
981 2242 1089 2298 ὀργῇ
1119 2241 1328 2299 φέροντες
1353 2243 1434 2296 τὴν
1458 2255 1610 2298 παροι-
1629 2254 1663 2280 30

354 2324 373 2362 ξ
400 2323 469 2354 254
495 2319 539 2356 cf.
567 2320 658 2357 Bell.
686 2322 764 2358 Iud.
791 2322 826 2356 H
851 2325 882 2367 3,
913 2326 943 2357 1.
