1732 2526
244 87 264 127 1
275 85 327 126 12
734 82 1097 117 APXAIOAOPIAE

241 194 334 242 ἔτος
366 191 540 247 ἐφοίτα,
578 189 651 233 καὶ
683 189 747 233 ὅσ’
780 189 981 239 Ἀντίπας
1013 188 1076 231 ἐπ’
1115 189 1330 231 οἰκειώσει
1362 193 1438 242 τῆς
1470 190 1592 242 βασι-

241 264 358 313 λείας
409 261 649 318 ἐπεπόμφει
698 261 949 317 γράμματα,
1001 265 1193 314 συνῆγεν
1246 257 1316 301 ἐπὶ
1359 264 1596 314 παροκωχῇ

240 341 429 389 γνωμῶν
460 335 562 383 τοὺς
593 334 764 388 φίλους,
797 334 880 374 σὺν
912 325 978 380 οἷς
1007 328 1080 372 καὶ
1107 330 1244 372 Γάιον
1275 330 1354 372 τὸν
1381 327 1594 384 Ἀγρίππα

242 402 322 459 μὲν
360 403 434 446 καὶ
465 403 652 453 Ἰουλίας
694 410 770 458 τῆς
810 403 947 444 αὐτοῦ
984 402 1208 455 θυγατρὸς
1244 400 1368 455 υἱόν,
1410 402 1595 455 ποιητὸν

242 473 281 516 δ’
318 475 434 532 αὐτῷ
468 476 681 529 γεγονότα
712 475 888 529 πρῶτόν
919 488 964 514 τε
996 472 1331 526 καθεδούμενον
1362 469 1595 526 παρέλαβε,

241 544 314 587 καὶ
345 546 514 588 κελεύει
547 543 690 599 λέγειν
722 551 813 593 τοῖς
844 541 1134 598 βουλομένοις
1164 540 1264 598 περὶ
1301 548 1389 584 τῶν
1422 541 1596 596 ἐνεστη-

241 618 392 659 κότων.
466 616 623 671 <230>
668 613 739 657 καὶ
783 622 953 670 πρῶτος
997 615 1020 657 ὁ
1064 614 1284 668 Σαλώμης
1325 613 1423 662 υίὸς
1461 609 1597 655 Ἀντί-

241 702 424 742 πατρος,
474 688 722 736 δεινότατός
774 682 811 727 τ’
861 686 922 727 ὢν
971 686 1111 727 εἰπεῖν
1160 683 1232 726 καὶ
1283 690 1342 741 τῷ
1381 682 1596 740 Ἀρχελάῳ

243 757 575 811 ἐναντιώτατος,
615 759 763 810 ἔλεγεν
797 754 1014 813 Ἀρχελάῳ
1051 755 1234 797 παιδιὰν
1270 756 1348 797 τὸν
1385 753 1486 809 περὶ
1523 760 1598 808 τῆς

243 827 378 883 ἀρχῆς
408 825 522 869 εἶναι
555 829 704 882 λόγον,
737 829 849 885 ἔργῳ
881 827 962 881 τὴν
996 827 1188 881 δύναμιν
1219 825 1351 879 αὐτῆς
1381 827 1597 880 πρότερον

243 899 267 953 ἢ
302 900 505 954 Καίσαρα
538 903 818 953 συγχωρῆσαι
850 898 1159 952 παρειληφότι,
1198 895 1416 938 ἐπικαλῶν
1447 897 1499 938 τὰ
1531 911 1597 938 τε-

243 967 494 1023 τολμημένα
520 967 589 1010 ἐπὶ
615 975 706 1018 τοῖς
732 967 981 1010 ἀπολωλόσι
1007 967 1115 1009 κατὰ
1141 967 1221 1020 τὴν
1248 965 1420 1022 ἑορτήν,
1451 967 1596 1021 <231>

245 1036 307 1082 ὧν
339 1038 410 1081 καὶ
438 1038 713 1081 ἀδικούντων
738 1042 880 1088 καλῶς
906 1040 1031 1094 ἔσχεν
1063 1039 1143 1092 τὴν
1169 1039 1383 1093 τιμωρίαν
1409 1039 1471 1087 εἰς
1495 1039 1599 1087 τοὺς

1619 835 1650 860 10

246 1110 421 1166 ἐξουσία
462 1114 655 1164 χρῆσθαι
701 1108 977 1164 δυναμένους
1021 1108 1312 1164 ἀνακειμένην
1353 1105 1486 1163 εἶναι,
1526 1107 1624 1150 καὶγ

244 1183 302 1236 μὴ
334 1177 408 1223 ὑπ’
446 1179 608 1235 ἀνδρὸς
639 1185 912 1235 πεπρᾶχθαι,
944 1181 986 1222 εἰ
1015 1178 1094 1234 μὲν
1126 1178 1360 1235 βασιλέως,
1394 1179 1598 1222 ἀδικοῦν-

244 1268 317 1301 τος
355 1252 403 1293 τὸ
436 1253 660 1303 Καίσαρος
699 1252 901 1307 διαγνοίᾳ
939 1250 1039 1306 περὶ
1077 1250 1213 1292 αὐτοῦ
1251 1252 1314 1292 ε”τι
1355 1251 1599 1306 χρώμενον,

246 1324 287 1364 εἰ
319 1320 357 1364 δ’
397 1322 599 1376 ἰδιώτου,
636 1323 749 1364 πολὺ
788 1323 998 1377 χειρόνως
1036 1322 1110 1363 διὰ
1146 1323 1194 1364 τὸ
1233 1322 1446 1376 μηδεμιᾶς
1476 1324 1600 1376 βασι-

246 1394 364 1443 λείας
396 1391 745 1450 ἀντιποιουμένῳ
778 1396 920 1442 καλῶς
952 1393 1007 1434 ἄν
1038 1409 1079 1434 τι
1112 1396 1492 1447 συγκεχωρῆσθαι,
1527 1393 1600 1434 διὰ

245 1465 293 1506 τὸ
345 1465 549 1518 Καίσαρα
599 1470 673 1518 τῆς
723 1461 790 1505 ἐπ’
848 1463 997 1512 αὐτοῖς
1047 1462 1245 1513 ἐξουσίας
1300 1462 1599 1518 ἀφαιρεῖσθαι.

247 1535 403 1588 <232>
447 1536 695 1588 καθήπτετό
736 1533 771 1576 τ’
822 1534 958 1577 αὐτοῦ
1002 1534 1232 1589 ἡγεμόνων
1275 1541 1409 1576 τινῶν
1452 1533 1499 1576 ἐν
1542 1540 1600 1591 τῷ

248 1611 541 1661 στρατιωτικῷ
593 1604 873 1659 μεταστάσεις
923 1604 1164 1659 ἐπικαλῶν,
1213 1602 1285 1646 καὶ
1331 1604 1601 1660 προκάθισιν

247 1674 317 1717 ἐπὶ
357 1678 531 1730 θρόνου
571 1677 818 1730 βασιλείου,
861 1674 932 1717 καὶ
976 1677 1112 1717 δικῶν
1153 1676 1376 1725 διαλύσεις
1418 1675 1475 1725 ὡς
1514 1676 1600 1718 ὑπὸ

247 1745 462 1800 βασιλέως
510 1745 772 1801 γενομένας,
829 1747 1111 1795 κατανεύσεις
1159 1742 1198 1788 τ’
1247 1747 1461 1800 αἰτήσεων
1511 1753 1602 1796 τοϊς

249 1817 440 1873 δημοσία
471 1816 770 1872 αἰτουμένοις,
811 1815 883 1859 καὶ
920 1817 1097 1859 πάντων
1130 1816 1384 1872 διάπραξιν,
1426 1813 1488 1858 ὧν
1527 1817 1601 1859 οὐ-

249 1884 324 1928 δὲν
374 1886 429 1928 ἄν
479 1889 687 1941 μειζόνως
738 1887 966 1941 ἐπινοῆσαι
1018 1885 1349 1941 καθεσταμένον
1391 1886 1478 1928 ὑπὸ
1522 1893 1601 1929 τοῦ

248 1959 471 2012 Καίσαρος
515 1959 576 2007 εἰς
619 1959 698 2012 τὴν
744 1957 895 2013 ἀρχήν.
957 1958 1113 2012 <233>
1158 1957 1351 1999 ἀνετίθει
1397 1953 1437 1999 δ’
1481 1957 1598 2015 αὐτῷ

247 2026 318 2069 καὶ
360 2035 448 2069 τῶν
491 2027 537 2069 ἐκ
578 2035 657 2070 τοῦ
703 2029 980 2083 ἱπποδρόμου
1022 2030 1258 2083 δεσμωτῶν
1302 2029 1382 2082 τὴν
1426 2029 1600 2083 ἄφεσιν,

248 2097 320 2140 καὶ
357 2099 496 2140 πολλὰ
536 2100 586 2140 τὰ
628 2099 707 2154 μὲν
749 2102 982 2155 γεγονότα,
1022 2100 1074 2141 τὰ
1114 2097 1162 2141 δὲ
1202 2097 1274 2141 καὶ
1314 2100 1600 2141 πιστεύεσθαι

249 2169 474 2223 δυνάμενα
506 2170 579 2210 διὰ
605 2171 653 2211 τὸ
686 2171 824 2225 φύσιν
863 2172 979 2225 ἐχειν
1016 2172 1250 2224 γίγνεσθαι
1287 2169 1373 2212 ὑπό
1410 2186 1456 2212 τε
1493 2186 1600 2212 νεω-

1619 1188 1652 1214 15
1709 1198 1717 1224 7

1621 1545 1654 1570 20

1621 1898 1654 1923 25

248 2238 387 2292 τέρων
419 2238 491 2281 καὶ
523 2243 750 2297 φιλοτιμία
781 2248 859 2284 τοῦ
892 2242 1043 2297 ἄρχειν
1075 2243 1481 2297 προλαμβανόντων
1519 2241 1599 2295 τὴν
1619 2251 1652 2277 30
1708 2258 1710 2263 ·

344 2324 362 2361 ξ
389 2323 457 2355 230
483 2319 527 2355 cf.
555 2320 647 2356 Bell.
676 2322 753 2356 Iud.
780 2322 814 2356 Π
841 2326 871 2367 ΞΖ,
901 2328 930 2358 5.
