1732 2526
226 66 313 106 304
719 64 1101 98 APXAIOAOPIAE'

225 189 337 228 ματα
370 173 606 227 λαμβάνων
640 173 769 222 αὐτὸς
805 171 978 213 ἀπέλυε.
1039 171 1110 213 καὶ
1149 172 1288 221 οὕτως
1319 172 1344 225 ἡ
1377 169 1458 226 μὲν
1489 188 1573 226 φυ-

225 244 332 297 λακὴ
378 251 466 284 τῶν
513 244 747 297 δεσμωτῶν
798 242 1016 296 ἐκενώθη,
1066 243 1092 296 ἡ
1143 243 1263 297 χώρα
1308 240 1355 284 δὲ
1400 245 1572 297 λῃστῶν
1627 292 1632 296 η

225 313 472 368 ἐπληρώθη.

313 384 468 438 <216>
519 392 606 424 τῶν
657 382 704 425 (δὲ
749 387 947 425 Λευιτῶν
999 382 1138 439 (φυλὴ
1190 382 1228 424 δ’
1280 382 1399 425 ἐστὶν
1444 381 1572 439 αὕτη)

225 455 403 506 ὅσοιπερ
443 453 554 508 ἦσαν
594 455 811 509 ὑμνῳὸοί,
851 458 1056 496 πείθουσι
1095 456 1171 496 τὸν
1203 453 1406 508 βασιλέα,
1435 455 1574 495 -καθί-

225 539 360 566 σαντα
393 525 644 578 συνέδριον,
676 533 831 578 φορεῖν
864 526 1012 574 αὐτοῖς
1045 525 1109 566 ἐπ’
1143 529 1238 579 ἴσης
1263 532 1355 574 τοῖς
1382 525 1573 580 ἱερεῦσιν

225 595 449 646 ἐπιτρέψαι
483 598 610 648 λινῆν
643 597 820 648 στολήν·
866 594 1048 649 πρέπειν
1086 595 1167 649 γὰρ
1210 594 1346 637 αὐτοῦ
1378 602 1469 644 τοῖς
1499 601 1575 649 τῆς

225 666 358 721 ἀρχῆς
389 668 564 720 χρόνοις
597 667 806 718 ἔφασκον,
838 662 912 719 ἀφ’
945 661 1006 705 ὧν
1039 667 1450 719 μνημονευθήσεται
1481 681 1573 706 και-

224 738 435 778 νοποιεῖν.
499 736 644 789 <217>
682 733 753 776 καὶ
791 741 866 788 τῆς
904 734 1121 785 ἀξιώσεως
1158 736 1211 777 οὐ
1245 737 1504 790 διήμαρτον·
1549 735 1572 777 ὁ

223 807 306 860 γὰρ
339 808 545 860 βασιλεὺς
577 806 681 859 μετὰ
713 807 889 860 γνώμης
919 813 1007 847 τῶν
1032 807 1094 855 εἰς
1119 808 1166 848 τὸ
1194 805 1430 858 συνέδριον
1457 805 1573 848 ε’ποι-

223 876 422 931 χομένων
462 877 737 931 συνεχώρησε
776 884 866 926 τοῖς
896 877 1119 933 ὑμνῳδοῖς
1157 865 1462 930 ἀποθεμένους
1492 877 1572 929 τὴν

222 946 439 1003 προτέραν
473 946 638 1000 ἐσθῆτα
670 954 827 1000 φορεῖν
860 951 989 1000 λινῆν
1016 948 1114 989 οἵαν
1140 946 1378 1001 ἠθέλησαν.
1427 947 1573 1001 (218)

224 1016 384 1071 μέρους
428 1016 480 1059 δέ
519 1033 638 1066 τινος
677 1023 752 1071 τῆς
792 1020 936 1071 φυλῆς
977 1021 1338 1071 λειτουργοῦντος
1378 1018 1485 1058 κατὰ
1524 1018 1583 1059 τὸ.

226 1088 361 1142 ἱερόν,
393 1087 464 1129 καὶ
497 1089 668 1136 τούτοις
702 1087 908 1142 ἐπέτρεψε
940 1089 1042 1136 τοὺς
1072 1088 1239 1142 ὕμνους
1273 1087 1484 1142 ἐκμαθεῖν
1516 1087 1574 1136 ὡς

222 1158 513 1213 παρεκάλουν.
585 1158 726 1199 πάντα
772 1157 812 1199 δ’
862 1155 918 1212 ἦν
964 1158 1140 1200 ἐναντία
1183 1165 1317 1200 ταῦτα
1360 1166 1451 1207 τοῖς
1493 1172 1573 1199 πα-

223 1231 381 1282 τρίοις,
433 1225 494 1270 ὧν
538 1227 887 1282 παραβαθέντων
932 1229 1012 1271 οὐκ
1057 1228 1159 1282 ἐνῆν
1204 1229 1260 1283 μὴ
1308 1227 1405 1283 οὐχὶ
1450 1229 1574 1278 δίκας

221 1299 443 1354 ὑποσχεῖν.

313 1371 456 1423 <219>
496 1371 579 1424 ἤδη
614 1367 661 1411 δὲ
693 1372 787 1411 τότε
820 1369 891 1411 καὶ
924 1372 971 1412 τὸ
1007 1371 1126 1424 ἱερὸν
1160 1368 1414 1412 ἐτετέλεστο.
1476 1368 1572 1423 βλέ-

223 1455 318 1481 πων
363 1437 445 1481 οὖν
491 1440 512 1482 ὁ
559 1441 695 1494 δῆμος
739 1441 1012 1495 ἀργήσαντας
1056 1443 1157 1490 τοὺς
1199 1443 1412 1495 τεχνίτας,
1462 1437 1572 1492 ὑπὲρ

224 1513 409 1565 μυρίους
450 1509 523 1551 καὶ
568 1511 915 1565 ὀκτακισχιλίους
959 1513 1109 1564 ὄντας,
1157 1510 1229 1552 καὶ
1274 1513 1573 1565 μισθοφορίας

225 1581 387 1630 ἐνδεεῖς
421 1580 658 1636 ἐσομένους
691 1583 763 1622 διὰ
795 1583 842 1623 τὸ
875 1582 956 1634 τὴν
986 1582 1157 1636 τροφὴν
1196 1581 1243 1623 ἐκ
1281 1587 1354 1635 τῆς
1385 1581 1492 1623 κατὰ
1523 1583 1572 1623 τὸ

227 1653 345 1705 ἱερὸν
391 1651 595 1706 ἐργασίας
637 1654 915 1706 πορίζεσθαι,
960 1653 1105 1705 <220>
1146 1650 1218 1693 καὶ
1258 1653 1454 1706 χρήματα
1492 1649 1572 1706 μὲν

224 1721 419 1763 ἀπόθετα
465 1723 536 1763 διὰ
580 1723 657 1764 τὸν
703 1721 748 1763 ἐκ
791 1730 878 1763 τῶν
910 1721 1132 1776 Ῥωμαίων
1176 1724 1320 1777 φόβον
1363 1724 1478 1777 ἔχειν
1519 1722 1572 1764 οὐ

222 1791 390 1843 θέλων,
433 1793 761 1847 προνοούμενος
803 1790 850 1834 δὲ
891 1800 978 1834 τῶν
1015 1800 1224 1847 τεχνιτῶν
1265 1791 1338 1834 καὶ
1375 1795 1437 1842 εἰς
1473 1794 1572 1834 τού-

223 1878 326 1911 τους
370 1862 565 1904 ἀναλοῦν
607 1865 709 1912 τοὺς
749 1865 1005 1917 θησαυροὺς
1045 1865 1316 1917 βουλόμενος
1357 1862 1446 1918 (καὶ
1487 1863 1569 1919 γὰρ

223 1934 264 1973 εἰ
299 1935 403 1986 μίαν
440 1949 504 1982 τις
542 1934 662 1986 ὥραν
700 1940 774 1987 τῆς
810 1933 972 1987 ἡμέρας
1005 1934 1256 1989 εἰργάσατο,
1296 1935 1374 1976 τὸν
1405 1935 1570 1987 μισθὸν

223 2000 332 2056 ὑπὲρ
365 2004 521 2056 ταύτης
553 2003 719 2052 εὐθέως
751 2002 1036 2060 ἐλάμβανεν),
1069 2006 1250 2046 ἔπειθον
1282 2005 1358 2046 τὸν
1389 2003 1571 2058 βασιλέα

224 2074 302 2126 τὴν
335 2073 598 2127 ἀνατολικὴν
632 2075 765 2116 στοάν
798 2074 1030 2129 ἀνεγεῖραι.
1084 2075 1229 2129 <221>
1260 2071 1316 2127 ἧν
1343 2072 1381 2114 δ’
1411 2073 1437 2126 ἡ
1464 2075 1570 2116 στοὰ

222 2150 302 2185 τοῦ
334 2141 413 2197 μὲν
446 2143 611 2193 ἔξωθεν
645 2145 779 2198 ἱεροῦ,
812 2144 986 2198 κειμένη
1021 2143 1059 2186 δ’
1094 2144 1141 2186 ἐν
1167 2144 1570 2200 φάραγγιῧβαθείᾳ,

1594 821 1681 851 10,

1594 1172 1627 1197 15

1591 1524 1625 1550 20

1592 1876 1624 1901 25

223 2217 512 2267 τετρακοσίων
535 2216 726 2270 ,πήχεων
765 2216 867 2263 τοὺς
907 2217 1081 2269 τοίχους
1112 2216 1289 2268 ἔχουσα,
1335 2213 1381 2255 ἐκ
1424 2217 1568 2256 λίθων
1587 2228 1623 2252 30

225 2282 272 2325 δὲ
303 2285 588 2339 τετραγώνων
620 2285 933 2326 κατεσκεύαστο
959 2284 1031 2326 καὶ
1058 2288 1226 2326 λευκῶν
1251 2284 1368 2325 πάνυ
1396 2286 1462 2338 (τὸ
1488 2283 1568 2339 μὲν

1715 2241 1730 2267 ³0
