1732 2526
190 766 233 796 63

261 79 346 120 368
819 79 1048 113 ΙΩΣΗΠΟΤ

261 194 442 241 σημεῖον
468 187 606 236 εὐθὺς
630 189 921 240 καταβαίνειν.
966 188 1096 237 αὐτὸς
1117 184 1165 228 δὲ
1190 193 1264 240 τῆς
1289 188 1435 242 κώμης
1453 191 1609 242 προελ-

259 259 357 299 θὼν
397 257 443 299 ἐν
481 258 687 314 προύπτῳ
726 261 985 313 καθεζόμην.
1049 258 1205 312 <323>
1237 259 1283 300 οἱ
1311 255 1359 299 δὲ
1397 260 1610 312 Τιβεριεῖς

261 328 448 381 ὁρῶντες
480 327 702 383 ἐξέτρεχον
735 337 927 384 συνεχῶς
964 327 1035 370 καὶ
1073 329 1214 370 πολλὰ
1246 330 1608 383 κατεκερτόμουν·

261 399 447 451 τοσαύτη
487 405 597 452 γοῦν
636 398 865 454 ἀφροσύνη
904 398 1110 455 κατέσχεν
1152 399 1312 448 αὐτοὺς
1343 399 1453 441 ὥστε
1484 401 1609 453 ποιή-

262 480 415 518 σαντες
459 469 642 523 εὐτρεπῆ
686 472 842 524 κλίνην
886 471 1165 523 προύθεσαν,
1216 468 1287 511 καὶ
1330 468 1429 524 περὶ
1472 471 1610 523 αὐτὴν

262 540 484 594 ῐστάμενοι
512 541 740 593 ὠδύροντό
766 557 816 595 με
845 541 950 595 μετὰ
976 542 1152 590 παιδιᾶς
1176 539 1248 582 καὶ
1274 539 1472 594 γέλωτος.
1524 541 1610 582 διε-

260 609 447 664 τιθέμην
488 609 525 651 δ’
564 610 646 664 ἐγὼ
686 612 765 664 τὴν
802 611 948 665 ψυχὴν
986 610 1126 665 ἡδέως
1162 612 1242 665 τὴν
1275 611 1432 653 ἄνοιαν
1464 611 1610 653 αὐτῶν

262 680 518 735 ἐπιβλέπων.

350 751 494 804 <324>
531 753 803 805 βουλόμενος
838 749 885 793 δὲ
923 749 983 793 δι’
1024 751 1202 807 ἐνέδρας
1238 755 1388 806 λαβεῖν
1423 754 1499 794 τὸν
1531 755 1609 794 Σί-

262 837 384 874 μωνα
435 820 506 862 καὶ
557 824 640 863 σὺν
692 822 807 879 αὐτῷ
858 825 935 864 τὸν
983 821 1232 877 Ἰωάζαρον,
1282 822 1453 877 πέμψας
1501 826 1610 878 πρὸς

262 891 421 941 αὐτοὺς
465 893 741 946 παρεκάλουν
787 893 937 946 ὀλίγον
981 900 1055 947 τῆς
1098 896 1265 943 πόλεως
1309 895 1460 948 πόρρω
1505 894 1610 948 μετὰ

262 965 405 1016 φίλων
438 967 614 1004 πολλῶν
647 979 690 1004 τε
723 971 810 1004 τῶν
837 964 1244 1018 παραφυλαξόντων
1270 963 1430 1014 αὐτοὺς
1461 963 1610 1006 ἐλθεῖν

263 1033 320 1082 ὡς
347 1032 436 1086 ἐμέ·
481 1035 723 1087 βούλεσθαι
752 1034 833 1087 γὰρ
861 1037 972 1088 ἔφην
998 1034 1187 1088 καταβὰς
1213 1036 1477 1076 σπείσασθαι
1503 1036 1613 1088 πρὸς

262 1104 423 1152 αὐτοὺς
463 1103 534 1145 καὶ
577 1105 888 1158 διανείμασθαι
930 1105 1011 1158 τὴν
1054 1107 1324 1159 προστασίαν
1364 1111 1440 1159 τῆς
1481 1107 1610 1147 Γαλι-

262 1178 397 1224 λαίας.
454 1176 599 1228 <3ἶ3ὦ>
626 1178 781 1229 Σίμων
814 1172 893 1228 μὲν
927 1172 1009 1216 οὖν
1042 1175 1115 1216 διά
1146 1173 1181 1216 τ’
1214 1176 1371 1217 ἄνοιαν
1399 1174 1471 1217 καὶ
1501 1178 1610 1231 πρὸς

263 1245 405 1286 ἐλπίδι
444 1244 626 1299 κέρδους
663 1244 902 1299 ἀπατηθεὶς
939 1246 1019 1287 οὐκ
1057 1247 1252 1300 ὤκνησεν
1290 1245 1462 1300 ἐλθεῖν,
1499 1246 1522 1288 ὁ
1561 1243 1610 1288 δὲ

259 1314 484 1369 Ἰωάζαρος
522 1314 706 1370 ἐνέδραν
744 1316 1016 1365 ὑποπτεύσας
1054 1317 1235 1369 ἔμεινεν.
1298 1315 1521 1372 ἀναβάντα
1554 1318 1608 1372 δὴ

261 1387 338 1428 τὸν
365 1389 549 1439 Σίμωνα
581 1387 686 1440 μετὰ
718 1389 862 1440 φίλων
894 1394 981 1428 τῶν
1012 1389 1442 1441 παραφυλαττόντων
1474 1387 1609 1430 αὐτὸν

261 1457 532 1506 ὑπαντιάσας
558 1458 809 1511 ἠσπαζόμην
841 1473 885 1498 τε
915 1459 1200 1512 φιλοφρόνως
1230 1456 1302 1499 καὶ
1334 1458 1462 1513 χάριν
1494 1460 1608 1513 ἔχειν

263 1528 522 1581 ὡμολόγουν
561 1527 784 1581 ἀναβάντι.
847 1528 1003 1581 <326>
1041 1526 1130 1582 μετ’
1169 1528 1221 1570 οὐ
1262 1531 1374 1570 πολὺ
1414 1527 1462 1570 δὲ
1500 1540 1609 1583 συμ-

261 1605 511 1653 περιπατῶν
545 1599 601 1647 ὡς
633 1599 740 1639 κατὰ
772 1600 908 1652 μόνας
939 1614 980 1639 τι
1011 1600 1282 1653 βουλόμενος
1319 1600 1479 1653 εἰπεῖν,
1517 1598 1608 1642 ἐπεὶ

261 1668 522 1722 πορρωτέρω
550 1675 636 1709 τῶν
663 1671 805 1721 φίλων
831 1667 1073 1722 ἀπήγαγον,
1104 1668 1238 1723 μέσον
1264 1669 1480 1724 ἀράμενος
1506 1669 1609 1723 ἀγα-

262 1747 357 1792 γεῖν
407 1741 468 1787 εἰς
517 1740 596 1792 τὴν
640 1740 790 1793 κώμην
833 1746 924 1788 τοῖς
972 1737 1062 1793 μετ’
1114 1739 1220 1793 ἐμοῦ
1264 1742 1411 1794 φίλοις
1454 1741 1608 1792 ἔδωκα,

263 1811 365 1858 τοὺς
391 1810 567 1858 ὁπλίτας
600 1806 647 1851 δὲ
679 1811 918 1863 καταβῆναι
949 1810 1154 1858 κελεύσας
1179 1809 1484 1864 προσέβαλλον
1509 1807 1602 1864 μετ’

262 1879 408 1920 αὐτῶν
434 1885 483 1933 τῇ
511 1880 745 1933 Τιβεριάδι.
796 1880 939 1932 (327)
967 1880 1104 1934 μάχης
1130 1877 1178 1920 δὲ
1204 1879 1441 1934 γενομένης
1467 1879 1607 1934 ἀμφο-

262 1949 456 2002 τέρωθεν
507 1955 733 2003 καρτερᾶς,
783 1948 854 1990 καὶ
905 1950 1010 1991 ὅσον
1061 1950 1183 1992 οὔπω
1233 1957 1321 1991 τῶν
1371 1948 1606 2005 Τιβεριέων

262 2021 487 2061 νικώντων
528 2018 844 2074 (ἐπεφεύγεσαν
885 2021 967 2074 γὰρ
1010 2021 1056 2062 οἱ
1091 2016 1194 2075 παρ’
1235 2020 1359 2074 ἡμῶν
1400 2019 1606 2074 ὁπλῖται),

261 2092 310 2132 τὸ
347 2092 610 2143 γιγνόμενον
649 2090 758 2131 ἰδὼν
797 2089 869 2131 καὶ
910 2092 1011 2139 τοὺς
1052 2087 1142 2144 μετ’
1186 2089 1376 2144 ἐμαυτοῦ
1412 2104 1605 2144 παρακα-

263 2160 390 2209 λέσας
438 2168 650 2209 νικῶντας
699 2161 781 2214 ἤδη
832 2162 934 2210 τοὺς
983 2162 1193 2214 Τιβεριεῖς
1244 2162 1304 2210 εἰς
1350 2161 1430 2214 τὴν
1474 2161 1605 2201 πόλιν

263 2231 516 2280 συνεδίωξα.
578 2229 730 2285 ἑτέραν
782 2228 829 2272 δὲ
880 2231 1070 2285 δύναμιν
1121 2232 1360 2286 εἰσπέμψας
1409 2231 1481 2272 διὰ
1531 2236 1606 2284 τῆς

358 2315 376 2353 g
403 2315 471 2346 324
498 2310 542 2346 cf.
572 2311 660 2346 ΒΘΗ.
686 2311 764 2346 lud.
793 2311 825 2345 Π
852 2315 906 2355 21,
935 2315 965 2347 ε,

1629 837 1662 861 10

1629 1188 1662 1213 15

1628 1541 1662 1566 20

1626 1893 1659 1918 25

1624 2242 1658 2268 30
