1732 2526
142 1296 187 1326 54

208 45 295 88 350
764 48 992 82 ΙΩΣΗΠΟΤ

209 171 333 210 μενοι
374 156 490 210 παρὰ
531 163 621 205 τοῖς
667 158 936 212 Τιβεριεῦσι,
978 156 1050 200 καὶ
1093 160 1283 207 πολλοὺς
1325 160 1568 208 πείσαντες

209 226 454 280 ἀποστῆναί
482 243 568 281 μου
595 227 836 282 διαφόρους
862 229 1005 283 ὄντας,
1037 229 1094 278 ὡς
1118 229 1313 282 ἤκουσαν
1337 230 1418 283 τὴν
1443 228 1552 284 ἐμὴν

209 299 476 351 παρουσιάν,
515 298 735 348 δείσαντες
765 297 863 353 περὶ
895 299 1039 340 αὑτῶν
1071 295 1178 352 ἧκον
1209 300 1318 355 πρὸς
1350 298 1426 354 ἐμέ
1433 332 1443 352 ,
1481 297 1553 341 καὶ

211 368 509 422 ἀσπασάμενοι
547 371 797 424 μακαρίζειν
835 371 985 423 ἔλεγον
1025 369 1136 411 οὕτω
1175 368 1273 425 περὶ
1311 371 1390 424 τὴν
1423 372 1553 412 Γαλι-

211 441 338 480 λαίαν
383 437 733 494 ἀναστραφέντα,
777 441 1053 494 συνήδεσθαί
1089 456 1132 482 τε
1175 441 1247 482 διὰ
1288 446 1411 495 τιμῆς
1452 439 1553 493 ἀγο-

211 509 346 566 μένῳ·
389 510 532 563 <274>
564 512 729 565 κόσμον
762 511 844 565 γὰρ
871 511 1016 553 αὑτῶν
1042 508 1154 553 εἶναι
1180 512 1259 565 τὴν
1287 510 1394 566 ἐμὴν
1422 509 1554 561 δόξαν

212 582 378 634 ε”φασαν
411 581 468 630 ὡς
500 580 555 622 ἂν
587 582 866 623 διδασκάλων
898 581 947 623 τέ
974 598 1058 636 μου
1091 581 1342 637 γενομένων
1375 579 1445 622 καὶ
1477 595 1554 622 πο-

211 653 343 692 λιτῶν
382 652 544 705 ὄντων,
587 651 861 706 δικαιοτέραν
894 668 936 693 τε
975 659 1050 706 τῆς
1078 649 1287 695 Ἰωάννου
1324 652 1405 706 τὴν
1447 651 1555 706 ἐμὴν

211 711 318 775 πρὸς
350 721 508 770 αὐτοὺς
533 724 685 776 φιλίαν
711 721 921 777 ὑπάρχειν
948 725 1114 777 ἔλεγον,
1146 723 1216 765 καὶ
1243 723 1448 765 σπεύδειν
1475 719 1555 776 μὲν

213 793 273 841 εἰς
311 793 390 846 τὴν
429 793 595 834 οἰκείαν
633 792 864 846 ἀπελθεῖν,
904 792 1153 848 περιμένειν
1192 792 1230 835 δ’
1268 793 1346 842 ἕως
1384 793 1554 846 ὑποχεί-

212 878 309 917 ριον
342 863 418 903 τὸν
440 859 649 917 Ἰωάννην
681 861 776 917 ἐμοὶ
807 863 1081 916 ποιήσουσιν.
1143 864 1286 917 <2ῖὸ>
1316 861 1389 905 καὶ
1420 869 1555 904 ταῦτα

212 930 412 985 λέγοντες
444 931 674 987 ἐπώμοσαν
712 935 813 983 τοὺς
845 934 1225 988 φρικωδεστάτους
1262 934 1419 988 ὅρκους
1449 932 1550 988 παρ’

1576 805 1609 830 10

214 1003 339 1056 ἡμῖν,
380 1001 438 1044 δι’
478 1003 555 1053 οὓς
592 1003 789 1046 ἀπιστεῖν
822 1004 874 1045 οὐ
906 1006 1091 1058 θεμιτὸν
1122 1004 1334 1059 ἡγούμην.
1395 1002 1467 1045 καὶ
1501 1005 1554 1058 δὴ
1604 1048 1608 1049 ⁷

212 1076 516 1128 παρακαλοῦσί
553 1089 603 1128 με
651 1075 731 1128 τὴν
772 1075 1011 1116 κατάλυσιν
1052 1074 1244 1130 ἀλλαχοῦ
1285 1076 1556 1128 ποιήσασθαι

214 1144 286 1185 διὰ
312 1145 359 1186 τὸ
385 1145 464 1198 τὴν
493 1143 700 1186 ἐπιοῦσαν
726 1143 892 1198 ἡμέραν
918 1142 1030 1186 εἶναι
1057 1146 1294 1199 σάββατον·
1329 1144 1555 1200 ὀχλεῖσθαι

214 1212 260 1255 δὲ
311 1215 368 1268 μὴ
421 1215 514 1256 δεῖν
565 1213 638 1255 ὑπ’
687 1214 831 1256 αὐτῶν
880 1215 959 1268 τὴν
1010 1217 1139 1256 πόλιν
1184 1222 1270 1256 τῶν
1321 1213 1556 1269 Τιβεριέων

214 1285 419 1338 ἔφασκον.
481 1284 626 1337 <276>
664 1283 782 1337 κάγὼ
821 1281 959 1338 μηδὲν
996 1284 1247 1338 ὑπονοήσας
1286 1284 1327 1334 ἐς
1365 1285 1438 1334 τὰς
1475 1287 1556 1326 Τα-

214 1356 382 1409 ριχαιάς
420 1353 644 1408 ἀπῆλθον,
681 1355 929 1396 καταλιπὼν
969 1355 1084 1409 ὅμως
1122 1354 1168 1396 ἐν
1206 1361 1255 1409 τῇ
1294 1357 1418 1396 πόλει
1456 1358 1558 1405 τοὺς

212 1427 718 1479 πολυπραγμονήσοντας
755 1427 800 1466 τί
833 1424 931 1480 περὶ
970 1425 1092 1480 ἡμῶν
1130 1424 1312 1479 λέγοιτο.
1375 1427 1447 1467 διὰ
1478 1427 1558 1468 πά-

215 1508 291 1550 σης
336 1493 382 1537 δὲ
427 1502 501 1550 τῆς
542 1494 650 1537 ὁδοῦ
691 1502 764 1549 τῆς
809 1495 891 1538 ἀπὸ
937 1498 1182 1551 Ταριχαιῶν
1224 1497 1285 1545 είς
1322 1497 1557 1551 Τιβεριάδα

213 1567 434 1621 φερούσης
465 1565 676 1620 ἐπέστησα
707 1567 911 1619 πολλούς,
943 1567 1016 1607 ἴνα
1048 1582 1121 1620 μοι
1156 1564 1212 1607 δι’
1248 1565 1451 1620 ἀλλήλων
1483 1579 1557 1622 ση-

213 1639 429 1690 μαίνωσιν
461 1637 569 1692 ἅπερ
602 1635 656 1677 ἂν
688 1637 803 1691 παρὰ
829 1644 916 1678 τῶν
943 1635 990 1678 ἐν
1016 1642 1067 1691 τῇ
1093 1638 1217 1678 πόλει
1242 1636 1557 1691 καταλειφθέν-

213 1723 300 1748 των
332 1708 573 1748 πύθωνται.
629 1708 771 1760 <2772
804 1707 910 1748 κατὰ
942 1708 1021 1761 τὴν
1049 1706 1258 1749 ε’πιοῦσαν
1285 1702 1366 1748 οὖν
1392 1706 1557 1763 ἡμέραν

215 1777 480 1831 συνάγονται
505 1777 663 1827 πάντες
687 1779 748 1827 εἰς
774 1779 852 1831 τὴν
877 1778 1141 1833 προσευχήν,
1169 1776 1374 1832 μέγιστον
1400 1782 1557 1832 οἴκημα

213 1847 284 1889 καὶ
326 1850 467 1890 πολὺν
508 1850 640 1903 ὄχλον
685 1847 967 1899 ἐπιδέξασθαι
1012 1849 1271 1902 δυνάμενον.
1341 1850 1554 1890 εἰσελθὼν

215 1917 262 1960 δὲ
296 1919 317 1960 ὁ
347 1916 556 1973 Ἰωνάθης
586 1927 786 1975 φανερῶς
817 1917 896 1973 μὲν
934 1917 1032 1972 περὶ
1064 1924 1138 1973 τῆς
1170 1918 1445 1968 ἀποστάσεως
1477 1919 1556 1961 οὐκ

215 1988 374 2042 ἐτόλμα
414 1987 578 2043 λέγειν,
622 1991 704 2044 ἔφη
747 1986 795 2030 δὲ
836 1996 1080 2043 στρατηγοῦ
1120 1992 1366 2043 κρείττονος
1405 1992 1556 2044 χρείαν

213 2060 294 2113 τὴν
332 2060 461 2100 πόλιν
502 2059 646 2100 αὐτῶν
687 2061 814 2114 ἔχειν.
876 2059 1018 2112 <278>
1052 2057 1220 2113 Ἰησοῦς
1261 2058 1301 2100 δ’
1346 2060 1368 2102 ὁ
1409 2060 1556 2114 ἄρχων

213 2126 346 2171 οὐδὲν
377 2128 744 2183 ὑποστειλάμενος
770 2129 1030 2184 ἀναφανδὸν
1055 2127 1174 2171 εἶπεν
1200 2128 1396 2183 εἄμεινόν
1423 2129 1556 2183 ἐστιν,

214 2196 246 2240 ὦ
280 2203 472 2253 πολῖται,
504 2197 728 2253 τέτταρσιν
760 2199 871 2253 ἡμᾶς
902 2199 1116 2251 ἀνδράσιν
1148 2200 1386 2241 ὑπακούειν
1417 2199 1443 2253 ἢ
1476 2198 1556 2252 ἑνί,

1576 1156 1610 1182 15

1577 1510 1612 1535 20

1576 1860 1610 1886 25

1575 2212 1610 2237 30

212 2268 283 2311 καὶ
322 2270 428 2310 κατὰ
466 2269 592 2323 γένος
629 2273 841 2324 λαμπροῖς
878 2269 950 2311 καὶ
987 2271 1093 2312 κατὰ
1132 2271 1311 2312 σύνεσιν
1343 2269 1423 2312 οὐκ
1456 2269 1556 2312 ἀδό-
1596 2266 1599 2268 ’
