1732 2526
166 2316 187 2346 4

217 84 302 125 302
711 86 1071 117 ΑΡΧΑῐοΛοΓῐΑΣ

205 190 568 246 Ἱεροσολυμιτῶν
600 193 746 243 πόλιν,
777 198 923 233 πᾶσαν
949 189 1230 244 εἰσηνέγκατο
1264 191 1463 245 σπουδὴν
1490 183 1562 233 καὶ

211 264 427 316 πρόνοιαν
458 259 567 315 ὑπὲρ
593 269 671 304 τοῦ
696 263 776 315 τὴν
803 263 950 316 χώραν
976 262 1298 316 εἰρηνεύεσθαι,
1329 263 1431 310 τοὺς
1455 263 1560 303 πολ-

214 334 317 381 λοὺς
349 339 436 374 τῶν
469 335 680 387 σικαρίων
707 327 980 386 διαφθείρας.
1032 332 1176 385 (205)
1209 332 1231 374 ὁ
1266 330 1304 372 δ’
1337 331 1565 386 ἀρχιερεὺς

208 402 409 452 Ἀνανίας
452 401 557 444 καθ’
607 401 791 457 ἑκάστην
835 402 1001 457 ἡμέραν
1046 401 1116 443 ἐπὶ
1162 401 1271 456 μέγα
1315 403 1563 456 προύκοπτε

214 474 357 527 δόξης,
389 472 461 515 καὶ
492 479 568 526 τῆς
592 475 708 528 παρὰ
734 481 821 515 τῶν
847 476 1040 515 πολιτῶν
1067 473 1241 521 εὐνοίας
1268 488 1312 514 τε
1338 471 1411 514 καὶ
1436 479 1563 528 τιμῆς

211 544 387 598 ἠξιοῦτο
420 548 637 599 λαμπρῶς.
688 542 743 598 ἦν
775 545 857 598 γὰρ
890 544 1122 599 χρημάτων
1149 545 1416 598 ποριστικός·
1455 542 1557 585 καθ’

212 614 379 669 ἡμέραν
423 612 505 656 οὖν
548 616 626 656 τὸν
666 613 871 669 Ἀλβῖνον
914 614 1007 667 καὶ,
1035 616 1112 656 τὸν
1157 613 1359 668 ἀρχιερέα
1403 615 1564 667 δώροις

213 685 494 740 ἐθεράπευεν.
559 686 704 738 <206>
741 682 827 740 εἶχε
861 683 899 726 δ’
938 684 1106 734 οἰκέτας
1142 685 1260 726 πάνυ
1292 686 1562 739 μοχθηρούς,

213 758 259 798 οἳ
288 757 750 809 συναναστρεφόμενοι
782 763 874 805 τοῖς
910 756 1204 809 θρασυτάτοις
1242 753 1312 796 ἐπὶ
1343 756 1418 804 τὰς
1450 756 1562 797 ἄλω-

212 842 292 875 νας
329 828 621 880 πορευόμενοι
659 827 734 874 τὰς
771 833 858 867 τῶν
899 824 1051 879 ἱερέων
1091 826 1270 874 δεκάτας
1313 825 1576 880 ἐλάμβανον

211 899 483 950 βιαζόμενοι,
521 895 593 938 καὶ
631 898 733 945 τοὺς
770 897 827 950 μὴ
868 897 1073 945 διδόντας
1110 897 1190 943 οὐκ
1228 895 1457 950 ἀπείχοντο
1490 898 1562 938 τύ-

210 981 343 1008 πτειν.
401 967 547 1021 <207>
580 968 625 1008 οἵ
653 967 688 1008 τ’
725 967 942 1021 ἀρχιερεῖς
974 967 1103 1020 ὅμοια
1135 973 1225 1015 τοῖς
1257 967 1427 1008 ἐκείνου
1460 967 1563 1008 δού-

1582 845 1615 870 10

211 1041 304 1087 λοις
336 1039 570 1092 ἔπραττον,
607 1039 797 1092 μηδενὸς
828 1039 1015 1079 κωλύειν
1048 1036 1309 1091 δυναμένου.
1371 1036 1444 1079 καὶ
1473 1044 1581 1079 τῶν

213 1108 365 1163 ἱερέων
409 1111 512 1159 τοὺς
554 1109 687 1150 πάλαι
738 1116 831 1157 ταῖς
880 1108 1080 1157 δεκάταις
1123 1107 1421 1162 τρεφομένους
1464 1110 1560 1150 τότε

211 1177 472 1233 συνέβαινεν
504 1179 805 1232 ἀποθνήσκειν
837 1184 1003 1232 τροφῆς
1036 1177 1208 1234 ἀπορία.

299 1249 445 1302 <208>
478 1250 610 1290 πάλιν
643 1247 682 1290 δ’
715 1250 761 1290 οἱ
790 1249 980 1303 σικάριοι
1005 1250 1111 1290 κατὰ
1137 1250 1217 1303 τὴν
1245 1247 1401 1303 ἑορτήν
1433 1248 1561 1304 (ἐνει-

211 1321 356 1373 στήκει
389 1321 472 1375 γάρ
505 1319 631 1373 αὕτη)
666 1320 738 1360 διὰ
769 1320 927 1368 νυκτὸς
959 1321 1020 1368 εἰς
1050 1320 1130 1372 τὴν
1159 1322 1288 1361 πόλιν
1314 1321 1561 1374 παρελθόν-

210 1406 277 1439 τες
310 1391 669 1445 συλλαμβάνουσι
704 1391 840 1439 ζῶντα
877 1391 954 1431 τὸν
986 1389 1238 1444 γραμματέα
1270 1396 1349 1432 τοῦ
1381 1401 1561 1445 στρατη-

210 1468 397 1514 γοῦντος
434 1459 693 1515 Ἐλεαζάρου
741 1459 862 1513 (παῖς
905 1458 944 1501 δ’
990 1457 1045 1513 ἦν
1090 1457 1217 1510 οὗτος
1253 1457 1438 1502 Ἀνάνου
1481 1467 1561 1503 τοῦ

212 1531 486 1586 ἀρχιερέως),
527 1530 598 1573 καὶ
638 1532 849 1585 δήσαντες
880 1530 1110 1584 ἐξήγαγον·
1156 1531 1301 1585 <209>
1334 1528 1424 1573 εἶτα
1455 1530 1559 1586 πέμ-

211 1609 370 1651 ψαντες
426 1604 534 1656 πρὸς
590 1603 666 1643 τὸν
714 1600 919 1643 Ἀνανίαν
976 1601 1215 1643 ἀπολύσειν
1265 1603 1434 1656 ἔφασαν
1482 1604 1560 1645 τὸν

212 1672 463 1727 γραμματέα
501 1674 609 1727 πρὸς
647 1672 804 1726 αὐτόν,
842 1673 881 1713 εἰ
911 1674 1073 1713 πείσειε
1110 1673 1188 1714 τὸν
1216 1670 1419 1726 Ἀλβῖνον
1457 1671 1561 1714 δέκα

213 1744 434 1797 δεσμώτας
466 1745 568 1792 τοὺς
601 1742 643 1793 ἐξ
677 1743 820 1784 αὐτῶν
853 1741 1104 1796 ληφθέντας
1142 1743 1370 1784 ἀπολῦσαι.
1432 1741 1504 1784 καὶ
1537 1743 1560 1785 ὁ

205 1812 409 1862 Ἀνανίας
450 1814 522 1863 διὰ
563 1814 643 1867 τὴν
684 1813 880 1867 ἀνάγκην
921 1816 1071 1862 πείσας
1107 1814 1185 1855 τὸν
1218 1811 1442 1868 Ἀλβῖνον,
1486 1818 1561 1867 τῆς

212 1884 428 1934 ἀξιώσεως
454 1882 640 1939 ἐπέτυχε.
684 1890 812 1925 τοῦτο
839 1886 1051 1937 μειζόνων
1076 1891 1222 1926 κακῶν
1242 1881 1388 1938 ἧρξεν·
1415 1883 1560 1937 <210>

212 1954 258 1996 οἱ
295 1955 377 2008 γὰρ
426 1953 579 2009 λῃσταὶ
623 1955 796 2003 πάντως
848 1954 1181 2009 ἐπεμηχανῶντο
1232 1962 1318 1996 τῶν
1355 1951 1559 1995 Ἀνανίου

212 2025 334 2073 τινὰς
365 2026 601 2077 συλλαβεῖν
634 2026 822 2077 οἰκείων,
853 2023 925 2066 καὶ
959 2032 1150 2078 συνεχῶς
1183 2026 1448 2079 ζωγροῦντες
1480 2023 1561 2065 οὐκ

213 2093 405 2136 ἀπέλυον
430 2093 535 2148 πρὶν
561 2096 587 2147 ἤ
614 2110 733 2144 τινας
758 2102 845 2136 τῶν
872 2098 1084 2148 σικαρίων
1110 2094 1386 2148 ἀπολάβοιεν.
1435 2095 1560 2146 γενό-

213 2167 343 2218 μενοί
369 2180 413 2206 τε
445 2165 577 2206 πάλιν
617 2164 805 2219 ἀριθμὸς
843 2165 923 2206 οὐκ
962 2164 1127 2218 ὀλίγος,
1172 2164 1560 2219 ἀναθαρρήσαντες

212 2236 292 2289 τὴν
324 2236 472 2290 χώραν
503 2236 675 2276 ἅπασαν
708 2235 905 2277 ἐκάκουν.

302 2306 456 2359 <211>
506 2306 612 2346 κατὰ
662 2312 820 2347 τοῦτον
871 2304 919 2347 δὲ
969 2307 1046 2348 τὸν
1089 2306 1242 2359 καιρὸν
1287 2304 1309 2346 ὁ
1354 2306 1560 2358 βασιλεὺς

1582 1194 1615 1220 15

1580 1546 1615 1572 20

1580 1896 1615 1922 25

1577 2246 1612 2272 30

1717 1172 1730 1197 15
