1732 2526
610 82 1017 117 OKTQKAIAEKATH
1400 84 1483 126 153

140 197 388 245 νεωτεριεῖν
420 187 487 232 ἐπ’
525 189 642 247 αὐτῷ
668 191 744 232 τὸν
771 190 878 231 λαὸν
905 190 977 230 διὰ
1004 190 1118 231 τάδε.
1157 191 1271 245 <93>
1304 193 1483 247 ἔπραττε

141 258 179 301 δ’
218 260 346 315 ὅμοια
377 267 436 318 τῷ
463 259 640 317 Ἡρώδῃ
672 259 743 302 καὶ
776 260 798 302 ὁ
826 259 1186 310 ἐπικατασταθεὶς
1212 261 1327 318 αὐτῷ
1361 265 1484 316 βασι-

141 332 240 381 λεὺς
272 330 499 386 Ἀρχέλαος
535 332 630 381 υίὸς
675 332 753 373 ὥν·
797 327 850 372 οὗ
888 329 1092 385 Ῥωμαῖοι
1135 333 1484 387 παραδεξάμενοι

140 402 220 455 τὴν
258 400 397 456 ἀρχὴν
435 400 649 456 ἐκράτουν
687 407 762 454 τῆς
801 404 956 455 στολῆς
987 408 1065 443 τοῦ
1097 400 1346 457 ἀρχιερέως,
1378 403 1484 446 ἀπο-

104 470 340 526 5κειμένης
380 470 427 513 ἐν
465 475 570 529 οἴκῳ
609 473 742 514 λίθου
784 467 1107 530 ᾠκοδομημένῳ
1145 472 1231 515 ὑπὸ
1271 475 1483 527 σφραγῖδι

138 549 226 584 τῶν
250 540 297 584 θ’
330 540 482 596 ἱερέων
507 540 579 582 καὶ
604 549 692 583 τῶν
718 542 1047 597 γαζοφυλάκων,
1075 548 1153 584 τοῦ
1179 549 1381 598 φρουροῦ
1406 546 1484 586 τὸν

139 609 209 668 ἐφ’
254 611 421 667 ἡμέραν
459 610 645 667 ἑκάστην
683 613 847 667 λύχνον
886 611 1165 663 ἀνάπτοντος,
1226 614 1341 669 <94>
1380 613 1484 656 ἑπτὰ

139 681 177 725 δ’
215 682 396 738 ἡμέραις
427 685 510 738 πρὸ
543 689 618 738 τῆς
651 681 803 738 ἑορτῆς
835 683 1066 726 ἀπεδίδοτο
1100 684 1249 734 αὐτοῖς
1287 684 1373 727 ὑπὸ
1406 691 1484 727 τοῦ

137 753 444 809 φρουράρχου,
488 752 560 795 καὶ
602 752 830 808 ἁγνισθεὶς
872 755 1143 811 χρησάμενος
1184 756 1206 797 ὁ
1258 754 1486 811 ἀρχιερεὺς

86 838 118 863 10
139 824 245 878 μετὰ
276 826 382 878 μιάν
412 830 487 879 τῆς
519 823 671 880 ἑορτῆς
702 823 868 881 ἡμέραν
900 824 1130 867 ἀπετίθετο
1158 822 1290 875 αὖθις
1321 827 1382 875 εἰς
1407 827 1484 868 τὸν

138 891 284 948 οἷκον,
333 890 443 951 ᾗπερ
488 896 625 937 ἔκειτο
670 897 898 951 πρότερον.
971 894 1043 937 καὶ
1087 893 1204 938 τοῦτ’
1255 896 1484 950 ἐπράττετο

139 964 208 1007 ε’πὶ
229 964 372 1021 τρισὶν
394 964 564 1021 ἑορταῖς
584 964 767 1008 ἑκάστου
788 968 912 1016 ἔτους
931 965 1002 1008 καὶ
1028 967 1134 1008 κατὰ
1160 968 1240 1021 τὴν
1267 969 1485 1022 νηστείαν.

138 1035 252 1089 <95>
285 1034 511 1086 ’ὃιτέλλιος
549 1035 592 1078 δ’
635 1035 704 1078 ἐπὶ
750 1044 809 1094 τῷ
857 1037 1050 1095 ἡμετέρῳ
1087 1039 1254 1095 πατρίῳ
1297 1046 1485 1080 ποιεῖται

138 1107 218 1160 τὴν
251 1108 426 1161 στολήν,
460 1102 485 1162 ᾗ
518 1123 562 1148 τε
594 1110 782 1149 κείσοιτο
810 1109 868 1162 μὴ
894 1111 1280 1163 πολυπραγμονεῖν
1311 1108 1485 1163 ἐπισκή-

25 1203 30 1206 -
85 1191 118 1216 15
138 1183 222 1226 ψας
247 1183 306 1233 τῷ
333 1177 616 1235 φρουράρχῳ,
641 1176 713 1219 καὶ
740 1177 869 1220 ὁπότε
896 1177 987 1220 δεόι
1013 1183 1217 1234 χρῆσθαι.
1259 1178 1330 1220 καὶ
1350 1186 1486 1221 ταῦτα

135 1246 301 1302 πράξας
339 1246 406 1289 ἐπ’
441 1247 669 1304 εὐεργεσίᾳ
700 1254 780 1290 τοῦ
819 1250 1001 1303 ἔθνους,
1045 1248 1117 1290 καὶ
1160 1251 1238 1292 τὸν
1283 1249 1484 1305 ἀρχιερέα

131 1316 344 1373 Ἰώσηπον
381 1319 459 1360 τὸν
495 1317 569 1360 καὶ
601 1318 810 1373 Καϊάφαν
848 1318 1197 1374 ἐπικαλούμενον
1238 1319 1486 1371 ἀπαλλάξας

138 1394 213 1443 τῆς
264 1389 525 1444 ἱερωσύνης,
580 1387 797 1443 Ἰωνάθην
846 1391 1110 1444 καθίστησιν
1163 1388 1349 1432 Ἀνάνου
1404 1397 1483 1433 τοῦ

137 1458 371 1514 ἀρχιερέως
418 1460 532 1502 υἱόν.
595 1458 658 1501 ἐπ’
707 1455 970 1515 Ἀντιοχείας
1020 1458 1057 1501 δ’
1116 1456 1249 1510 αὖθις
1297 1468 1485 1503 ποιεῖται

83 1544 116 1570 20
136 1530 216 1584 τὴν
252 1530 371 1572 ὁδόν.

228 1601 343 1656 <96>
374 1599 530 1655 πέμπει
564 1597 611 1642 δὲ
643 1598 715 1642 καὶ
754 1599 952 1655 Τιβέριος
990 1601 1048 1650 ὡς
1081 1598 1311 1644 ’ὅιτέλλιον
1348 1602 1484 1658 γράμ-

137 1687 265 1727 ματα,
296 1671 488 1713 κελεύων
522 1671 638 1727 αὐτῷ
672 1670 878 1727 πράττειν
910 1672 1064 1726 φιλίαν
1090 1673 1199 1727 πρὸς
1213 1670 1484 1728 Ἀρτάβανον

136 1743 214 1785 τὸν
252 1742 454 1797 Πάρθων
498 1739 696 1795 βασιλέα·
742 1740 893 1796 ἐφόβει
934 1742 1016 1795 γὰρ
1058 1741 1193 1784 αὐτὸν
1232 1742 1391 1799 ἐχθρὸς
1423 1744 1485 1786 ὢν

136 1812 209 1854 καὶ
235 1811 469 1868 Ἀρμενίαν
499 1810 873 1866 παρεσπασμένος,
893 1812 950 1866 μὴ
978 1810 1048 1853 ἐπὶ
1076 1811 1211 1855 πλέον
1243 1820 1485 1870 κακουργῇ·

84 1896 117 1922 25
137 1884 360 1926 πιστεύειν
393 1880 441 1924 δὲ
473 1888 524 1937 τῇ
550 1884 675 1939 φιλία
700 1884 845 1936 μόνως
870 1882 1049 1937 ὁμήρων
1075 1882 1192 1940 αὐτῷ
1224 1883 1486 1939 διδομένων,

138 1954 324 2009 μάλιστα
365 1951 413 1996 δὲ
456 1960 536 1996 τοῦ
575 1952 843 2008 Ἀρταβάνου
887 1951 1026 2003 υίέως.
1102 1954 1217 2009 <97>
1260 1962 1396 1997 ταῦτα
1437 1954 1486 1998 δὲ

138 2025 321 2080 γράφων
359 2023 560 2080 Τιβέριος
590 2025 699 2079 πρὸς
730 2026 807 2066 τὸν
834 2022 1065 2067 ’ὃιτέλλιον
1097 2025 1300 2079 μεγάλων
1333 2026 1483 2068 δόσεσι

138 2096 371 2150 χρημάτων
407 2098 553 2137 πείθει
591 2093 663 2136 καὶ
700 2095 777 2137 τὸν
809 2092 995 2149 Ἰβήρων
1037 2093 1109 2138 καὶ
1145 2097 1225 2138 τὸν
1257 2094 1486 2150 Ἀλβανῶν

139 2165 318 2221 βασιλέα
354 2169 561 2220 πολεμεῖν
598 2163 846 2223 Ἀρταβάνῳ
884 2163 1022 2220 μηδὲν
1064 2165 1302 2209 ἐνδοιάσαι.
1366 2169 1412 2208 οἳ
1440 2165 1480 2208 δ’

85 2248 120 2274 30
139 2235 266 2280 αὐτοὶ
297 2234 376 2292 μὲν
408 2236 624 2291 ἀντεῖχον,
657 2237 840 2286 Σκύθας
872 2235 936 2291 δέ,
969 2237 1123 2279 δίοδον
1155 2237 1303 2287 αὐτοῖς
1335 2238 1485 2279 διδόν-

139 2323 208 2358 τες
240 2307 312 2349 διὰ
344 2313 419 2362 τῆς
451 2306 597 2349 αὑτῶν
628 2305 699 2348 καὶ
734 2307 809 2357 τὰς
839 2307 983 2363 θύρας
1020 2307 1097 2357 τὰς
1133 2309 1334 2358 Κασπίας
1366 2307 1487 2350 ἀνοί-
