1732 2526
667 79 883 112 ΕιΚοΣΤΗ
1365 77 1449 118 271

105 201 241 241 μενον
274 188 534 241 Κανθηρᾶν,
562 183 756 243 Ἰωσήπῳ
789 191 847 242 τῷ
881 191 959 227 τοῦ
981 184 1121 240 Καμεὶ
1151 182 1243 227 ἀντ’
1281 184 1453 228 ἐκείνου

104 257 185 311 τὴν
219 256 430 311 διαδοχὴν
462 263 536 310 τῆς
568 263 693 311 τιμῆς
717 258 1060 311 παρασχόμενος.

192 327 308 382 <17>
340 328 448 369 κατὰ
480 334 638 369 τοῦτον
671 324 719 368 δὲ
750 327 827 369 τὸν
860 328 1015 382 καιρὸν
1053 334 1140 368 τῶν
1178 325 1453 381 Ἀδιαβηνῶν
1473 328 1499 368 2

103 396 276 452 βασιλὶς
307 396 459 452 Ἑλένη
498 396 570 440 καὶ
608 397 631 440 ὁ
669 405 771 447 παῖς
802 397 934 452 αὐτῆς
970 396 1129 451 Ἰζάτης
1167 399 1227 447 εἰς
1267 399 1317 439 τὰ
1344 397 1453 440 Ἰου-

68 484 83 510 5
105 469 244 510 δαίων
277 470 358 523 ἔθη
390 470 469 511 τὸν
501 471 600 523 βιόν
633 468 901 523 μετέβαλλον
941 469 1013 510 διὰ
1050 469 1258 522 τοιαύτην
1298 470 1452 510 αἰτίαν.

103 538 218 594 <18>
248 541 510 594 [Μονόβαζος
554 539 576 581 ὁ
615 547 703 581 τῶν
736 535 1009 593 Ἀδιαβηνῶν
1043 539 1269 593 βασιλεύς,
1303 535 1336 596 ᾦ
1381 537 1453 580 καὶ

102 611 288 664 Βαζαῖος
313 609 536 664 ἐπίκλησις
562 606 630 664 ἧν,
657 616 732 664 τῆς
759 609 1140 664 ἀδελφῆςἙλένης
1166 608 1299 659 ἁλοὺς
1326 612 1454 664 ε’ρωτι

101 680 210 735 πρὸς
247 680 400 734 γάμων
440 683 680 722 κοινωνίαν
719 681 883 735 ἄγεται,
923 679 996 722 καὶ
1036 679 1298 734 κατέστησεν
1331 680 1455 734 ἐγκύ-

103 765 228 804 μονα.
292 752 614 805 συγκαθεύδων
648 749 700 793 δέ
727 766 830 794 ποτε
862 757 913 806 τῇ
947 750 1101 806 γαστρὶ
1140 758 1214 805 τῆς
1247 753 1457 805 γυναικὸς

51 837 84 863 ιο
102 821 183 875 τὴν
226 828 349 877 χεῖρα
386 823 774 877 προσαναπαύσας,
810 822 940 876 ἡνίκα
978 823 1265 876 καθύπνωσε,
1305 829 1456 877 φωνῆς

103 906 222 941 τινος
259 892 409 942 ἔδοξεν
446 892 625 935 ἀκούειν
662 893 927 947 κελευούσης
969 898 1110 948 αἴρειν
1154 892 1236 935 ἀπὸ
1269 900 1348 935 τοῦ
1382 909 1455 948 νη-

105 962 211 1012 δύος
248 964 330 1017 τὴν
370 971 493 1019 χεῖρα
530 963 602 1005 καὶ
640 967 697 1018 μη
736 966 914 1019 θλίβειν
954 966 1001 1006 τὸ
1044 964 1091 1006 ἐν
1130 964 1238 1019 αὐτῇ
1279 964 1456 1019 βρέφος,

103 1037 216 1075 θεοῦ
254 1037 442 1090 προνοίᾳ
482 1033 553 1076 καὶ
592 1034 726 1089 ἀρχῆς
763 1036 898 1090 τυχὸν
937 1033 1010 1076 καὶ
1050 1033 1203 1084 τέλους
1247 1035 1457 1090 εὐτυχοῦς

104 1103 378 1158 τευξόμενον.
453 1105 580 1159 <19>
623 1104 860 1160 ταραχθεὶς
905 1102 986 1147 οὖν
1033 1105 1116 1147 ὑπὸ
1166 1111 1242 1159 τῆς
1292 1111 1455 1160 φωνῆς,

51 1188 85 1216 15
104 1174 242 1225 εὐθὺς
273 1175 517 1232 διεγερθεὶς
548 1178 702 1231 ἔφραζε
735 1183 786 1231 τῇ
819 1175 995 1229 γυναικὶ
1022 1182 1170 1230 ταῦτα,
1197 1174 1267 1218 καὶ
1294 1177 1455 1230 γεννώ-

1729 1194 1732 1224 l

106 1261 241 1300 μενον
274 1248 351 1289 τὸν
383 1248 485 1289 υἱὸν
514 1243 676 1302 Ἰζάτην
704 1247 975 1289 ἐπεκάλεσεν.
1037 1247 1153 1301 <20>
1184 1244 1240 1301 ἣν
1273 1246 1311 1288 δ’
1338 1247 1454 1303 αὐτῷ
1730 1240 1732 1327 ἰ

104 1319 368 1372 ΑΜονόβαζος
398 1319 557 1361 τούτου
589 1319 884 1373 πρεσβύτερος
922 1317 969 1360 ἐκ
1009 1324 1084 1371 τῆς
1114 1316 1291 1372 Ἑλένης
1332 1320 1456 1371 γενό-
1730 1339 1732 1378 5

106 1403 253 1443 μενος,
284 1389 410 1431 ἄλλοι
441 1405 485 1431 τε
517 1390 669 1439 παῖδες
702 1389 744 1439 ἐξ
779 1387 938 1444 ἑτέρων
970 1395 1211 1442 γυναικῶν·
1244 1390 1324 1443 τὴν
1354 1387 1456 1442 μέν-

106 1473 173 1500 τοι
204 1464 349 1500 πᾶσαν
381 1460 561 1501 εὔνοιαν
593 1460 649 1510 ὡς
687 1461 748 1510 εἰς
787 1465 1004 1514 μονογενῆ
1037 1461 1114 1501 τὸν
1147 1458 1311 1514 Ἰζάτην
1344 1460 1455 1514 ἔχων

54 1543 88 1568 20
107 1531 298 1585 φανερὸς
334 1526 400 1584 ἦν.
463 1531 577 1584 <21>
616 1533 788 1585 φθόνος
826 1531 880 1584 δὴ
919 1529 1188 1572 τούντεῦθεν
1226 1536 1285 1588 τῷ
1331 1528 1456 1571 παιδὶ
1482 1541 1501 1572 2

107 1601 224 1653 παρὰ
262 1608 350 1642 τῶν
388 1600 668 1656 ὁμοπατρίων
709 1600 914 1656 ἀδελφῶν
954 1601 1134 1656 ἐφύετο,
1171 1600 1252 1642 κάκ
1296 1601 1455 1642 τούτου

87 1676 235 1725 ’μῖσος
277 1670 445 1726 ηὔξετο,
490 1670 781 1726 λυπουμένων
823 1670 1026 1713 ἁπάντων
1065 1672 1131 1713 ὅτι
1174 1673 1252 1713 τὸν
1292 1670 1456 1725 Ἰζάτην

109 1741 255 1783 αὐτῶν
300 1741 322 1784 ὁ
366 1743 507 1796 πατὴρ
549 1740 787 1798 προτιμῴη.
858 1742 987 1796 <22>
1031 1749 1165 1784 ταῦτα
1210 1740 1258 1784 δὲ
1302 1744 1455 1797 καίπερ

110 1818 259 1867 σαφῶς
291 1813 614 1867 αἰσθανόμενος
647 1813 668 1855 ὁ
701 1813 840 1867 πατὴρ
869 1813 1052 1863 ἐκείνοις
1083 1810 1163 1867 μὲν
1190 1815 1456 1866 συνεγίγνω-

55 1894 89 1921 25
110 1893 212 1925 σκεν
251 1883 308 1932 ὡς
349 1884 406 1938 μὴ
449 1884 522 1925 διὰ
562 1885 717 1925 κακίαν
756 1883 862 1926 αὐτὸ
903 1884 1162 1939 πάσχουσιν,
1200 1880 1292 1925 ἀλλ’
1338 1883 1363 1938 ἢ
1395 1889 1455 1940 τῷ

109 1954 226 2010 παρὰ
256 1960 336 1996 τοῦ
368 1955 531 2006 πατρὸς
562 1954 696 1997 αὐτὸν
737 1953 920 1997 ἕκαστον
959 1954 1112 2005 ἀξιοῦν
1150 1954 1324 2004 εὐνοίας
1355 1970 1457 2008 τυγ-

109 2024 281 2079 χάνειν·
314 2025 392 2067 τὸν
425 2022 473 2066 δὲ
504 2027 738 2067 νεανίσκον
770 2023 964 2081 (σφόδρα
995 2026 1077 2080 γὰρ
1113 2024 1325 2067 ἐδεδοίκει
1357 2023 1456 2080 περὶ

113 2095 232 2153 αὐτῷ
265 2096 322 2150 μὴ
350 2096 616 2150 μισούμενος
640 2095 726 2138 ὑπὸ
752 2103 839 2137 τῶν
866 2095 1071 2150 ἀδελφῶν
1097 2096 1235 2138 πάθοι
1261 2094 1321 2152 τι)
1354 2099 1457 2138 πολ-

112 2169 205 2216 λοῖς
254 2166 564 2222 δωρησάμενος
612 2168 720 2221 πρὸς
763 2164 1076 2222 Ἀβεννήριγον
1125 2166 1330 2222 ἐκπέμπει
1380 2169 1457 2209 τὸν

0 2255 7 2295 s
60 2248 94 2274 ³0
113 2239 346 2279 Σπασίνου
378 2237 566 2292 χάρακος
591 2236 787 2292 βασιλέα,
812 2237 1270 2292 παρακατατιθέμενος
1306 2237 1457 2294 ἐκείνῳ

0 2413 17 2526 eavea-r*
0 2327 3 2372 -τ

111 2307 191 2362 τὴν
234 2314 312 2350 τοῦ
353 2309 509 2358 παιδὸς
546 2311 777 2364 σωτηρίαν.
839 2308 965 2364 <23>
1007 2309 1028 2351 ὁ
1071 2306 1119 2350 δὲ
1154 2307 1459 2364 Ἀβεννήριγος
