1732 2526
739 63 852 95 ΒῙοΣ
1384 61 1469 102 347

127 168 278 223 αὐτός,
329 171 483 223 Σίμων
528 164 570 210 δ’
625 167 667 218 ἐξ
723 166 962 222 ἀρχιερέων
1012 170 1226 219 νεώτατος
1276 169 1468 212 ἐκείνων.

126 239 268 292 <198>
312 240 494 288 τούτους
539 236 740 280 ἐκέλευον
777 237 1071 292 ἀφικομένους
1108 241 1169 289 εἰς
1213 242 1261 281 τὸ
1299 243 1470 293 πλῆθος

126 317 213 351 τῶν
246 311 493 350 Γαλιλαίων
524 307 750 350 πυθέσθαι
787 307 886 362 παρ’
931 309 1075 351 αὐτῶν
1111 311 1190 364 τὴν
1229 311 1374 351 αἰτίαν
1406 308 1463 351 δι’

124 379 180 432 ἣν
219 377 292 433 ἐμὲ
329 382 554 433 φιλοῦσιν·
599 380 640 420 εἰ
680 376 728 420 δὲ
766 385 896 433 φαῖεν
935 379 1001 420 ὅτι
1047 382 1213 429 πόλεως
1256 384 1350 434 εἴην
1394 387 1469 434 τῆς

89 448 451 504 5Ἱεροσολύμων,
482 447 553 490 καὶ
586 449 746 498 αὐτοὺς
784 448 826 499 ἐξ
867 449 1048 491 ἐκείνων
1080 449 1224 503 λέγειν
1256 450 1469 505 ὑπάρχειν

69 819 102 843 10

67 1170 100 1195 15

64 1524 98 1547 20

62 1873 98 1899 25

123 522 225 569 τοὺς
250 519 468 572 τέτταρας,
494 520 534 560 εἰ
566 517 606 560 δ’
637 515 692 560 αὖ
719 520 791 561 διὰ
823 519 902 572 τὴν
930 519 1156 574 ἐμπειρίαν
1188 527 1276 562 τῶν
1302 523 1471 574 νόμων,

123 586 225 643 μηδ’
262 590 420 639 αὐτοὺς
452 589 631 643 ἀγνοεῖν
663 591 744 643 ἔθη
777 590 828 631 τά
854 590 1013 643 πάτρια
1038 591 1240 644 φάσκειν,
1272 592 1313 631 εἰ
1338 589 1379 632 δ’
1411 588 1466 632 αὖ

123 661 196 701 διὰ
221 655 302 713 τὴν
329 661 573 713 ιἐρωσύνην
600 658 770 713 λέγοιεν
799 659 972 713 ἀγαπᾶν
1000 676 1067 715 με,
1092 660 1163 702 καὶ
1190 662 1335 703 αὑτῶν
1362 661 1467 703 ἀπο-

121 732 359 783 κρίνασθαι
392 731 472 772 δύο
507 731 635 784 ἱερεῖς
666 730 890 786 ὑπάρχειν.

210 802 354 855 <199>
387 798 519 843 ταῦθ’
556 799 825 855 ὑποθέμενοι
867 809 957 850 τοῖς
993 800 1092 855 περὶ
1134 803 1211 844 τὸν
1246 800 1464 856 Ἰωνάθην

120 870 325 925 τέτταρας
362 872 577 925 μυριάδας
614 871 829 925 ἀργυρίου
869 873 1071 914 διδόασιν
1112 872 1260 922 αὐτοῖς
1300 872 1345 913 ἐκ
1378 879 1466 914 τῶν

122 942 346 996 δημοσίων
386 942 630 996 χρημάτων.
694 942 837 995 <200>
877 941 968 983 ἐπεὶ
1008 941 1059 983 δέ
1095 959 1194 984 τινα
1228 944 1465 984 Γαλιλαῖον

120 1013 330 1066 ἤκουσαν,
359 1011 532 1066 Ἰησοῦν
565 1014 720 1066 ὄνομα,
760 1011 860 1065 περὶ
899 1012 1034 1055 αὑτὸν
1071 1012 1194 1063 τάξιν
1227 1011 1465 1062 ἑξακοσίων

121 1083 311 1124 ὁπλιτῶν
349 1084 486 1137 ἔχειν,
531 1081 828 1137 ἐπιδημοῦντα
871 1091 962 1132 τοῖς
992 1082 1314 1137 Ἱεροσολύμοις
1354 1085 1464 1135 τότε,

120 1153 501 1207 μεταπεμψάμενοι
534 1160 691 1195 τοῦτον
723 1152 794 1194 καὶ
826 1161 961 1207 τριῶν
992 1161 1144 1207 μηνῶν
1170 1155 1335 1207 μισθὸν
1363 1154 1464 1195 δόν-

119 1239 188 1272 τες
219 1222 452 1265 ἐκέλευσαν
484 1223 667 1264 ἔπεσθαι
700 1231 790 1272 τοῖς
815 1222 915 1278 περὶ
941 1226 1018 1265 τὸν
1034 1222 1252 1277 Ἰωνάθην
1281 1228 1464 1277 πειθαρ-

118 1300 282 1349 χοῦντα
308 1294 470 1347 αὐτοῖς,
489 1292 561 1335 καὶ
581 1301 669 1335 τῶν
694 1297 886 1336 πολιτῶν
914 1291 961 1335 δὲ
987 1296 1254 1347 τριακοσίοις
1277 1293 1464 1347 ἀνδράσι

119 1365 269 1414 δόντες
307 1364 520 1419 ἀργύριον
558 1366 620 1414 εἰς
666 1365 835 1419 τροφὴν
883 1372 971 1406 τῶν
1015 1364 1152 1418 ὅλων,
1190 1363 1464 1417 προσέταξαν

118 1435 384 1477 ἀκολουθεῖν
428 1441 519 1483 τοῖς
563 1433 809 1488 πρέσβεσιν.
873 1435 1028 1488 <201>
1068 1433 1343 1475 πεισθέντων
1381 1431 1464 1476 οὗν

118 1506 263 1547 αὐτῶν
303 1503 375 1546 καὶ
413 1506 522 1559 πρὸς
562 1506 641 1558 τὴν
675 1504 828 1554 ἔξοδον
870 1504 1270 1558 εὐτρεπισθέντων,
1305 1504 1464 1559 ἐξῇσαν

118 1577 164 1619 οἱ
190 1575 289 1629 περὶ
320 1577 397 1617 τὸν
425 1573 644 1629 Ἰωνάθην
671 1577 754 1616 σὺν
785 1576 973 1628 τούτοις,
1000 1574 1262 1629 ἐπαγόμενοι
1288 1574 1360 1616 καὶ
1384 1577 1464 1618 τὸν

117 1647 311 1701 ἀδελφὸν
350 1647 426 1688 τὸν
460 1644 670 1687 Ἰωάννου
711 1644 783 1687 καὶ
826 1646 1002 1695 ὁπλίτας
1043 1645 1211 1699 ἑκατόν,
1256 1647 1464 1700 λαβόντες

118 1717 295 1766 ἐντολὰς
337 1718 453 1771 παρὰ
496 1724 584 1758 τῶν
627 1717 916 1770 πεμψάντων,
960 1717 1103 1770 <202>
1147 1718 1188 1758 εἰ
1226 1714 1306 1770 μὲν
1351 1715 1463 1758 ἑκὼν

118 1789 390 1841 καταθείμην
421 1788 472 1829 τὰ
505 1787 632 1841 ὅπλα,
661 1789 798 1838 ζῶντα
824 1786 1009 1841 πέμπειν
1037 1789 1098 1836 εἰς
1123 1788 1204 1841 τὴν
1229 1794 1317 1829 τῶν
1330 1786 1462 1841 Ἱερο-

117 1862 364 1912 σολυμιτῶν
414 1860 569 1911 πόλιν,
619 1859 659 1899 εἰ
702 1854 744 1898 δ’
807 1858 1159 1911 ἀντιταττοίμην,
1210 1857 1462 1899 ἀποκτεῖναι

116 1926 255 1982 μηδὲν
276 1930 492 1977 δεδιότας·
526 1928 670 1970 αὐτῶν
697 1929 778 1982 γὰρ
806 1925 918 1969 εἶναι
950 1930 998 1969 τὸ
1018 1929 1284 1982 πρόσταγμα.
1318 1929 1463 1982 <203>

117 1999 416 2053 ἐγεγράφεσαν
458 1996 506 2039 δὲ
543 1997 615 2040 καὶ
655 2005 714 2055 τῷ
753 1995 933 2053 Ἰωάννῃ
965 2000 1074 2053 πρὸς
1103 2000 1181 2040 τὸν
1223 1995 1317 2040 κατ’
1355 1998 1462 2053 ἐμοῦ

115 2071 310 2123 πόλεμον
343 2068 660 2122 ἑτοιμάζεσθαι,
686 2075 776 2117 τοῖς
813 2084 858 2109 τε
899 2066 1139 2123 Σέπφωριν
1178 2067 1248 2109 καὶ
1281 2069 1462 2123 Γάβαρα

115 2146 367 2182 κατοικοῦσι
399 2138 470 2180 καὶ
508 2141 755 2194 Τιβεριεῦσι
786 2137 1080 2192 προσέταττον
1119 2142 1369 2194 συμμαχίαν
1402 2146 1460 2196 τῷ

63 2224 98 2249 30
111 2208 149 2251 ’I
146 2210 293 2264 ωάννῃ
325 2208 522 2263 πέμπειν.

206 2281 349 2335 <204>
380 2279 515 2321 ταῦτά
547 2295 621 2333 μοι
653 2286 731 2322 τοῦ
756 2281 919 2332 πατρὸς
951 2280 1201 2334 γράψαντος
1227 2279 1384 2334 (ἐξεῖπε
1412 2280 1459 2323 δὲ

1491 817 1536 848 40

1486 2294 1531 2323 41
