1732 2526
112 818 146 842 10

109 1169 142 1194 15

108 1521 143 1546 20

107 1871 140 1897 25

106 2222 141 2247 30

641 63 1048 97 OKTQKAIAEKATH
1433 63 1516 104 167

173 169 309 213 αὑτοῦ
341 172 485 228 τρόπῳ
518 171 740 225 χρώμενος
772 166 887 224 εἶχεν
913 170 1048 212 αὐτὸν
1081 169 1275 224 δέσμιον,
1308 171 1521 226 μελλητὴς

172 242 213 282 εἰ
253 244 330 283 καί
367 257 433 290 τις
475 240 620 295 ἔτερος
663 239 881 295 βασιλέων
925 240 951 294 ἢ
992 240 1223 294 τυράννων
1266 243 1518 295 γενόμενος·

171 311 326 365 <170>
370 311 469 354 οὔτε
514 312 595 365 γὰρ
640 313 884 366 πρεσβειῶν
927 310 1147 365 ὑποδοχὰς
1188 311 1233 352 ἐκ
1274 318 1352 353 τοῦ
1398 310 1519 362 ὀξέος

172 380 380 435 ἐποιεῖτο,
423 381 604 436 ἡγεμόσι
645 397 688 423 τε
730 380 801 422 καὶ
842 380 1090 435 ἐπιτρόποις
1130 379 1202 422 ὑπ’
1244 382 1380 423 αὐτοῦ
1419 394 1518 423 στα-

171 454 308 494 λεῖσιν
341 452 524 506 οὐδεμία
557 449 612 506 ἦν
646 452 843 507 διαδοχή,
877 451 1005 494 ὁπότε
1038 453 1094 506 μὴ
1128 456 1292 506 φθαῖεν
1325 455 1517 493 τετελευ-

169 524 355 576 τηκότες.
418 523 526 565 ὅθεν
570 520 641 564 καὶ
687 524 921 576 δεσμωτῶν
966 522 1214 577 ἀκροάσεως
1257 521 1516 576 ἀπερίοπτος

168 589 235 646 ἧν.
291 593 435 647 <171>
468 593 576 635 ὥστε
609 591 681 634 καὶ
712 600 800 634 τῶν
831 595 975 648 φίλων
1009 592 1230 647 ἐρομένων
1262 594 1342 646 τὴν
1372 594 1515 635 αἰτίαν

167 662 303 704 αὐτὸν
333 669 412 704 τοῦ
446 661 514 704 ἐπὶ
546 664 761 712 τοιούτοις
792 663 898 717 ὁλκῇ
930 661 1174 718 χρωμένου,
1215 664 1297 717 ἔφη
1330 664 1404 713 τὰς
1436 661 1516 718 μὲν

166 734 397 786 πρεσβειάς
433 735 602 787 τρίβειν
641 734 758 782 ὅπως
795 734 851 787 μὴ
886 732 1137 786 ἀπαλλαγῆς
1176 733 1325 783 αὐταῖς
1359 733 1404 775 ἐκ
1436 741 1515 776 τοῦ

167 802 287 853 ὀξέος
336 802 574 858 γενομένης
623 803 762 858 ἕτεροι
811 802 1013 858 πρέσβεις
1061 803 1516 859 ἐπιχειροτονηθέντες

166 873 408 926 ἐπανίοιεν,
453 875 579 929 ὄχλος
622 870 658 915 τ’
705 874 820 930 αὐτῷ
865 877 1059 928 γίγνοιτο
1107 874 1329 929 ἐπιδοχαῖς
1369 876 1514 918 αὐτῶν

164 943 236 985 καὶ
268 952 458 999 πομπαῖς
482 944 796 1002 προσκειμένῳ,
831 946 973 998 <172>
1005 945 1080 994 τὰς
1113 943 1154 986 δ’
1187 945 1320 1000 ἀρχὰς
1346 957 1513 1002 συγχω-

164 1022 259 1067 ρεῖν
290 1023 382 1064 τοῖς
413 1015 523 1065 ἅπαξ
550 1017 611 1065 εἰς
636 1016 768 1065 αὐτὰς
799 1014 870 1057 ὑπ’
904 1015 1040 1058 αὐτοῦ
1066 1022 1329 1057 καταστᾶσιν
1362 1018 1514 1066 αἰδοῦς

163 1077 412 1142 προμηθείᾳ
444 1093 531 1127 τῶν
564 1085 800 1128 ὑποτελῶν.
849 1086 979 1140 φύσει
1012 1083 1093 1140 μὲν
1119 1086 1201 1140 γὰρ
1229 1083 1342 1127 εἶναι
1367 1093 1512 1129 πᾶσαν

163 1155 402 1210 ἡγεμονίαν
428 1157 594 1198 οἰκείαν
619 1162 698 1197 τοῦ
723 1159 1017 1197 πλεονεκτεῖν·
1054 1156 1129 1205 τὰς
1156 1153 1203 1197 δὲ
1229 1157 1285 1210 μὴ
1312 1160 1511 1211 παγιόυς,

162 1223 256 1267 ἀλλ’
303 1227 365 1275 εἰς
405 1226 558 1279 ὀλίγον
600 1225 673 1267 καὶ
717 1227 883 1280 ἄδηλον
925 1224 1046 1268 ὁπότ’
1090 1225 1395 1281 ἀφαιρεθεῖεν,
1438 1227 1511 1269 καὶ

162 1298 368 1350 μειζόνως
401 1296 651 1351 ἐξοτρύνειν
684 1295 753 1338 ἐπὶ
779 1300 960 1346 κλοπαῖς
990 1298 1092 1346 τοὺς
1124 1298 1312 1352 ἔχοντας.
1364 1298 1510 1352 <173>

164 1367 202 1407 εἰ
232 1364 311 1421 μὲν
344 1363 426 1408 οὗν
459 1366 749 1422 ἐφεστήκασιν
782 1368 843 1417 εἰς
879 1368 1036 1421 πλέον,
1074 1366 1234 1416 αὐτοὺς
1271 1368 1384 1421 ἄδην
1422 1376 1512 1410 τῶν

162 1440 336 1479 κλοπῶν
368 1436 497 1491 ἕξειν,
528 1437 614 1479 ὑπὸ
646 1444 725 1480 τοῦ
750 1440 918 1479 πολλοῦ
948 1445 1036 1478 τῶν
1067 1436 1399 1491 κεκερδημένων
1431 1438 1511 1492 ἀμ-

163 1506 383 1563 βλυτέρως
422 1508 470 1548 τὸ
513 1508 668 1549 λοιπὸν
710 1507 860 1557 αὐταῖς
899 1506 1166 1563 χρωμένους·
1220 1508 1428 1562 διαδοχῆς
1466 1506 1505 1549 δ’

163 1576 588 1632 ἐπιπαραγενομένης
626 1577 672 1619 ἐκ
709 1583 787 1619 τοῦ
826 1576 964 1630 ὀξέος,
1009 1577 1212 1631 οὐδαμῶς
1244 1576 1298 1618 ἂν
1332 1575 1511 1632 ἀρκέσαι

161 1650 263 1698 τοὺς
295 1644 412 1689 ἆθλα
438 1655 529 1696 τοῖς
555 1648 738 1703 ἄρχουσι
768 1647 1096 1702 προκειμένους,
1129 1647 1407 1703 ἀναστροφῆς
1433 1649 1512 1690 αὐ-

160 1725 250 1768 τοῖς
282 1718 335 1760 οὐ
368 1717 601 1772 διδομένης
632 1725 796 1771 καιρῶν
835 1718 882 1760 ἐν
921 1712 986 1768 οἷς
1015 1720 1194 1773 πλήρεις
1233 1719 1279 1760 οἱ
1306 1723 1510 1774 προειλη-

161 1791 291 1843 φότες
328 1791 558 1844 γενόμενοι
596 1789 853 1831 ὑποδιδοῖεν
890 1795 965 1842 τῆς
1003 1790 1197 1842 σπουδῆς
1233 1795 1308 1843 τῆς
1346 1788 1415 1831 ἐπὶ
1448 1797 1508 1847 τῷ

160 1859 422 1914 λαμβάνειν,
461 1860 534 1901 διὰ
572 1860 620 1900 τὸ
657 1858 762 1913 πρὶν
801 1859 848 1901 ἐν
886 1865 1022 1916 καιρῷ
1060 1858 1270 1913 γενέσθαι
1302 1867 1508 1914 μεταστῆ-

159 1947 245 1972 ναι.
309 1930 466 1984 <174>
507 1930 782 1984 παράδειγμά
822 1928 858 1971 τ’
901 1930 1048 1979 αὐτοῖς
1085 1929 1192 1985 φησὶ
1233 1936 1391 1972 τοῦτον
1429 1931 1508 1972 τὸν

160 2003 306 2054 λόγον.
368 2001 613 2056 τραυματίᾳ
655 1998 742 2041 τινὶ
785 1999 968 2058 κειμένῳ
1016 2008 1140 2055 μυῖαι
1184 2001 1291 2042 κατὰ
1337 2003 1509 2054 πλῆθος

160 2071 234 2120 τὰς
267 2071 445 2120 ὠτειλὰς
475 2069 780 2125 περιέστασαν·
831 2073 908 2112 καί
940 2087 1003 2121 τις
1039 2078 1127 2112 τῶν
1163 2073 1508 2126 παρατυχόντων

161 2142 375 2195 οἰκτείρας
406 2140 543 2182 αὐτοῦ
574 2141 653 2194 τὴν
686 2141 938 2196 δυστυχίαν,
971 2140 1042 2182 καὶ
1076 2143 1260 2195 νομίσας
1286 2141 1509 2197 ἀδυναμίᾳ

161 2213 218 2266 μὴ
259 2214 467 2266 βοηθεῖν,
512 2205 602 2260 οἷός
641 2206 678 2251 τ’
722 2207 778 2265 ἧν
819 2211 1055 2265 ἀποσοβεῖν
1097 2211 1230 2260 αὐτὰς
1272 2211 1508 2264 παραστάς,

158 2281 304 2336 <175>
353 2279 424 2323 καὶ
476 2279 688 2335 δεομένου
737 2282 992 2323 παύσασθαι
1042 2289 1131 2323 τῶν
1181 2279 1249 2323 ἐπὶ
1301 2282 1508 2337 τοιοῖσδε,
