1732 2526
257 86 310 127 16
743 76 1108 120 ΑΡΧΑῙοΛοΓΙΑΣ

252 195 362 249 πρὸς
393 193 530 236 αὐτὸν
557 193 851 252 εὐσεβεστέρῳ
878 194 994 249 παρὰ
1013 196 1238 249 Καίσαρος
1263 193 1471 244 ἐξουσίαν
1497 196 1603 250 ἔχοι.

254 265 369 318 <93>
401 272 492 314 τοῖς
530 262 570 306 δ’
612 264 692 320 οὐχ
729 262 840 320 ὑπὲρ
878 270 955 318 τῆς
992 263 1125 320 ἀρχῆς
1162 266 1210 307 τὸ
1242 263 1394 317 πλέον,
1435 263 1528 307 ἀλλ’
1567 267 1607 308 εί

252 334 324 377 καὶ
350 336 510 390 ταύτης
548 333 773 390 στέροιντο
811 333 883 377 καὶ
922 341 1001 377 τοῦ
1040 337 1115 390 ζῆν
1154 334 1345 377 ἐλάττων
1387 336 1533 390 λόγος,
1564 328 1606 378 εἰ

252 408 392 460 μόνον
418 406 671 448 ἀποκτεῖναι
697 408 775 448 τὸν
801 404 966 461 πατέρα
994 407 1250 460 δυνηθεῖεν·
1284 406 1422 455 οὕτως
1447 406 1603 462 ἄγριόν

250 493 291 518 τι
329 475 401 519 καὶ
443 478 602 533 μιαρὸν
640 475 913 531 ἐντετηκέναι
951 483 1045 526 ταῖς
1081 483 1240 532 ψυχαῖς
1277 477 1424 518 αὐτῶν
1465 484 1600 531 μῖσος.

250 547 322 590 καὶ
355 549 518 602 ταύτην
550 549 630 602 τὴν
657 547 842 603 ἀτυχίαν
868 546 999 596 αὐτὸς
1025 545 1071 588 ἐκ
1098 554 1269 603 μακροῦ
1295 547 1444 603 φέρων
1471 547 1603 602 ἀναγ-
1666 555 1671 558 ’

249 624 471 673 κασθῆναι
503 624 589 661 νῦν
622 618 873 673 ἐξηγεῖσθαι
906 620 1113 673 Καίσαρι,
1139 616 1211 659 καὶ
1237 620 1430 672 μιαίνειν
1465 618 1601 661 αὐτοῦ

248 691 324 739 τὰς
356 690 488 739 ἀκοὰς
520 691 738 739 τοιούτοις
764 691 923 743 λόγοις.
967 688 1083 743 <94>
1108 691 1251 731 καίτοι
1276 691 1321 730 τί
1343 686 1422 744 μὲν
1448 693 1601 744 εἴησαν

247 763 469 810 παθόντες
507 760 549 811 ἐξ
590 761 727 803 αὐτοῦ
770 759 997 815 δυσχερές;
1036 758 1106 801 ἐπὶ
1144 762 1231 802 τίνι
1273 757 1321 802 δὲ
1353 758 1601 816 μέμφονται

248 834 391 887 βαρὺν
424 833 548 883 ὄντας
587 839 678 881 πῶς
717 829 757 873 δ’
801 825 898 873 οἶόν
937 847 983 872 τε
1020 829 1092 872 καὶ
1137 831 1330 885 δίκαιον,
1373 830 1429 885 ἣν
1470 831 1601 881 αὐτὸς

248 903 457 957 ἐκτήσατο
489 905 670 952 πολλοῖς
700 904 854 951 πόνοις
884 900 957 943 καὶ
988 902 1216 951 κινδύνοις
1247 900 1400 957 ἀρχήν,
1441 903 1601 957 ταύτης

248 974 329 1015 οὐκ
362 973 439 1016 ἐᾶν
471 975 627 1029 κύριον
660 970 789 1026 εἶναι,
822 980 998 1028 κρατεῖν
1029 988 1073 1014 τε
1107 971 1179 1014 καὶ
1207 973 1382 1015 διδόναι
1408 979 1467 1030 τῷ
1500 971 1593 1015 κατ’

247 1043 393 1095 ἀξίαν;
426 1044 539 1098 <95>
574 1045 631 1094 ὡς
656 1046 785 1086 τοῦτό
812 1059 860 1098 γε
887 1044 992 1098 μετὰ
1017 1050 1106 1086 τῶν
1132 1044 1280 1085 ἄλλων
1308 1039 1453 1086 ἆθλον
1478 1043 1599 1086 εὐσε-

246 1118 367 1170 βειάς
401 1115 617 1157 ἐκτίθεται
649 1120 708 1172 τῷ
736 1113 938 1169 μέλλοντι
964 1116 1073 1169 πρὸς
1097 1116 1175 1157 τὸν
1200 1111 1304 1157 ποτὲ
1330 1116 1598 1169 γενήσεσθαι

246 1187 431 1243 τοιούτῳ
464 1187 544 1240 τὴν
578 1185 842 1242 ἐπιμέλειαν,
876 1186 949 1227 ἅτε
981 1185 1055 1227 καὶ
1085 1192 1160 1240 τῆς
1197 1185 1380 1241 ἀμοιβῆς
1411 1187 1597 1241 τοσῆσδε

247 1257 382 1312 οὔσης
413 1257 732 1311 ἐπιτυγχάνειν.
795 1257 911 1312 <96>
944 1256 1010 1298 ὅτι
1037 1254 1086 1298 δὲ
1111 1254 1212 1311 μηδ’
1244 1254 1420 1311 εὐσεβὲς
1448 1257 1598 1307 αὐτοῖς

245 1325 356 1382 ὑπὲρ
388 1329 549 1370 τούτου
580 1332 987 1383 πολυπραγμονεῖν,
1025 1328 1230 1382 εὔδηλον·
1271 1328 1294 1370 ὁ
1335 1328 1418 1381 γὰρ
1457 1327 1529 1370 ἀεί
1555 1344 1596 1370 τι

245 1398 344 1455 περὶ
370 1405 445 1453 τῆς
471 1401 695 1454 βασιλείας
722 1399 1056 1453 ἐνθυμούμενος
1083 1401 1492 1454 συγκαταλογίζεται
1518 1400 1596 1441 τὸν

245 1470 445 1512 θάνατον
486 1477 566 1512 τοῦ
606 1472 934 1524 γεγεννηκότος,
973 1468 1074 1524 μεθ’
1118 1468 1169 1511 ὃν
1208 1470 1350 1519 ἄλλως
1392 1469 1472 1512 οὐκ
1504 1472 1595 1512 ἔστι

244 1542 325 1595 τὴν
370 1540 509 1597 ἀρχὴν
553 1543 836 1597 παραλαβεῖν.
911 1540 1027 1595 <97>
1072 1540 1202 1589 αὐτὸς
1246 1537 1286 1581 δ’
1341 1540 1421 1582 ὅσα
1472 1543 1595 1594 βασι-

246 1611 500 1667 λευομένοις
531 1610 602 1653 καὶ
641 1610 855 1666 βασιλέως
892 1609 1046 1653 παισὶν
1083 1611 1164 1665 οὐχ
1196 1610 1432 1667 ὑστερῆσαι
1470 1610 1594 1668 μέχρι

244 1689 328 1725 νῦν
361 1683 617 1737 ἀποδιδούς,
644 1683 697 1725 οὐ
723 1685 905 1738 κόσμον,
938 1682 1017 1738 οὐχ
1042 1682 1300 1737 ὑπηρεσίαν,
1326 1681 1380 1724 οὐ
1405 1683 1596 1738 τρυφήν,

245 1753 355 1795 ἀλλὰ
387 1752 459 1795 καὶ
491 1754 659 1808 γάμους
690 1755 793 1804 τοὺς
819 1753 1164 1808 ἐπισημοτάτους
1189 1757 1509 1809 παρεσχῆσθαι,
1533 1759 1593 1810 τῷ

245 1822 325 1879 μὲν
372 1824 418 1866 ἐκ
461 1831 537 1879 τῆς
580 1824 786 1880 ἀδελφῆς,
826 1823 1098 1882 Ἀλεξάνδρῳ
1144 1822 1193 1866 δὲ
1236 1825 1316 1878 τὴν
1357 1822 1594 1879 Ἀρχελάου

244 1901 323 1936 τοῦ
361 1895 573 1949 βασιλέως
609 1895 835 1951 θυγατέρα
877 1898 1142 1945 συνοικίσας.
1205 1895 1320 1950 <98>
1359 1896 1406 1937 τὸ
1441 1892 1489 1937 δὲ
1521 1895 1628 1950 με’-.

244 1977 410 2019 γιστον,
445 1964 539 2008 οὐδ’
580 1964 649 2007 ἐπὶ
680 1966 911 2017 τοιούτοις,
949 1965 1005 2019 ἣν
1045 1963 1161 2020 εἶχεν
1200 1965 1418 2019 ἐξουσίαν,
1457 1967 1592 2022 ταύτῃ

244 2034 336 2078 κατ’
375 2036 521 2078 αὐτῶν
553 2037 825 2092 χρησάμενος
856 2036 1037 2091 ἀγαγεῖν
1070 2035 1139 2078 ἐπὶ
1170 2038 1248 2079 τὸν
1285 2038 1438 2079 κοινὸν
1472 2037 1592 2092 εὐερ-

243 2105 373 2161 γέτην
412 2109 628 2163 Καίσαρα,
666 2106 737 2149 καὶ
774 2109 1072 2163 παρελόμενος
1118 2108 1254 2150 αὑτοῦ
1291 2113 1379 2149 πᾶν
1417 2107 1524 2150 ὅσον
1564 2107 1590 2163 ἢ

243 2179 384 2232 πατὴρ
417 2176 714 2232 ἀσεβούμενος
745 2177 771 2232 ἢ
798 2180 1004 2233 βασιλεὺς
1030 2178 1425 2233 ἐπιβουλευόμενος
1457 2180 1591 2220 δύνα-

1640 491 1655 516 5

1621 847 1654 871 10

1617 1192 1650 1225 ’15

1615 1553 1649 1579 20

243 2265 333 2302 ται,
382 2251 566 2304 κρίσεως
615 2251 806 2305 ἰσοτιμία
849 2248 1177 2304 παρεστακέναι.
1251 2249 1366 2303 <99>
1412 2250 1588 2304 δεήσειν
1609 2261 1644 2287 30

244 2318 393 2374 μέντοι
438 2321 495 2374 μὴ
540 2320 815 2361 παντάπασιν
859 2320 994 2362 αὐτὸν
1041 2319 1315 2375 ἀτιμώρητον
1365 2319 1589 2375 γενέσθαι,
