1732 2526
744 53 858 85 ΒΙοΣ
1391 52 1476 92 363

130 169 285 209 σοντας
317 159 383 200 ὅτι
415 160 472 213 μὴ
505 165 579 212 τῆς
610 156 711 212 παρ’
750 158 919 200 ἐκείνου
946 159 1234 214 τυγχάνοντες
1265 162 1476 214 βοηθειάς

128 235 216 270 πᾶν
254 229 392 271 ὅπλον
429 231 645 284 ἄχρηστον
684 226 794 270 εἶναι
835 231 1101 283 νομίζουσιν.
1165 230 1309 284 (291)
1341 237 1476 272 ταῦτα

129 297 169 340 δ’
216 301 362 353 ἔλεγεν
406 299 460 341 οὐ
505 297 564 340 δι’
613 298 858 353 εὐσέβειαν,
903 298 1000 340 ἀλλ’
1048 297 1157 354 ὑπὲρ
1202 306 1279 341 τοῦ
1325 303 1476 355 λαβεῖν

128 370 295 412 ἅοπλόν
335 386 386 424 με
426 368 498 411 καὶ
536 371 638 419 τοὺς
676 368 817 423 ἐμούς.
879 369 996 423 κάγὼ
1040 366 1097 410 δι’
1134 369 1329 425 ἀνάγκην
1368 371 1475 424 ὑπή-

90 455 282 493 5κουον,
321 441 378 495 μὴ
417 440 530 490 δόξω
569 448 864 494 καταφρονεῖν
902 446 975 493 τῆς
1006 439 1103 495 περὶ
1137 442 1215 494 τὴν
1247 441 1475 495 εὐσέβειαν

127 511 366 565 ὑποθήκης.
430 511 573 564 <292>
607 511 664 560 ὡς
695 507 777 553 οὖν
809 510 1146 566 ἀνεχωρήσαμεν
1186 509 1251 552 ἐπὶ
1293 512 1343 552 τὰ
1377 511 1475 553 [Tav-

126 588 228 635 τῶν,
265 582 310 622 οἶ
338 578 417 635 μὲν
449 579 547 635 περὶ
580 582 657 623 τὸν
683 579 902 634 Ἰωνάθην
934 581 1154 635 γράφουσι
1186 588 1245 638 τῷ
1274 579 1474 637 Ἰωάννῃ,

125 653 235 705 πρὸς
272 647 431 700 αὐτοὺς
469 650 610 692 ἕωθεν
647 649 886 705 ἀφικέσθαι
924 652 1175 700 κελεύοντες
1217 649 1316 705 μεθ’
1356 652 1473 693 ὅσων

125 721 180 763 ἂν
213 728 488 776 στρατιωτῶν
521 723 714 776 δυνηθῇ·
747 723 967 775 λήψεσθαι
1000 722 1082 775 γὰρ
1117 722 1252 771 εὐθύς
1284 737 1333 776 με
1367 723 1473 764 ὑπο-

72 808 105 833 10
124 795 291 847 χείριον
327 791 398 834 καὶ
436 793 636 845 ποιήσειν
675 793 782 846 ἅπερ
822 794 907 847 ἔχει
941 790 996 833 δι’
1036 792 1176 847 εὐχῆς.
1239 792 1472 847 δεξάμενος

126 860 172 903 δὲ
211 863 290 917 τὴν
329 862 562 916 ἐπιστολὴν
601 862 764 912 ἐκεῖνος
800 862 1042 904 ὑπακούειν
1076 864 1264 917 ἔμελλεν.
1327 865 1472 918 (293)

125 932 208 986 ἐγὼ
242 930 289 974 δὲ
321 939 397 986 τῆς
429 933 634 987 ἐπιούσης
664 932 825 988 ἡμέρας
857 934 938 975 δύο
971 941 1058 974 τῶν
1090 932 1188 987 περὶ
1222 931 1295 987 ἐμὲ
1328 945 1472 989 σωμα-

122 1003 402 1057 τοφυλάκων,
433 1006 535 1053 τοὺς
560 1002 650 1044 κατ’
683 1003 892 1057 ἀνδρείαν
920 1004 1242 1058 δοκιμωτάτους
1267 1003 1338 1045 καὶ
1364 1006 1472 1046 κατὰ

122 1076 269 1115 πίστιν
306 1076 533 1128 βεβαίους,
574 1075 736 1115 κελεύω
777 1074 947 1129 ξιφίδια
984 1075 1236 1129 κρύψαντας
1272 1075 1357 1117 ὑπὸ
1396 1076 1473 1125 τὰς

69 1159 104 1184 15
124 1143 311 1198 ἐσθῆτας
342 1143 438 1198 ἐμοὶ
471 1147 818 1199 συμπροελθεῖν,
856 1143 914 1185 ἵν’
951 1145 992 1185 εἰ
1028 1144 1198 1198 γένοιτο
1237 1147 1353 1200 παρὰ
1385 1154 1472 1188 τῶν

123 1214 297 1269 ἐχθρῶν
325 1214 519 1264 ἐπίθεσις
546 1214 825 1269 ἀμυνώμεθα.
869 1215 1052 1269 θώρακα
1080 1212 1118 1255 δ’
1145 1217 1305 1269 ἔλαβον
1327 1216 1471 1270 αὐτός,

122 1284 193 1326 καὶ
226 1285 443 1340 μάχαιραν
481 1286 768 1340 ὑπεζωσάμην
802 1286 859 1335 ὡς
892 1280 988 1327 οἷόν
1020 1284 1056 1327 τ’
1092 1283 1148 1339 ἧν
1180 1286 1471 1341 ἀφανέστατα,

122 1354 193 1397 καὶ
224 1353 368 1409 ἦλθον
400 1357 461 1405 εἰς
492 1357 571 1409 τὴν
603 1357 866 1411 προσευχήν.

211 1427 354 1480 <294>
396 1428 499 1476 τοὺς
539 1424 619 1480 μὲν
661 1423 742 1468 οὖν
784 1427 868 1467 σὺν
910 1425 1005 1480 ἐμοὶ
1045 1427 1210 1476 πάντας
1254 1427 1470 1470 ἐκκλεῖσαι

67 1511 103 1536 20
122 1496 385 1552 προσέταξεν
417 1495 586 1551 Ἰησοῦς
623 1497 645 1538 ὁ
684 1498 831 1552 ἄρχων
871 1495 1021 1551 (αὐτὸς
1058 1497 1140 1552 γὰρ
1180 1504 1272 1547 ταῖς
1309 1499 1471 1552 θύραις

123 1567 406 1622 ἐφειστήκει),
444 1569 583 1621 μόνον
623 1565 660 1608 δ’
701 1565 774 1621 ἐμὲ
812 1568 917 1621 μετὰ
955 1575 1042 1609 τῶν
1075 1570 1218 1622 φίλων
1250 1569 1469 1611 εἰσελθεῖν

122 1642 280 1679 εἴασεν.
336 1638 480 1691 <295>
514 1638 597 1692 ἤδη
632 1633 670 1679 δ’
701 1637 824 1692 ἡμῶν
856 1639 907 1679 τὰ
934 1640 1097 1692 νόμιμα
1123 1639 1372 1681 ποιούντων
1398 1638 1469 1682 καὶ

121 1710 229 1762 πρὸς
266 1708 396 1763 εὐχὰς
432 1707 738 1764 τραπομένων,
776 1708 963 1758 ἀναστὰς
1001 1709 1023 1750 ὁ
1052 1706 1219 1763 Ἰησοῦς
1249 1709 1349 1765 περὶ
1382 1719 1469 1752 τῶν

121 1777 385 1833 ληφθέντων
430 1778 476 1820 ἐκ
519 1785 597 1821 τοῦ
642 1778 899 1833 ἐμπρησμοῦ
948 1785 1022 1832 τῆς
1064 1781 1292 1834 βασιλικῆς
1335 1781 1470 1835 αὐλῆς

66 1862 102 1888 25
123 1857 291 1890 σκευῶν
335 1847 405 1890 καὶ
451 1855 528 1890 τοῦ
579 1848 750 1903 ἀσήμου
800 1849 1014 1903 ἀργυρίου
1060 1849 1334 1893 ἐπυνθάνετό
1384 1868 1469 1906 μου

119 1920 236 1974 παρὰ
273 1921 361 1961 τίνι
398 1920 603 1974 τυγχάνει
641 1923 829 1974 κείμενα.
891 1926 1025 1961 ταῦτα
1065 1918 1106 1961 δ’
1146 1922 1263 1974 ἔλεγε
1305 1920 1469 1977 διατρί-

120 1994 217 2045 βειν
248 1992 324 2032 τὸν
356 1992 517 2045 χρόνον
542 1993 826 2045 βουλόμενος,
858 1990 938 2040 ἕως
969 1990 1024 2031 ἂν
1051 1990 1072 2032 ὁ
1101 1989 1308 2046 Ἰωάννης
1331 2007 1469 2048 παρα-

120 2060 310 2115 γένηται.
372 2061 516 2114 <296>
560 2060 678 2114 κάγὼ
722 2061 863 2102 πάντα
907 2061 1140 2103 Κάπελλον
1184 2063 1299 2117 ἔχειν
1343 2060 1468 2106 εἶπον

120 2131 191 2173 καὶ
218 2134 319 2181 τοὺς
345 2131 448 2172 δέκα
473 2133 671 2187 πρώτους
703 2130 954 2185 Τιβεριέων,
980 2131 1211 2186 ἀνακρῖναι
1239 2131 1278 2174 δ’
1309 2134 1468 2184 αὐτοὺς

65 2214 101 2238 30
121 2203 231 2256 ἔφην
263 2203 303 2243 εἰ
332 2202 562 2256 ψεύδομαι.
625 2209 711 2244 τῶν
745 2199 793 2243 δὲ
829 2199 929 2257 παρ’
966 2199 1135 2252 ἑαυτοῖς
1173 2200 1285 2244 εἶναι
1318 2207 1469 2257 λεγόν-

120 2288 222 2326 των,
256 2272 318 2315 ‘oo‘
347 2271 385 2313 δ’
423 2272 602 2315 εἴκοσιν’
637 2270 727 2314 εἶπε
761 2272 937 2327 ςχρυσοῖ
965 2272 1042 2322 οὓς
1073 2275 1225 2328 ἔλαβες
1262 2277 1469 2329 πωλήσας

1498 1440 1542 1472 57
