1732 2526
200 60 284 102 343
755 59 983 93 ΙΩΣΗΠΟΤ

199 169 308 221 πρὸς
350 167 485 209 αὐτὸν
515 165 680 220 Ἰησοῦς
717 167 740 209 ὁ
781 172 860 208 τοῦ
899 167 1094 220 Γαμαλᾶ,
1132 172 1219 207 τῶν
1261 165 1308 208 ἐν
1346 165 1454 221 αὐτῇ
1491 171 1566 221 τῇ·

200 241 337 292 βουλῇ
376 235 625 291 γενομένων
664 231 745 290 εἷς,
788 240 915 291 φίλος
966 236 1027 277 ὢν
1071 234 1142 277 καὶ
1187 238 1386 290 συνήθης
1429 234 1543 290 ἐμοί)

202 309 374 362 σφόδρα
416 309 700 363 περιήλγησα,
744 308 846 357 τούς
885 323 928 349 τε
969 308 1147 356 πολίτας
1185 307 1298 348 οὕτω
1340 305 1440 360 περὶ
1472 304 1546 360 ἐμὲ

201 377 466 432 γενομένους
505 378 765 432 ἀχαρίστους
804 377 1009 430 ἐπιγνοὺς
1048 377 1120 417 διὰ
1158 378 1335 431 φθόνον
1374 375 1547 430 ἀναιρε-

204 450 345 501 θῆναί
372 463 423 502 με
449 447 702 503 προστάξαι,
726 445 797 489 καὶ
824 453 882 503 τῷ
908 448 986 488 τὸν
1012 445 1175 501 πατέρα
1201 447 1273 488 διὰ
1299 455 1387 488 τῶν
1412 462 1547 501 γραμ-
1584 456 1603 482 5

204 519 352 572 μάτων
390 518 530 560 πολλά
568 534 619 572 με
657 520 925 572 παρακαλεῖν
964 510 1200 571 ἀφικέσθαι
1244 518 1353 571 πρὸς
1395 517 1546 558 αὐτόν’

203 593 362 630 ποθεῖν
394 590 477 643 γὰρ
510 590 590 642 ἔφη
631 588 881 629 θεάσασθαι
918 588 995 629 τὸν
1033 588 1132 628 υἱὸν
1170 589 1254 640 πρὸ
1294 593 1372 628 τοῦ
1405 590 1548 628 τελευ-

203 664 340 711 τῆσαι.
405 659 547 711 <2Οὸ>
579 664 715 699 ταῦτα
748 658 801 711 δὴ
834 658 942 712 πρὸς
973 658 1075 706 τοὺς
1105 659 1262 712 φίλους
1300 654 1439 710 εἶπον,
1477 655 1548 698 καὶ

205 728 270 769 ὅτι
303 729 408 782 μετὰ
439 730 589 783 τρίτην
620 727 786 782 ἡμέραν
819 727 1068 768 καταλιπὼν
1099 727 1179 780 τὴν
1218 728 1365 782 χώραν
1404 727 1548 768 αὐτῶν

205 800 266 848 εἰς
296 800 375 852 τὴν
407 800 594 851 πατρίδα
626 800 937 852 πορευσοίμην.
1000 798 1114 852 λύπη
1148 797 1185 839 δ’
1225 799 1418 846 ἅπαντας
1448 799 1549 847 τοὺς
1570 809 1604 833 10

206 868 477 918 ἀκούσαντας
501 867 695 923 κατέσχε,
720 868 997 922 παρεκάλουν
1022 883 1066 909 τε
1093 870 1316 917 κλαίοντες
1341 869 1398 921 μὴ
1427 867 1550 921 ἐγκα-

204 941 402 980 ταλιπεῖν
435 938 608 992 αὐτούς,
640 937 971 992 ἀπολουμένους
1000 939 1040 979 εἰ
1063 944 1137 991 τῆς
1163 937 1266 992 ἐμῆς
1292 940 1551 992 στρατηγίας

206 1007 560 1063 ἀποστερηθεῖεν.
618 1009 762 1063 <206>
801 1008 853 1050 οὐ
891 1009 1209 1058 κατανεύοντος
1247 1007 1300 1049 δέ
1334 1024 1418 1062 μου
1456 1015 1551 1058 ταῖς

208 1079 408 1128 ἱκετείαις
439 1080 599 1131 αὐτῶν,
632 1078 742 1120 ἀλλὰ
773 1077 872 1131 περὶ
905 1084 980 1132 τῆς
1013 1078 1203 1133 ἐμαυτοῦ
1242 1080 1551 1133 φροντίζοντος

207 1152 434 1203 σωτηρίας,
469 1150 689 1197 δείσαντες
721 1149 767 1190 οἱ
785 1150 1011 1190 Γαλιλαῖοι
1042 1150 1099 1203 μὴ
1127 1148 1398 1198 ἀπελθόντος
1423 1148 1549 1190 εὐκα-
1570 1159 1605 1186 15

207 1222 472 1274 ταφρόνητοι
504 1226 594 1268 τοῖς
625 1223 801 1274 λῃσταῖς
841 1218 1056 1272 γένοιντο,
1092 1218 1338 1273 πέμπουσιν
1379 1220 1440 1268 είς
1471 1219 1551 1272 τὴν

208 1291 449 1331 Γαλιλαίαν
476 1290 647 1331 ἅπασαν
673 1291 776 1338 τοὺς
803 1295 1107 1343 σημανοῦντας
1130 1289 1210 1342 τὴν
1237 1288 1345 1343 ἐμὴν
1371 1289 1552 1342 γνώμην

206 1358 305 1413 περὶ
337 1366 412 1414 τῆς
442 1360 703 1413 ἀπαλλαγῆς.
766 1359 910 1413 <207>
952 1357 1108 1400 πολλοὶ
1147 1357 1195 1400 δὲ
1234 1357 1305 1400 καὶ
1337 1360 1552 1413 πανταχό-

207 1435 290 1471 θεν
342 1430 649 1484 συνήχθησαν,
699 1429 756 1478 ὡς
800 1430 1020 1483 ἤκουσαν,
1065 1429 1171 1483 μετὰ
1214 1436 1437 1482 γυναικῶν
1480 1427 1552 1470 καὶ

207 1499 386 1554 τέκνων,
425 1499 478 1541 οὐ
515 1502 658 1556 πόθῳ,
698 1501 817 1541 δοκεῖ
850 1515 937 1554 μοι,
970 1505 1029 1556 τῷ
1061 1501 1170 1554 πρὸς
1207 1496 1280 1553 ἐμὲ
1322 1502 1489 1553 μᾶλλον
1526 1498 1609 1552 ἢὲο

207 1576 266 1627 τῷ
299 1569 399 1625 περὶ
425 1570 570 1612 αὑτῶν
598 1569 686 1611 δέει
711 1576 839 1611 τοῦτο
865 1570 1143 1625 πράττοντες·
1177 1569 1284 1623 ἐμοῦ
1310 1569 1392 1623 γὰρ
1418 1583 1555 1623 παρα-

209 1639 419 1694 μένοντος
450 1643 681 1682 πείσεσθαι
719 1641 853 1681 κακὸν
893 1637 1027 1682 οὐδεν
1062 1639 1385 1693 ὑπελάμβανον.
1447 1635 1556 1692 ἧκον

209 1707 291 1752 οὖν
323 1711 480 1760 πάντες
510 1712 572 1760 εἰς
604 1712 652 1752 τὸ
685 1709 794 1765 μέγα
826 1711 979 1753 πεδίον
1012 1710 1059 1752 ἐν
1092 1706 1125 1751 ὦ
1153 1709 1391 1765 διέτριβον·
1424 1704 1556 1750 ’Λσω-

208 1798 274 1836 χις
308 1781 426 1822 ἐστιν
459 1782 598 1835 ὄνομα
630 1781 782 1837 τούτῳ.

151 1861 195 1891 42
301 1852 444 1904 <208>
477 1852 550 1892 διὰ
583 1849 631 1892 δὲ
662 1858 738 1904 τῆς
768 1852 925 1900 νυκτὸς
963 1849 1132 1904 ἐκείνης
1167 1850 1420 1904 θαυμάσιον
1458 1845 1555 1892 οἷον
1575 1862 1609 1887 ⁴25

212 1923 386 1976 ὄνειρον
425 1920 688 1975 ἐθεασάμην.
757 1920 850 1962 ἐπεὶ
888 1921 970 1975 γὰρ
1014 1922 1076 1970 εἰς
1112 1923 1264 1974 κοίτην
1307 1920 1555 1974 ἐτραπόμην

211 1991 283 2032 διὰ
316 1992 367 2032 τὰ
399 1991 621 2045 γραφέντα
654 1992 929 2045 λυπούμενος
960 1990 1032 2032 καὶ
1063 1989 1392 2045 τεταραγμένος,
1428 1989 1555 2039 ἔδοξά

211 2076 308 2102 τινα
342 2059 485 2114 λέγειν
512 2061 744 2103 ἐπιστάντα
771 2077 856 2116 μοι.
901 2061 1047 2115 <209>
1080 2061 1258 2102 <παῦσαι
1283 2062 1362 2114 τὴν
1394 2061 1556 2114 ψυχήν,

211 2128 243 2172 ὦ
278 2127 419 2184 οὗτος,
451 2130 613 2184 ἀλγῶν,
643 2134 805 2180 παντός
831 2129 865 2173 τ’
900 2131 1174 2173 ἀπαλλάττου
1201 2133 1365 2186 φόβου·
1396 2131 1448 2171 τὰ
1474 2131 1556 2183 γὰρ

209 2202 435 2243 λυποῦντά
474 2212 522 2242 σε
559 2201 765 2255 μέγιστον
803 2204 974 2256 ποιήσει
1011 2203 1083 2242 καὶ
1124 2201 1171 2243 ἐν
1212 2207 1345 2243 πᾶσιν
1383 2199 1556 2256 εὐτυχέ-
1575 2213 1611 2238 3ο

304 2286 323 2324 ξ
350 2284 418 2315 204
444 2281 488 2315 cf.
516 2281 607 2316 Bell.
634 2281 712 2316 Iud.
739 2281 772 2314 II
798 2285 853 2325 21,
883 2284 911 2316 7.
