1732 2526
171 1428 190 1458 3

225 106 247 145 7
254 105 278 147 8
713 106 1080 139 APXAIOAOPIAE

223 213 351 268 ἀρετῇ
389 217 602 267 τιμᾶσθαι
642 214 940 266 δικαιότατον,
979 211 1243 268 ἀνῃρηκέναι
1286 209 1332 253 δὲ
1371 210 1441 253 καὶ
1483 211 1571 272 Φά-

223 287 357 337 βατον
395 286 619 339 Καίσαρος
657 284 833 326 δοῦλον.
895 283 1022 338 <55>
1059 281 1130 324 καὶ
1169 285 1389 332 Συλλαῖος
1428 283 1570 323 αἰτίαν

221 351 337 409 εἶχεν
371 353 417 395 ἐκ
447 352 626 396 τοιῶνδ’
665 353 959 408 ἐγκλημάτων.
1021 355 1248 409 Κόρινθος
1285 350 1340 407 ἦν
1366 351 1571 407 ἹΙρώδου

222 425 540 480 σωματοφύλαξ
574 431 652 467 τοῦ
683 424 897 479 βασιλέως
928 424 1114 478 μάλιστα
1149 426 1462 478 πιστευόμενος
1492 421 1564 464 ὑπ’

221 496 368 538 αὐτοῦ.
424 502 581 538 τοῦτον
613 498 759 537 πείθει
791 497 1013 544 Συλλαῖος
1045 493 1114 536 ἐπὶ
1146 497 1335 550 χρήμασι
1367 495 1572 549 μεγάλοις

1608 506 1626 531 5

213 565 421 621 “Ηρώδην
460 566 730 620 ἀποκτεῖναι,
767 564 839 607 καὶ
877 564 1098 620 ὑπέσχετο.
1161 566 1319 619 μαθὼν
1359 561 1440 607 οὖν
1482 565 1594 607 Φά-·

220 639 351 690 βατος
378 639 605 678 Συλλαίου
637 638 746 692 πρὸς
778 636 913 678 αὐτὸν
946 637 1185 691 εἰρηκότος,
1218 637 1431 690 διηγεῖται
1462 636 1571 691 πρὸς

220 708 297 749 τὸν
335 706 531 761 βασιλέα·
585 706 759 761 <56> ὃ
799 704 847 748 δὲ
879 708 1109 762 Κόρινθον
1148 709 1370 761 βασανίζει
1411 709 1570 747 συλλα-

220 778 333 832 βών,
374 777 446 819 καὶ
478 775 603 819 πάντ’
642 777 869 819 ἀνάπυστα
907 774 962 831 ἦν
1000 777 1129 833 αὐτῷ.
1192 777 1489 832 συλλαμβάνει
1522 774 1570 818 δὲ

219 847 291 889 καὶ
336 846 403 889 δύ’
449 847 622 903 ἑτέρους
656 847 845 902 ’Ἀραβας
891 848 1201 901 καταγορεύσει
1242 853 1292 902 τῇ
1338 849 1570 901 Κορίνθου

219 921 498 973 πειθόμενος,
529 921 607 961 τὸν
640 917 719 974 μὲν
751 920 979 974 φύλαρχον
1012 920 1118 960 ὄντα
1149 919 1226 960 τὸν
1259 916 1307 959 δὲ
1342 921 1569 960 Συλλαίου

219 992 369 1045 φίλον·
433 991 559 1044 <ὀῖ>
610 992 656 1031 οἳ
683 990 859 1042 ’καύτοί
905 988 1148 1045 (βασανίζει
1201 990 1283 1045 γὰρ
1335 989 1496 1039 αὐτοὺς
1545 989 1568 1031 ὁ

219 1060 442 1115 βασιλεύς)
487 1061 745 1115 ὡμολόγουν
789 1061 854 1102 ὅτι
903 1067 1082 1115 παρεῖεν
1133 1059 1467 1115 ἐξοτρυνοῦντες
1511 1060 1569 1114 μὴ

219 1134 531 1185 μαλακίζεσθαι
565 1133 815 1185 Κόρινθον,
856 1129 928 1172 καὶ
966 1134 1120 1172 εἵπου
1161 1131 1327 1184 δεήσειε
1361 1128 1434 1171 καὶ
1466 1141 1569 1183 συγ-

217 1203 607 1258 χειρουργήσοντες
648 1201 765 1258 αὐτῷ
806 1202 883 1243 τὸν
925 1203 1080 1256 φόνον.
1141 1199 1212 1242 καὶ
1251 1204 1568 1256 Σατουρνῖνος,

220 1273 450 1327 δηλώσεως
488 1272 604 1329 αὐτῷ
643 1272 820 1314 πάντων
857 1271 942 1314 ὑπὸ
969 1270 1174 1325 Ἡρώδου
1212 1270 1470 1326 γενομένης,
1509 1272 1570 1321 εἰς

211 1341 379 1399 Ῥώμην
413 1342 648 1398 ἐξέπεμψεν
681 1343 851 1393 αὐτούς.

308 1416 422 1469 <58>
465 1412 676 1470 Φερώραν
715 1411 754 1455 δ’
800 1415 987 1469 ἰσχυρῶς
1025 1412 1266 1468 ἐμμένοντα
1304 1413 1456 1470 εὐνοίᾳ
1492 1420 1569 1468 τῆς

218 1487 443 1539 γυναικός,
483 1484 727 1540 ἀναχωρεῖν
764 1486 826 1534 είς
863 1486 943 1539 τὴν
982 1485 1118 1527 αὑτοῦ
1149 1482 1351 1540 “Ηρώδης
1387 1484 1567 1526 κελεύει.

219 1556 240 1598 ὃ
275 1555 316 1597 δ’
352 1555 549 1609 ἀσμένως
581 1555 650 1597 ἐπὶ
683 1557 762 1610 τὴν
794 1557 1051 1611 τετραρχίαν
1083 1555 1270 1611 ἀπῆρεν,
1301 1552 1426 1598 πόλλ’
1465 1555 1566 1609 ὀμό-

219 1639 294 1677 σας
328 1627 380 1669 οὐ
412 1629 627 1682 πρότερον
658 1626 778 1680 ἥξειν
812 1626 835 1680 ἢ
868 1627 1057 1668 πύθοιτο
1083 1624 1291 1681 Ἡρώδην
1322 1629 1567 1679 τετελευτη-

217 1701 340 1740 κότα·
397 1699 506 1739 ὥστε
550 1696 622 1739 καὶ
666 1699 936 1751 νοσήσαντος
986 1704 1064 1739 τοῦ
1108 1696 1320 1752 βασιλέως
1363 1695 1567 1748 ἀξιωθεὶς

218 1770 339 1823 ἥκειν
372 1768 445 1810 ἐπί
473 1785 607 1810 τινων
633 1769 911 1810 πιστεύσεσιν
938 1767 1145 1822 ἐντολῶν,
1177 1769 1218 1810 εί
1247 1767 1397 1822 μέλλοι
1422 1770 1567 1809 τελευ-

217 1846 317 1894 τᾶν,
361 1840 440 1894 οὐχ
484 1839 732 1893 ὑπήκουσεν
774 1837 844 1880 ἐπὶ
885 1844 984 1893 τιμῇ
1025 1845 1103 1881 τοῦ
1146 1839 1292 1893 ὅρκου.
1355 1838 1470 1892 <59>
1513 1837 1566 1879 οὐ

217 1911 304 1965 μὴν
341 1908 542 1964 “Ηρώδης
592 1925 640 1963 γε
684 1917 875 1964 μιμεῖται
926 1910 1005 1963 τὴν
1051 1908 1119 1951 ε’πὶ
1163 1905 1344 1952 τοιοῖσδ’
1394 1908 1565 1951 ἐκείνου

218 1978 397 2035 γνώμην
435 1981 866 2036 προαποφηνάμενον
897 1981 952 2034 ἢν
985 1982 1094 2035 ἔχει,
1131 1977 1226 2022 ἀλλ’
1262 1977 1366 2033 ἧκεν
1398 1979 1456 2029 ὡς
1486 1980 1565 2021 τὸν

221 2049 452 2106 Φερώραν,
491 2050 639 2105 ἐπειδὴ
678 2051 864 2106 ὕστερον
902 2052 1078 2106 ἄρχεται
1116 2058 1285 2104 νοσεῖν,
1329 2048 1400 2091 καὶ
1439 2065 1564 2105 μετα-

216 2123 409 2176 κλήσεως
440 2121 556 2178 αὐτςό
590 2122 648 2176 μὴ
681 2120 928 2176 γενομένης.
984 2123 1183 2163 θανόντα
1217 2119 1264 2162 δὲ
1293 2122 1564 2175 περιστείλας

217 2191 286 2234 ἐπὶ
317 2191 635 2247 Ἱεροσολύμων
678 2191 892 2247 ἀγόμενος
930 2198 1068 2247 ταφῆς
1108 2190 1246 2246 ἠξίου,
1287 2189 1358 2232 καὶ
1399 2189 1564 2240 πένθος

216 2262 325 2319 μέγα
358 2261 420 2305 ἐπ’
460 2262 576 2319 αὐτῷ
608 2263 841 2318 προύθετο.

313 2349 330 2387 ξ
359 2348 401 2379 58
430 2343 473 2379 cf.
505 2343 594 2379 Bell.
619 2343 697 2379 Iud.
726 2343 741 2376 I
769 2346 823 2388 29,
851 2347 882 2378 4.

1591 858 1626 883 10

1589 1212 1625 1237 15

1585 1565 1621 1591 20

1585 1921 1620 1946 25

1581 2274 1615 2299 20
