<?xml version="1.0" encoding="UTF-8"?>
<!DOCTYPE html PUBLIC "-//W3C//DTD XHTML 1.0 Transitional//EN"
    "http://www.w3.org/TR/xhtml1/DTD/xhtml1-transitional.dtd">
<html xmlns="http://www.w3.org/1999/xhtml" xml:lang="en" lang="en">
 <head>
  <title>
</title>
<meta http-equiv="Content-Type" content="text/html;charset=utf-8" />
  <meta name='ocr-system' content='tesseract 3.04.00' />
  <meta name='ocr-capabilities' content='ocr_page ocr_carea ocr_par ocr_line ocrx_word'/>
</head>
<body>
  <div class='ocr_page' id='page_1' title='image "./flaviiiosephiope04joseuoft_0188.png"; bbox 0 0 1732 2526; ppageno 0'>
   <div class='ocr_carea' id='block_1_1' title="bbox 516 561 1297 605">
    <p class='ocr_par' dir='ltr' id='par_1_1' title="bbox 516 561 1297 605">
     <span class='ocr_line' id='line_1_1' title="bbox 516 561 1297 605; baseline -0.003 0"><span class='ocrx_word' id='word_1_1' title='bbox 516 561 736 605; x_wconf 85' lang='grc' dir='ltr'>ΒΙΒΛΟΣ</span> <span class='ocrx_word' id='word_1_2' title='bbox 776 561 1297 604; x_wconf 77' lang='grc' dir='ltr'><strong>ΟΚΤΩΚΑΙΔΕΚΑΤΗ.</strong></span> 
     </span>
    </p>
   </div>
   <div class='ocr_carea' id='block_1_2' title="bbox 158 653 1638 2350">
    <p class='ocr_par' dir='ltr' id='par_1_2' title="bbox 183 653 1638 1573">
     <span class='ocr_line' id='line_1_2' title="bbox 183 653 1581 724; baseline -0.002 -12"><span class='ocrx_word' id='word_1_3' title='bbox 183 653 220 712; x_wconf 57' lang='lat' dir='ltr'><strong>f</strong></span> <span class='ocrx_word' id='word_1_4' title='bbox 321 670 406 724; x_wconf 89' lang='grc'><em>&lt;1&gt;</em></span> <span class='ocrx_word' id='word_1_5' title='bbox 439 671 652 724; x_wconf 89' lang='grc' dir='ltr'><em>Κυρίνιος</em></span> <span class='ocrx_word' id='word_1_6' title='bbox 684 667 752 722; x_wconf 90' lang='grc' dir='ltr'><em>δέ,</em></span> <span class='ocrx_word' id='word_1_7' title='bbox 789 676 877 710; x_wconf 83' lang='grc' dir='ltr'><em>τῶν</em></span> <span class='ocrx_word' id='word_1_8' title='bbox 915 669 976 718; x_wconf 77' lang='grc' dir='ltr'><em>εἰς</em></span> <span class='ocrx_word' id='word_1_9' title='bbox 1013 669 1093 722; x_wconf 87' lang='grc' dir='ltr'><em>τὴν</em></span> <span class='ocrx_word' id='word_1_10' title='bbox 1131 668 1299 722; x_wconf 87' lang='grc' dir='ltr'><em>βουλὴν</em></span> <span class='ocrx_word' id='word_1_11' title='bbox 1337 667 1581 723; x_wconf 88' lang='grc' dir='ltr'><em>συναγομέ-</em></span> 
     </span>
     <span class='ocr_line' id='line_1_3' title="bbox 229 737 1581 796; baseline -0.001 -14"><span class='ocrx_word' id='word_1_12' title='bbox 229 756 323 782; x_wconf 95' lang='grc' dir='ltr'><em>νων</em></span> <span class='ocrx_word' id='word_1_13' title='bbox 371 740 548 796; x_wconf 85' lang='grc' dir='ltr'><em>ἀνδρῶν</em></span> <span class='ocrx_word' id='word_1_14' title='bbox 595 739 670 789; x_wconf 85' lang='grc' dir='ltr'><em>τάς</em></span> <span class='ocrx_word' id='word_1_15' title='bbox 716 737 755 780; x_wconf 76' lang='grc' dir='ltr'><em>τ’</em></span> <span class='ocrx_word' id='word_1_16' title='bbox 800 740 933 788; x_wconf 78' lang='grc' dir='ltr'><em>ἄλλας</em></span> <span class='ocrx_word' id='word_1_17' title='bbox 979 738 1114 794; x_wconf 86' lang='grc' dir='ltr'><em>ἀρχὰς</em></span> <span class='ocrx_word' id='word_1_18' title='bbox 1161 738 1463 789; x_wconf 77' lang='grc' dir='ltr'><strong><em>ἐπιτετελεκὼς</em></strong></span> <span class='ocrx_word' id='word_1_19' title='bbox 1508 737 1581 780; x_wconf 87' lang='grc' dir='ltr'><em>καὶ</em></span> 
     </span>
     <span class='ocr_line' id='line_1_4' title="bbox 231 807 1575 863; baseline -0.001 -11"><span class='ocrx_word' id='word_1_20' title='bbox 231 812 304 852; x_wconf 76' lang='grc' dir='ltr'><em>διὰ</em></span> <span class='ocrx_word' id='word_1_21' title='bbox 345 818 497 852; x_wconf 84' lang='grc' dir='ltr'>πασῶν</span> <span class='ocrx_word' id='word_1_22' title='bbox 540 810 725 859; x_wconf 79' lang='grc' dir='ltr'><strong><em>ὁδεύσας</em></strong></span> <span class='ocrx_word' id='word_1_23' title='bbox 767 809 824 859; x_wconf 88' lang='grc' dir='ltr'><em>ὡς</em></span> <span class='ocrx_word' id='word_1_24' title='bbox 863 807 936 851; x_wconf 85' lang='grc' dir='ltr'><em>καὶ</em></span> <span class='ocrx_word' id='word_1_25' title='bbox 976 809 1139 858; x_wconf 76' lang='grc' dir='ltr'><em>ὕπατος</em></span> <span class='ocrx_word' id='word_1_26' title='bbox 1176 807 1405 863; x_wconf 85' lang='grc' dir='ltr'><em>γενέσθαι,</em></span> <span class='ocrx_word' id='word_1_27' title='bbox 1450 809 1501 851; x_wconf 89' lang='grc' dir='ltr'><em>τά</em></span> <span class='ocrx_word' id='word_1_28' title='bbox 1539 808 1575 850; x_wconf 87' lang='grc' dir='ltr'><em>τ’</em></span> 
     </span>
     <span class='ocr_line' id='line_1_5' title="bbox 229 878 1582 936; baseline -0.001 -13"><span class='ocrx_word' id='word_1_29' title='bbox 229 880 327 923; x_wconf 73' lang='grc' dir='ltr'><em>ἀλλ’</em></span> <span class='ocrx_word' id='word_1_30' title='bbox 366 881 575 935; x_wconf 84' lang='grc' dir='ltr'><em>ἀξιώματι</em></span> <span class='ocrx_word' id='word_1_31' title='bbox 613 879 746 935; x_wconf 90' lang='grc' dir='ltr'><em>μέγας</em></span> <span class='ocrx_word' id='word_1_32' title='bbox 784 882 866 921; x_wconf 87' lang='grc' dir='ltr'><em>σὺν</em></span> <span class='ocrx_word' id='word_1_33' title='bbox 905 879 1091 933; x_wconf 76' lang='grc' dir='ltr'><em>ὀλίγοις,</em></span> <span class='ocrx_word' id='word_1_34' title='bbox 1130 878 1199 921; x_wconf 86' lang='grc' dir='ltr'><em>ε’πὶ</em></span> <span class='ocrx_word' id='word_1_35' title='bbox 1231 882 1400 935; x_wconf 79' lang='grc' dir='ltr'><em>Συρίας</em></span> <span class='ocrx_word' id='word_1_36' title='bbox 1436 886 1582 936; x_wconf 83' lang='grc' dir='ltr'><em>παρῆν</em></span> 
     </span>
     <span class='ocr_line' id='line_1_6' title="bbox 228 950 1635 1007; baseline 0 -13"><span class='ocrx_word' id='word_1_37' title='bbox 228 952 316 994; x_wconf 86' lang='grc' dir='ltr'><em>ὑπὸ</em></span> <span class='ocrx_word' id='word_1_38' title='bbox 358 954 581 1007; x_wconf 89' lang='grc' dir='ltr'><em>Καίσαρος</em></span> <span class='ocrx_word' id='word_1_39' title='bbox 622 951 898 1005; x_wconf 73' lang='grc' dir='ltr'><em>δικαιοδότης</em></span> <span class='ocrx_word' id='word_1_40' title='bbox 937 957 1016 992; x_wconf 91' lang='grc' dir='ltr'><em>τοῦ</em></span> <span class='ocrx_word' id='word_1_41' title='bbox 1058 952 1220 1000; x_wconf 78' lang='grc' dir='ltr'><em>ἔθνους</em></span> <span class='ocrx_word' id='word_1_42' title='bbox 1260 950 1583 1006; x_wconf 79' lang='grc' dir='ltr'><em>ἀπεσταλμένος</em></span> <span class='ocrx_word' id='word_1_43' title='bbox 1618 968 1635 994; x_wconf 86' lang='lat'><strong>5</strong></span> 
     </span>
     <span class='ocr_line' id='line_1_7' title="bbox 228 1020 1578 1077; baseline 0 -13"><span class='ocrx_word' id='word_1_44' title='bbox 228 1021 301 1065; x_wconf 86' lang='grc' dir='ltr'><em>καὶ</em></span> <span class='ocrx_word' id='word_1_45' title='bbox 322 1024 502 1077; x_wconf 86' lang='grc' dir='ltr'><em>τιμητὴς</em></span> <span class='ocrx_word' id='word_1_46' title='bbox 526 1029 614 1064; x_wconf 86' lang='grc' dir='ltr'><em>τῶν</em></span> <span class='ocrx_word' id='word_1_47' title='bbox 641 1022 806 1063; x_wconf 85' lang='grc' dir='ltr'><em>οὐσιῶν</em></span> <span class='ocrx_word' id='word_1_48' title='bbox 832 1023 1136 1076; x_wconf 81' lang='grc' dir='ltr'><em>γενησόμενος.</em></span> <span class='ocrx_word' id='word_1_49' title='bbox 1174 1021 1259 1076; x_wconf 76' lang='grc'><em>&lt;2&gt;</em></span> <span class='ocrx_word' id='word_1_50' title='bbox 1278 1023 1523 1072; x_wconf 82' lang='grc' dir='ltr'><em>Κωπώνιός</em></span> <span class='ocrx_word' id='word_1_51' title='bbox 1542 1020 1578 1064; x_wconf 80' lang='grc' dir='ltr'><em>τ’</em></span> 
     </span>
     <span class='ocr_line' id='line_1_8' title="bbox 228 1091 1585 1151; baseline 0 -16"><span class='ocrx_word' id='word_1_52' title='bbox 228 1093 347 1151; x_wconf 72' lang='grc' dir='ltr'><em>αὐτῷ</em></span> <span class='ocrx_word' id='word_1_53' title='bbox 375 1092 801 1147; x_wconf 75' lang='grc' dir='ltr'><em>συγκαταπέμπεται,</em></span> <span class='ocrx_word' id='word_1_54' title='bbox 836 1092 1052 1146; x_wconf 76' lang='grc' dir='ltr'><em>τάγματος</em></span> <span class='ocrx_word' id='word_1_55' title='bbox 1084 1099 1172 1134; x_wconf 84' lang='grc' dir='ltr'><em>τῶν</em></span> <span class='ocrx_word' id='word_1_56' title='bbox 1207 1091 1392 1147; x_wconf 75' lang='grc' dir='ltr'><em>ἱππέων,</em></span> <span class='ocrx_word' id='word_1_57' title='bbox 1424 1092 1585 1148; x_wconf 84' lang='grc' dir='ltr'><em>ἡγησό-</em></span> 
     </span>
     <span class='ocr_line' id='line_1_9' title="bbox 228 1161 1585 1220; baseline 0 -14"><span class='ocrx_word' id='word_1_58' title='bbox 228 1180 361 1219; x_wconf 84' lang='grc' dir='ltr'><em>μενος</em></span> <span class='ocrx_word' id='word_1_59' title='bbox 390 1163 618 1206; x_wconf 81' lang='grc' dir='ltr'><em>Ἰουδαίων</em></span> <span class='ocrx_word' id='word_1_60' title='bbox 650 1169 700 1218; x_wconf 73' lang='grc' dir='ltr'><em>τῇ</em></span> <span class='ocrx_word' id='word_1_61' title='bbox 734 1161 803 1204; x_wconf 82' lang='grc' dir='ltr'><em>ἐπὶ</em></span> <span class='ocrx_word' id='word_1_62' title='bbox 835 1169 970 1205; x_wconf 81' lang='grc' dir='ltr'><em>πᾶσιν</em></span> <span class='ocrx_word' id='word_1_63' title='bbox 1003 1162 1190 1220; x_wconf 75' lang='grc' dir='ltr'><em>ἐξουσία.</em></span> <span class='ocrx_word' id='word_1_64' title='bbox 1255 1169 1400 1219; x_wconf 82' lang='grc' dir='ltr'><em>παρῆν</em></span> <span class='ocrx_word' id='word_1_65' title='bbox 1432 1161 1481 1205; x_wconf 74' lang='grc' dir='ltr'><em>δὲ</em></span> <span class='ocrx_word' id='word_1_66' title='bbox 1511 1163 1585 1206; x_wconf 88' lang='grc' dir='ltr'><em>καὶ</em></span> 
     </span>
     <span class='ocr_line' id='line_1_10' title="bbox 231 1232 1585 1291; baseline -0.001 -14"><span class='ocrx_word' id='word_1_67' title='bbox 231 1237 446 1291; x_wconf 75' lang='grc' dir='ltr'><em>Κυρίνιος</em></span> <span class='ocrx_word' id='word_1_68' title='bbox 490 1236 551 1284; x_wconf 80' lang='grc' dir='ltr'><em>εἰς</em></span> <span class='ocrx_word' id='word_1_69' title='bbox 593 1234 673 1288; x_wconf 87' lang='grc' dir='ltr'><em>τὴν</em></span> <span class='ocrx_word' id='word_1_70' title='bbox 713 1232 934 1276; x_wconf 87' lang='grc' dir='ltr'><em>Ἰουδαίαν</em></span> <span class='ocrx_word' id='word_1_71' title='bbox 983 1235 1245 1289; x_wconf 81' lang='grc' dir='ltr'><em>προσθήκην</em></span> <span class='ocrx_word' id='word_1_72' title='bbox 1294 1240 1370 1288; x_wconf 84' lang='grc' dir='ltr'><em>τῆς</em></span> <span class='ocrx_word' id='word_1_73' title='bbox 1412 1237 1585 1291; x_wconf 85' lang='grc' dir='ltr'><em>Συρίας</em></span> 
     </span>
     <span class='ocr_line' id='line_1_11' title="bbox 229 1301 1638 1361; baseline 0 -13"><span class='ocrx_word' id='word_1_74' title='bbox 229 1304 497 1361; x_wconf 80' lang='grc' dir='ltr'><em>γενομένην,</em></span> <span class='ocrx_word' id='word_1_75' title='bbox 536 1304 914 1359; x_wconf 82' lang='grc' dir='ltr'><em>ἀποτιμησόμενός</em></span> <span class='ocrx_word' id='word_1_76' title='bbox 952 1301 989 1346; x_wconf 80' lang='grc' dir='ltr'><em>τ’</em></span> <span class='ocrx_word' id='word_1_77' title='bbox 1026 1305 1171 1347; x_wconf 86' lang='grc' dir='ltr'><em>αὐτῶν</em></span> <span class='ocrx_word' id='word_1_78' title='bbox 1209 1306 1285 1355; x_wconf 83' lang='grc' dir='ltr'><em>τὰς</em></span> <span class='ocrx_word' id='word_1_79' title='bbox 1322 1305 1476 1355; x_wconf 90' lang='grc' dir='ltr'><em>οὐσίας</em></span> <span class='ocrx_word' id='word_1_80' title='bbox 1511 1304 1638 1348; x_wconf 65' lang='lat' dir='ltr'><em>nal-10</em></span> 
     </span>
     <span class='ocr_line' id='line_1_12' title="bbox 230 1371 1585 1432; baseline 0 -14"><span class='ocrx_word' id='word_1_81' title='bbox 230 1376 571 1431; x_wconf 78' lang='grc' dir='ltr'><em>ἀποδωσόμενος</em></span> <span class='ocrx_word' id='word_1_82' title='bbox 619 1376 671 1417; x_wconf 77' lang='grc' dir='ltr'><em>τὰ</em></span> <span class='ocrx_word' id='word_1_83' title='bbox 715 1371 951 1431; x_wconf 80' lang='grc' dir='ltr'><em>Ἀρχελάου</em></span> <span class='ocrx_word' id='word_1_84' title='bbox 1001 1377 1211 1432; x_wconf 86' lang='grc' dir='ltr'><em>χρήματα.</em></span> <span class='ocrx_word' id='word_1_85' title='bbox 1280 1375 1377 1431; x_wconf 81' lang='grc'><em>&lt;3&gt;</em></span> <span class='ocrx_word' id='word_1_86' title='bbox 1429 1378 1474 1419; x_wconf 83' lang='grc' dir='ltr'><em>οἳ</em></span> <span class='ocrx_word' id='word_1_87' title='bbox 1521 1375 1585 1431; x_wconf 85' lang='grc' dir='ltr'><em>δέ,</em></span> 
     </span>
     <span class='ocr_line' id='line_1_13' title="bbox 228 1444 1585 1503; baseline -0.001 -14"><span class='ocrx_word' id='word_1_88' title='bbox 228 1449 385 1502; x_wconf 83' lang='grc' dir='ltr'><em>καίπερ</em></span> <span class='ocrx_word' id='word_1_89' title='bbox 417 1448 465 1489; x_wconf 90' lang='grc' dir='ltr'><em>τὸ</em></span> <span class='ocrx_word' id='word_1_90' title='bbox 498 1444 589 1488; x_wconf 87' lang='grc' dir='ltr'><em>κατ’</em></span> <span class='ocrx_word' id='word_1_91' title='bbox 622 1445 757 1502; x_wconf 79' lang='grc' dir='ltr'><em>ἀρχὰς</em></span> <span class='ocrx_word' id='word_1_92' title='bbox 791 1445 838 1488; x_wconf 84' lang='grc' dir='ltr'><em>έν</em></span> <span class='ocrx_word' id='word_1_93' title='bbox 871 1447 1002 1503; x_wconf 78' lang='grc' dir='ltr'><em>δεινῷ</em></span> <span class='ocrx_word' id='word_1_94' title='bbox 1035 1445 1245 1501; x_wconf 83' lang='grc' dir='ltr'><em>φέροντες</em></span> <span class='ocrx_word' id='word_1_95' title='bbox 1275 1447 1358 1501; x_wconf 87' lang='grc' dir='ltr'><em>τὴν</em></span> <span class='ocrx_word' id='word_1_96' title='bbox 1390 1445 1460 1488; x_wconf 83' lang='grc' dir='ltr'><em>ἐπὶ</em></span> <span class='ocrx_word' id='word_1_97' title='bbox 1490 1455 1585 1497; x_wconf 82' lang='grc' dir='ltr'><em>ταῖς</em></span> 
     </span>
     <span class='ocr_line' id='line_1_14' title="bbox 228 1516 1584 1573; baseline 0.001 -14"><span class='ocrx_word' id='word_1_98' title='bbox 228 1517 506 1573; x_wconf 80' lang='grc' dir='ltr'><em>ἀπογραφαῖς</em></span> <span class='ocrx_word' id='word_1_99' title='bbox 550 1516 782 1573; x_wconf 87' lang='grc' dir='ltr'><em>ἀκρόασιν,</em></span> <span class='ocrx_word' id='word_1_100' title='bbox 831 1516 1167 1572; x_wconf 86' lang='grc' dir='ltr'><em>ὑποκατέβησαν</em></span> <span class='ocrx_word' id='word_1_101' title='bbox 1209 1523 1288 1560; x_wconf 87' lang='grc' dir='ltr'><em>τοῦ</em></span> <span class='ocrx_word' id='word_1_102' title='bbox 1338 1518 1400 1568; x_wconf 81' lang='grc' dir='ltr'><em>εἰς</em></span> <span class='ocrx_word' id='word_1_103' title='bbox 1449 1516 1584 1560; x_wconf 88' lang='grc' dir='ltr'><em>πλέον</em></span> 
     </span>
    </p>

    <p class='ocr_par' dir='ltr' id='par_1_3' title="bbox 158 1586 1584 1644">
     <span class='ocr_line' id='line_1_15' title="bbox 158 1586 1584 1644; baseline 0 -14"><span class='ocrx_word' id='word_1_104' title='bbox 158 1621 167 1626; x_wconf 75' lang='grc'><em>-</em></span> <span class='ocrx_word' id='word_1_105' title='bbox 229 1587 560 1643; x_wconf 83' lang='grc' dir='ltr'><em>ἐναντιοῦσθαι,</em></span> <span class='ocrx_word' id='word_1_106' title='bbox 591 1591 825 1637; x_wconf 88' lang='grc' dir='ltr'><em>πείσαντος</em></span> <span class='ocrx_word' id='word_1_107' title='bbox 857 1588 1018 1637; x_wconf 90' lang='grc' dir='ltr'><em>αὐτοὺς</em></span> <span class='ocrx_word' id='word_1_108' title='bbox 1049 1594 1127 1630; x_wconf 90' lang='grc' dir='ltr'><em>τοῦ</em></span> <span class='ocrx_word' id='word_1_109' title='bbox 1159 1587 1396 1644; x_wconf 84' lang='grc' dir='ltr'><em>ἀρχιερέως</em></span> <span class='ocrx_word' id='word_1_110' title='bbox 1416 1586 1584 1639; x_wconf 80' lang='grc' dir='ltr'><em>Ἰωαζά-</em></span> 
     </span>
    </p>

    <p class='ocr_par' dir='ltr' id='par_1_4' title="bbox 227 1655 1636 1714">
     <span class='ocr_line' id='line_1_16' title="bbox 227 1655 1636 1714; baseline 0.001 -13"><span class='ocrx_word' id='word_1_111' title='bbox 227 1672 329 1714; x_wconf 90' lang='grc' dir='ltr'><em>ρου·</em></span> <span class='ocrx_word' id='word_1_112' title='bbox 385 1662 570 1713; x_wconf 85' lang='grc' dir='ltr'><em>Βοηθοῦ</em></span> <span class='ocrx_word' id='word_1_113' title='bbox 614 1657 653 1701; x_wconf 82' lang='grc' dir='ltr'><em>δ’</em></span> <span class='ocrx_word' id='word_1_114' title='bbox 701 1656 829 1709; x_wconf 82' lang='grc' dir='ltr'><em>οὗτος</em></span> <span class='ocrx_word' id='word_1_115' title='bbox 869 1659 964 1708; x_wconf 81' lang='grc' dir='ltr'><em>υίὸς</em></span> <span class='ocrx_word' id='word_1_116' title='bbox 1007 1655 1073 1713; x_wconf 76' lang='grc' dir='ltr'><em>ἦν.</em></span> <span class='ocrx_word' id='word_1_117' title='bbox 1136 1657 1209 1701; x_wconf 86' lang='grc' dir='ltr'><em>καὶ</em></span> <span class='ocrx_word' id='word_1_118' title='bbox 1250 1661 1296 1701; x_wconf 82' lang='grc' dir='ltr'><em>οἳ</em></span> <span class='ocrx_word' id='word_1_119' title='bbox 1333 1656 1412 1713; x_wconf 75' lang='grc' dir='ltr'><em>μὲν</em></span> <span class='ocrx_word' id='word_1_120' title='bbox 1456 1659 1582 1714; x_wconf 84' lang='grc' dir='ltr'><em>ἡττη-</em></span> <span class='ocrx_word' id='word_1_121' title='bbox 1603 1675 1636 1702; x_wconf 84' lang='lat'><em>15</em></span> 
     </span>
    </p>

    <p class='ocr_par' dir='ltr' id='par_1_5' title="bbox 226 1728 1580 1785">
     <span class='ocr_line' id='line_1_17' title="bbox 226 1728 1580 1785; baseline 0 -14"><span class='ocrx_word' id='word_1_122' title='bbox 226 1729 382 1779; x_wconf 82' lang='grc' dir='ltr'><em>θέντες</em></span> <span class='ocrx_word' id='word_1_123' title='bbox 419 1736 498 1772; x_wconf 89' lang='grc' dir='ltr'><em>τοῦ</em></span> <span class='ocrx_word' id='word_1_124' title='bbox 532 1728 766 1785; x_wconf 79' lang='grc' dir='ltr'><em>Ἰωαζάρου</em></span> <span class='ocrx_word' id='word_1_125' title='bbox 807 1736 895 1771; x_wconf 84' lang='grc' dir='ltr'><em>τῶν</em></span> <span class='ocrx_word' id='word_1_126' title='bbox 936 1731 1082 1783; x_wconf 89' lang='grc' dir='ltr'><em>λόγων</em></span> <span class='ocrx_word' id='word_1_127' title='bbox 1123 1728 1345 1784; x_wconf 87' lang='grc' dir='ltr'><em>ἀπετίμων</em></span> <span class='ocrx_word' id='word_1_128' title='bbox 1386 1730 1438 1771; x_wconf 78' lang='grc' dir='ltr'><em>τὰ</em></span> <span class='ocrx_word' id='word_1_129' title='bbox 1479 1732 1580 1785; x_wconf 84' lang='grc' dir='ltr'><em>χρή-</em></span> 
     </span>
    </p>

    <p class='ocr_par' dir='ltr' id='par_1_6' title="bbox 226 1798 1582 1926">
     <span class='ocr_line' id='line_1_18' title="bbox 226 1798 1582 1855; baseline 0 -13"><span class='ocrx_word' id='word_1_130' title='bbox 226 1816 361 1855; x_wconf 84' lang='grc' dir='ltr'><em>ματα,</em></span> <span class='ocrx_word' id='word_1_131' title='bbox 405 1798 544 1855; x_wconf 76' lang='grc' dir='ltr'><em>μηδὲν</em></span> <span class='ocrx_word' id='word_1_132' title='bbox 589 1800 912 1850; x_wconf 82' lang='grc' dir='ltr'><em>ἐνδοιάσαντες·</em></span> <span class='ocrx_word' id='word_1_133' title='bbox 967 1800 1063 1855; x_wconf 86' lang='grc'><em>&lt;4&gt;</em></span> <span class='ocrx_word' id='word_1_134' title='bbox 1108 1802 1382 1855; x_wconf 89' lang='grc' dir='ltr'><em>Γαυλανίτης</em></span> <span class='ocrx_word' id='word_1_135' title='bbox 1426 1799 1479 1842; x_wconf 90' lang='grc' dir='ltr'><em>δέ</em></span> <span class='ocrx_word' id='word_1_136' title='bbox 1518 1816 1582 1850; x_wconf 89' lang='grc' dir='ltr'><em>τις</em></span> 
     </span>
     <span class='ocr_line' id='line_1_19' title="bbox 226 1867 1582 1926; baseline -0.001 -13"><span class='ocrx_word' id='word_1_137' title='bbox 226 1870 338 1926; x_wconf 86' lang='grc' dir='ltr'><em>ἀνὴρ</em></span> <span class='ocrx_word' id='word_1_138' title='bbox 367 1867 555 1925; x_wconf 86' lang='grc' dir='ltr'><em>Ἰούδας,</em></span> <span class='ocrx_word' id='word_1_139' title='bbox 600 1871 646 1913; x_wconf 83' lang='grc' dir='ltr'><em>ἐκ</em></span> <span class='ocrx_word' id='word_1_140' title='bbox 683 1873 852 1921; x_wconf 85' lang='grc' dir='ltr'><em>πόλεως</em></span> <span class='ocrx_word' id='word_1_141' title='bbox 890 1872 1030 1926; x_wconf 81' lang='grc' dir='ltr'><em>ὄνομα</em></span> <span class='ocrx_word' id='word_1_142' title='bbox 1068 1871 1271 1926; x_wconf 89' lang='grc' dir='ltr'><em>Γάμαλα,</em></span> <span class='ocrx_word' id='word_1_143' title='bbox 1315 1871 1582 1913; x_wconf 86' lang='grc' dir='ltr'><em>Σάδδουκον</em></span> 
     </span>
    </p>

    <p class='ocr_par' dir='ltr' id='par_1_7' title="bbox 228 1940 1580 1998">
     <span class='ocr_line' id='line_1_20' title="bbox 228 1940 1580 1998; baseline 0 -15"><span class='ocrx_word' id='word_1_144' title='bbox 228 1945 475 1997; x_wconf 81' lang='grc' dir='ltr'><em>Φαρισαῖον</em></span> <span class='ocrx_word' id='word_1_145' title='bbox 500 1944 859 1998; x_wconf 87' lang='grc' dir='ltr'><em>προσλαβόμενος</em></span> <span class='ocrx_word' id='word_1_146' title='bbox 884 1942 1085 1996; x_wconf 82' lang='grc' dir='ltr'><em>ἠπείγετο</em></span> <span class='ocrx_word' id='word_1_147' title='bbox 1119 1940 1183 1984; x_wconf 83' lang='grc' dir='ltr'><em>ἐπ’</em></span> <span class='ocrx_word' id='word_1_148' title='bbox 1217 1941 1467 1995; x_wconf 84' lang='grc' dir='ltr'><em>ἀποστάσει,</em></span> <span class='ocrx_word' id='word_1_149' title='bbox 1499 1943 1580 1996; x_wconf 85' lang='grc' dir='ltr'><em>τήν</em></span> 
     </span>
    </p>

    <p class='ocr_par' dir='ltr' id='par_1_8' title="bbox 223 2010 1633 2068">
     <span class='ocr_line' id='line_1_21' title="bbox 223 2010 1633 2068; baseline 0.001 -14"><span class='ocrx_word' id='word_1_150' title='bbox 223 2011 261 2054; x_wconf 79' lang='grc' dir='ltr'><em>τ’</em></span> <span class='ocrx_word' id='word_1_151' title='bbox 305 2012 567 2067; x_wconf 87' lang='grc' dir='ltr'><em>ἀποτίμησιν</em></span> <span class='ocrx_word' id='word_1_152' title='bbox 606 2010 740 2055; x_wconf 73' lang='grc' dir='ltr'><em>οὐδὲν</em></span> <span class='ocrx_word' id='word_1_153' title='bbox 778 2014 886 2055; x_wconf 77' lang='grc' dir='ltr'><em>ἄλλο</em></span> <span class='ocrx_word' id='word_1_154' title='bbox 925 2012 950 2066; x_wconf 79' lang='grc' dir='ltr'>ἢ</span> <span class='ocrx_word' id='word_1_155' title='bbox 993 2013 1201 2068; x_wconf 77' lang='grc' dir='ltr'><em>ἄντικρυς</em></span> <span class='ocrx_word' id='word_1_156' title='bbox 1242 2013 1450 2055; x_wconf 88' lang='grc' dir='ltr'><em>δουλείαν</em></span> <span class='ocrx_word' id='word_1_157' title='bbox 1488 2011 1577 2054; x_wconf 89' lang='grc' dir='ltr'><em>ε’πι-</em></span> <span class='ocrx_word' id='word_1_158' title='bbox 1598 2029 1633 2055; x_wconf 86' lang='lat'><em>20</em></span> 
     </span>
    </p>

    <p class='ocr_par' dir='ltr' id='par_1_9' title="bbox 224 2081 1579 2139">
     <span class='ocr_line' id='line_1_22' title="bbox 224 2081 1579 2139; baseline -0.001 -14"><span class='ocrx_word' id='word_1_159' title='bbox 224 2082 377 2139; x_wconf 83' lang='grc' dir='ltr'><em>φέρειν</em></span> <span class='ocrx_word' id='word_1_160' title='bbox 421 2083 640 2138; x_wconf 88' lang='grc' dir='ltr'><em>λέγοντες,</em></span> <span class='ocrx_word' id='word_1_161' title='bbox 689 2082 763 2126; x_wconf 81' lang='grc' dir='ltr'><em>καὶ</em></span> <span class='ocrx_word' id='word_1_162' title='bbox 812 2089 888 2138; x_wconf 80' lang='grc' dir='ltr'><em>τῆς</em></span> <span class='ocrx_word' id='word_1_163' title='bbox 932 2082 1188 2137; x_wconf 82' lang='grc' dir='ltr'><em>ἐλευθερίας</em></span> <span class='ocrx_word' id='word_1_164' title='bbox 1232 2081 1296 2126; x_wconf 83' lang='grc' dir='ltr'><em>ἐπ’</em></span> <span class='ocrx_word' id='word_1_165' title='bbox 1347 2082 1579 2137; x_wconf 85' lang='grc' dir='ltr'><em>ἀντιλήψει</em></span> 
     </span>
    </p>

    <p class='ocr_par' dir='ltr' id='par_1_10' title="bbox 222 2150 1578 2350">
     <span class='ocr_line' id='line_1_23' title="bbox 223 2150 1578 2209; baseline 0.001 -14"><span class='ocrx_word' id='word_1_166' title='bbox 223 2156 579 2208; x_wconf 85' lang='grc' dir='ltr'><em>παρακαλοῦντες</em></span> <span class='ocrx_word' id='word_1_167' title='bbox 604 2155 652 2196; x_wconf 93' lang='grc' dir='ltr'><em>τὸ</em></span> <span class='ocrx_word' id='word_1_168' title='bbox 680 2155 830 2208; x_wconf 78' lang='grc' dir='ltr'><em>ἔθνος,</em></span> <span class='ocrx_word' id='word_1_169' title='bbox 863 2154 949 2209; x_wconf 82' lang='grc'><em>&lt;5&gt;</em></span> <span class='ocrx_word' id='word_1_170' title='bbox 981 2154 1039 2204; x_wconf 83' lang='grc' dir='ltr'><em>ὡς</em></span> <span class='ocrx_word' id='word_1_171' title='bbox 1063 2155 1291 2209; x_wconf 84' lang='grc' dir='ltr'><em>παρασχὸν</em></span> <span class='ocrx_word' id='word_1_172' title='bbox 1317 2150 1397 2208; x_wconf 76' lang='grc' dir='ltr'><em>μὲν</em></span> <span class='ocrx_word' id='word_1_173' title='bbox 1423 2169 1578 2209; x_wconf 86' lang='grc' dir='ltr'><em>κατορ-</em></span> 
     </span>
     <span class='ocr_line' id='line_1_24' title="bbox 222 2224 1577 2280; baseline -0.001 -14"><span class='ocrx_word' id='word_1_174' title='bbox 222 2228 342 2266; x_wconf 84' lang='grc' dir='ltr'><em>θοῦν</em></span> <span class='ocrx_word' id='word_1_175' title='bbox 374 2225 436 2274; x_wconf 81' lang='grc' dir='ltr'><em>εἰς</em></span> <span class='ocrx_word' id='word_1_176' title='bbox 465 2225 513 2266; x_wconf 91' lang='grc' dir='ltr'><em>τὸ</em></span> <span class='ocrx_word' id='word_1_177' title='bbox 546 2225 759 2279; x_wconf 79' lang='grc' dir='ltr'><em>εὔδαιμον</em></span> <span class='ocrx_word' id='word_1_178' title='bbox 792 2224 1080 2280; x_wconf 85' lang='grc' dir='ltr'><em>ἀνακειμένης</em></span> <span class='ocrx_word' id='word_1_179' title='bbox 1112 2230 1186 2278; x_wconf 85' lang='grc' dir='ltr'><em>τῆς</em></span> <span class='ocrx_word' id='word_1_180' title='bbox 1216 2225 1424 2278; x_wconf 81' lang='grc' dir='ltr'><em>κτήσεως,</em></span> <span class='ocrx_word' id='word_1_181' title='bbox 1467 2235 1577 2280; x_wconf 85' lang='grc' dir='ltr'><em>σφα-</em></span> 
     </span>
     <span class='ocr_line' id='line_1_25' title="bbox 321 2305 860 2350; baseline 0.004 -11"><span class='ocrx_word' id='word_1_182' title='bbox 321 2309 339 2347; x_wconf 63' lang='lat' dir='ltr'>g</span> <span class='ocrx_word' id='word_1_183' title='bbox 368 2308 385 2338; x_wconf 91' lang='lat'>1</span> <span class='ocrx_word' id='word_1_184' title='bbox 414 2306 458 2340; x_wconf 78' lang='lat' dir='ltr'><em>ef.</em></span> <span class='ocrx_word' id='word_1_185' title='bbox 485 2305 577 2341; x_wconf 60' lang='grc' dir='ltr'>ΒΘΗ.</span> <span class='ocrx_word' id='word_1_186' title='bbox 604 2305 682 2340; x_wconf 69' lang='lat' dir='ltr'>Iud.</span> <span class='ocrx_word' id='word_1_187' title='bbox 710 2305 744 2339; x_wconf 88' lang='grc' dir='ltr'>Π</span> <span class='ocrx_word' id='word_1_188' title='bbox 770 2308 801 2350; x_wconf 79' lang='lat' dir='ltr'><em>S,</em></span> <span class='ocrx_word' id='word_1_189' title='bbox 831 2309 860 2341; x_wconf 91' lang='lat'><em>1.</em></span> 
     </span>
    </p>
   </div>
  </div>
 </body>
</html>
