<?xml version="1.0" encoding="UTF-8"?>
<!DOCTYPE html PUBLIC "-//W3C//DTD XHTML 1.0 Transitional//EN"
    "http://www.w3.org/TR/xhtml1/DTD/xhtml1-transitional.dtd">
<html xmlns="http://www.w3.org/1999/xhtml" xml:lang="en" lang="en">
 <head>
  <title>
</title>
<meta http-equiv="Content-Type" content="text/html;charset=utf-8" />
  <meta name='ocr-system' content='tesseract 3.04.00' />
  <meta name='ocr-capabilities' content='ocr_page ocr_carea ocr_par ocr_line ocrx_word'/>
</head>
<body>
  <div class='ocr_page' id='page_1' title='image "./flaviiiosephiope04joseuoft_0097.png"; bbox 0 0 1732 2526; ppageno 0'>
   <div class='ocr_carea' id='block_1_1' title="bbox 699 51 1542 92">
    <p class='ocr_par' dir='ltr' id='par_1_1' title="bbox 699 51 1542 92">
     <span class='ocr_line' id='line_1_1' title="bbox 699 51 1542 92; baseline 0 -7"><span class='ocrx_word' id='word_1_1' title='bbox 699 54 1039 85; x_wconf 85' lang='grc' dir='ltr'><strong>ΕΚΚΑΙΔΕΚΑΤΗ</strong></span> <span class='ocrx_word' id='word_1_2' title='bbox 1485 51 1542 92; x_wconf 79' lang='grc'><em>45</em></span> 
     </span>
    </p>
   </div>
   <div class='ocr_carea' id='block_1_2' title="bbox 142 158 1587 2336">
    <p class='ocr_par' dir='ltr' id='par_1_2' title="bbox 142 158 1587 2336">
     <span class='ocr_line' id='line_1_2' title="bbox 199 158 1543 214; baseline 0.001 -14"><span class='ocrx_word' id='word_1_3' title='bbox 199 160 260 209; x_wconf 86' lang='grc' dir='ltr'><em>εἰς</em></span> <span class='ocrx_word' id='word_1_4' title='bbox 291 159 487 210; x_wconf 79' lang='grc' dir='ltr'><em>ὑποψίαν</em></span> <span class='ocrx_word' id='word_1_5' title='bbox 518 163 717 212; x_wconf 81' lang='grc' dir='ltr'><em>καθίστη.</em></span> <span class='ocrx_word' id='word_1_6' title='bbox 779 159 924 213; x_wconf 71' lang='grc'>&lt;267&gt;</span> <span class='ocrx_word' id='word_1_7' title='bbox 956 165 1033 201; x_wconf 86' lang='grc' dir='ltr'><em>τοῦ</em></span> <span class='ocrx_word' id='word_1_8' title='bbox 1075 161 1155 213; x_wconf 79' lang='grc' dir='ltr'><em>γὰρ</em></span> <span class='ocrx_word' id='word_1_9' title='bbox 1182 158 1388 213; x_wconf 46' lang='grc' dir='ltr'><em>(Ηρώὸου</em></span> <span class='ocrx_word' id='word_1_10' title='bbox 1420 163 1543 214; x_wconf 90' lang='grc' dir='ltr'><em>χαλε-</em></span> 
     </span>
     <span class='ocr_line' id='line_1_3' title="bbox 198 228 1543 286; baseline 0 -14"><span class='ocrx_word' id='word_1_11' title='bbox 198 237 289 280; x_wconf 86' lang='grc' dir='ltr'><em>πῶς</em></span> <span class='ocrx_word' id='word_1_12' title='bbox 319 229 390 272; x_wconf 83' lang='grc' dir='ltr'><em>καὶ</em></span> <span class='ocrx_word' id='word_1_13' title='bbox 423 232 531 285; x_wconf 85' lang='grc' dir='ltr'><em>πρὸς</em></span> <span class='ocrx_word' id='word_1_14' title='bbox 563 232 640 272; x_wconf 91' lang='grc' dir='ltr'><em>τὸν</em></span> <span class='ocrx_word' id='word_1_15' title='bbox 663 231 877 284; x_wconf 79' lang='grc' dir='ltr'><em>Φερώραν</em></span> <span class='ocrx_word' id='word_1_16' title='bbox 903 232 1091 285; x_wconf 81' lang='grc' dir='ltr'><em>ἔχοντος,</em></span> <span class='ocrx_word' id='word_1_17' title='bbox 1119 230 1141 272; x_wconf 90' lang='grc' dir='ltr'><em>ὃ</em></span> <span class='ocrx_word' id='word_1_18' title='bbox 1168 228 1248 284; x_wconf 74' lang='grc' dir='ltr'><em>μὲν</em></span> <span class='ocrx_word' id='word_1_19' title='bbox 1274 230 1434 286; x_wconf 75' lang='grc' dir='ltr'><em>ἀπορία</em></span> <span class='ocrx_word' id='word_1_20' title='bbox 1465 237 1543 272; x_wconf 89' lang='grc' dir='ltr'><em>τοῦ</em></span> 
     </span>
     <span class='ocr_line' id='line_1_4' title="bbox 198 299 1543 357; baseline 0.001 -16"><span class='ocrx_word' id='word_1_21' title='bbox 198 301 523 355; x_wconf 75' lang='grc' dir='ltr'><em>διαλλάξοντος,</em></span> <span class='ocrx_word' id='word_1_22' title='bbox 551 299 783 357; x_wconf 87' lang='grc' dir='ltr'><em>Ἀρχέλαον</em></span> <span class='ocrx_word' id='word_1_23' title='bbox 815 301 931 356; x_wconf 87' lang='grc' dir='ltr'><em>ὁρῶν</em></span> <span class='ocrx_word' id='word_1_24' title='bbox 957 301 1142 355; x_wconf 84' lang='grc' dir='ltr'><em>μάλιστα</em></span> <span class='ocrx_word' id='word_1_25' title='bbox 1176 302 1440 355; x_wconf 76' lang='grc' dir='ltr'><em>δυνάμενον,</em></span> <span class='ocrx_word' id='word_1_26' title='bbox 1468 302 1543 343; x_wconf 84' lang='grc' dir='ltr'><em>αὐ-</em></span> 
     </span>
     <span class='ocr_line' id='line_1_5' title="bbox 196 371 1542 427; baseline 0.001 -14"><span class='ocrx_word' id='word_1_27' title='bbox 196 372 269 421; x_wconf 89' lang='grc' dir='ltr'><em>τὸς</em></span> <span class='ocrx_word' id='word_1_28' title='bbox 318 372 462 427; x_wconf 86' lang='grc' dir='ltr'><em>τυχὼν</em></span> <span class='ocrx_word' id='word_1_29' title='bbox 512 373 619 426; x_wconf 88' lang='grc' dir='ltr'><em>πρὸς</em></span> <span class='ocrx_word' id='word_1_30' title='bbox 670 371 839 414; x_wconf 85' lang='grc' dir='ltr'><em>ἐκεῖνον</em></span> <span class='ocrx_word' id='word_1_31' title='bbox 891 371 1096 426; x_wconf 75' lang='grc' dir='ltr'><em>ἐτράπετο</em></span> <span class='ocrx_word' id='word_1_32' title='bbox 1147 374 1420 426; x_wconf 78' lang='grc' dir='ltr'><em>μελανείμων</em></span> <span class='ocrx_word' id='word_1_33' title='bbox 1471 371 1542 414; x_wconf 82' lang='grc' dir='ltr'><em>καὶ</em></span> 
     </span>
     <span class='ocr_line' id='line_1_6' title="bbox 159 442 1541 498; baseline 0.001 -15"><span class='ocrx_word' id='word_1_34' title='bbox 159 442 335 484; x_wconf 66' lang='grc' dir='ltr'><em>επάντα</em></span> <span class='ocrx_word' id='word_1_35' title='bbox 378 443 429 484; x_wconf 80' lang='grc' dir='ltr'><em>τὰ</em></span> <span class='ocrx_word' id='word_1_36' title='bbox 473 450 628 497; x_wconf 87' lang='grc' dir='ltr'><em>σημεῖα</em></span> <span class='ocrx_word' id='word_1_37' title='bbox 673 449 747 496; x_wconf 80' lang='grc' dir='ltr'><em>τῆς</em></span> <span class='ocrx_word' id='word_1_38' title='bbox 796 443 900 497; x_wconf 80' lang='grc' dir='ltr'><em>μετὰ</em></span> <span class='ocrx_word' id='word_1_39' title='bbox 950 444 1106 497; x_wconf 83' lang='grc' dir='ltr'><em>μικρὸν</em></span> <span class='ocrx_word' id='word_1_40' title='bbox 1157 442 1372 492; x_wconf 79' lang='grc' dir='ltr'><em>ἀπωλείας</em></span> <span class='ocrx_word' id='word_1_41' title='bbox 1416 446 1541 498; x_wconf 72' lang='grc' dir='ltr'><em>ἔχων,</em></span> 
     </span>
     <span class='ocr_line' id='line_1_7' title="bbox 197 509 1538 569; baseline 0 -15"><span class='ocrx_word' id='word_1_42' title='bbox 197 513 342 567; x_wconf 76' lang='grc'>&lt;268&gt;</span> <span class='ocrx_word' id='word_1_43' title='bbox 371 509 601 569; x_wconf 84' lang='grc' dir='ltr'><em>Ἀρχέλαος</em></span> <span class='ocrx_word' id='word_1_44' title='bbox 633 511 682 555; x_wconf 74' lang='grc' dir='ltr'><em>δὲ</em></span> <span class='ocrx_word' id='word_1_45' title='bbox 715 511 816 556; x_wconf 84' lang='grc' dir='ltr'><em>οὔθ’</em></span> <span class='ocrx_word' id='word_1_46' title='bbox 854 514 1055 568; x_wconf 76' lang='grc' dir='ltr'><em>ὑπερεῖδε</em></span> <span class='ocrx_word' id='word_1_47' title='bbox 1095 515 1174 568; x_wconf 85' lang='grc' dir='ltr'><em>τὴν</em></span> <span class='ocrx_word' id='word_1_48' title='bbox 1213 513 1408 563; x_wconf 80' lang='grc' dir='ltr'><em>ἔντευξιν</em></span> <span class='ocrx_word' id='word_1_49' title='bbox 1446 511 1538 555; x_wconf 83' lang='grc' dir='ltr'><em>οὔτ’</em></span> 
     </span>
     <span class='ocr_line' id='line_1_8' title="bbox 196 581 1544 639; baseline 0 -14"><span class='ocrx_word' id='word_1_50' title='bbox 196 585 278 638; x_wconf 82' lang='grc' dir='ltr'><em>ἔφη</em></span> <span class='ocrx_word' id='word_1_51' title='bbox 313 585 501 633; x_wconf 88' lang='grc' dir='ltr'><em>δυνατὸς</em></span> <span class='ocrx_word' id='word_1_52' title='bbox 531 581 646 626; x_wconf 82' lang='grc' dir='ltr'><em>εἶναι</em></span> <span class='ocrx_word' id='word_1_53' title='bbox 671 586 779 639; x_wconf 85' lang='grc' dir='ltr'><em>ταχὺ</em></span> <span class='ocrx_word' id='word_1_54' title='bbox 807 587 1089 639; x_wconf 81' lang='grc' dir='ltr'><em>μεταπείθειν</em></span> <span class='ocrx_word' id='word_1_55' title='bbox 1121 584 1260 634; x_wconf 81' lang='grc' dir='ltr'><em>οὕτως</em></span> <span class='ocrx_word' id='word_1_56' title='bbox 1287 586 1440 639; x_wconf 78' lang='grc' dir='ltr'><em>ἔχοντα</em></span> <span class='ocrx_word' id='word_1_57' title='bbox 1466 585 1544 625; x_wconf 80' lang='grc' dir='ltr'><em>τὸν</em></span> 
     </span>
     <span class='ocr_line' id='line_1_9' title="bbox 195 652 1544 713; baseline 0 -18"><span class='ocrx_word' id='word_1_58' title='bbox 195 653 394 708; x_wconf 77' lang='grc' dir='ltr'><em>βασιλέα·</em></span> <span class='ocrx_word' id='word_1_59' title='bbox 427 653 602 709; x_wconf 88' lang='grc' dir='ltr'><em>βέλτιον</em></span> <span class='ocrx_word' id='word_1_60' title='bbox 634 653 671 696; x_wconf 83' lang='grc' dir='ltr'><em>δ’</em></span> <span class='ocrx_word' id='word_1_61' title='bbox 711 652 824 697; x_wconf 83' lang='grc' dir='ltr'><em>εἶναι</em></span> <span class='ocrx_word' id='word_1_62' title='bbox 856 655 973 713; x_wconf 80' lang='grc' dir='ltr'><em>αὐτῷ</em></span> <span class='ocrx_word' id='word_1_63' title='bbox 999 654 1229 710; x_wconf 82' lang='grc' dir='ltr'><em>προσιέναι</em></span> <span class='ocrx_word' id='word_1_64' title='bbox 1255 653 1325 696; x_wconf 86' lang='grc' dir='ltr'><em>καὶ</em></span> <span class='ocrx_word' id='word_1_65' title='bbox 1353 655 1544 707; x_wconf 83' lang='grc' dir='ltr'><em>δεῖσθαι,</em></span> 
     </span>
     <span class='ocr_line' id='line_1_10' title="bbox 194 725 1542 780; baseline 0.001 -15"><span class='ocrx_word' id='word_1_66' title='bbox 194 731 283 766; x_wconf 89' lang='grc' dir='ltr'><em>τῶν</em></span> <span class='ocrx_word' id='word_1_67' title='bbox 314 725 492 767; x_wconf 82' lang='grc' dir='ltr'><em>πάντων</em></span> <span class='ocrx_word' id='word_1_68' title='bbox 524 730 666 768; x_wconf 76' lang='grc' dir='ltr'><em>αι”τιον</em></span> <span class='ocrx_word' id='word_1_69' title='bbox 694 726 829 768; x_wconf 85' lang='grc' dir='ltr'><em>αὑτὸν</em></span> <span class='ocrx_word' id='word_1_70' title='bbox 856 726 1178 780; x_wconf 88' lang='grc' dir='ltr'><em>ὁμολογοῦντα·</em></span> <span class='ocrx_word' id='word_1_71' title='bbox 1212 727 1434 780; x_wconf 83' lang='grc' dir='ltr'><em>λωφήσειν</em></span> <span class='ocrx_word' id='word_1_72' title='bbox 1461 726 1542 779; x_wconf 79' lang='grc' dir='ltr'><em>γὰρ</em></span> 
     </span>
     <span class='ocr_line' id='line_1_11' title="bbox 143 794 1543 851; baseline 0.001 -15"><span class='ocrx_word' id='word_1_73' title='bbox 143 815 173 837; x_wconf 69' lang='grc'><em>1,..</em></span> <span class='ocrx_word' id='word_1_74' title='bbox 196 795 310 837; x_wconf 82' lang='grc' dir='ltr'><em>οὕτω</em></span> <span class='ocrx_word' id='word_1_75' title='bbox 344 802 421 838; x_wconf 87' lang='grc' dir='ltr'><em>τοῦ</em></span> <span class='ocrx_word' id='word_1_76' title='bbox 455 800 606 851; x_wconf 87' lang='grc' dir='ltr'><em>θυμοῦ</em></span> <span class='ocrx_word' id='word_1_77' title='bbox 638 798 686 839; x_wconf 92' lang='grc' dir='ltr'><em>τὸ</em></span> <span class='ocrx_word' id='word_1_78' title='bbox 719 798 943 851; x_wconf 88' lang='grc' dir='ltr'><em>περιττόν,</em></span> <span class='ocrx_word' id='word_1_79' title='bbox 982 796 1112 846; x_wconf 85' lang='grc' dir='ltr'><em>αὐτὸς</em></span> <span class='ocrx_word' id='word_1_80' title='bbox 1151 794 1199 838; x_wconf 76' lang='grc' dir='ltr'><em>δὲ</em></span> <span class='ocrx_word' id='word_1_81' title='bbox 1239 799 1543 851; x_wconf 79' lang='grc' dir='ltr'><em>συλλήψεσθαι</em></span> 
     </span>
     <span class='ocr_line' id='line_1_12' title="bbox 192 865 1543 921; baseline 0 -14"><span class='ocrx_word' id='word_1_82' title='bbox 192 867 356 920; x_wconf 80' lang='grc' dir='ltr'><em>παρών.</em></span> <span class='ocrx_word' id='word_1_83' title='bbox 419 867 565 921; x_wconf 75' lang='grc'>&lt;269&gt;</span> <span class='ocrx_word' id='word_1_84' title='bbox 596 873 731 908; x_wconf 88' lang='grc' dir='ltr'><em>ταῦτα</em></span> <span class='ocrx_word' id='word_1_85' title='bbox 765 865 812 908; x_wconf 79' lang='grc' dir='ltr'><em>δὲ</em></span> <span class='ocrx_word' id='word_1_86' title='bbox 844 867 1104 916; x_wconf 71' lang='grc' dir='ltr'><em>πεισθέντος</em></span> <span class='ocrx_word' id='word_1_87' title='bbox 1142 866 1278 909; x_wconf 87' lang='grc' dir='ltr'><em>αὐτοῦ</em></span> <span class='ocrx_word' id='word_1_88' title='bbox 1319 868 1543 921; x_wconf 87' lang='grc' dir='ltr'><em>συναμφό-</em></span> 
     </span>
     <span class='ocr_line' id='line_1_13' title="bbox 192 934 1543 993; baseline 0 -14"><span class='ocrx_word' id='word_1_89' title='bbox 192 952 320 992; x_wconf 88' lang='grc' dir='ltr'><em>τερον</em></span> <span class='ocrx_word' id='word_1_90' title='bbox 352 934 407 991; x_wconf 77' lang='grc' dir='ltr'><em>ἦν</em></span> <span class='ocrx_word' id='word_1_91' title='bbox 441 936 839 993; x_wconf 78' lang='grc' dir='ltr'><em>διαπεπραγμένον,</em></span> <span class='ocrx_word' id='word_1_92' title='bbox 866 939 914 980; x_wconf 81' lang='grc' dir='ltr'><em>αἴ</em></span> <span class='ocrx_word' id='word_1_93' title='bbox 941 954 985 980; x_wconf 88' lang='grc' dir='ltr'><em>τε</em></span> <span class='ocrx_word' id='word_1_94' title='bbox 1019 937 1223 992; x_wconf 84' lang='grc' dir='ltr'><em>διαβολαὶ</em></span> <span class='ocrx_word' id='word_1_95' title='bbox 1260 937 1377 992; x_wconf 81' lang='grc' dir='ltr'><em>παρὰ</em></span> <span class='ocrx_word' id='word_1_96' title='bbox 1409 936 1543 987; x_wconf 82' lang='grc' dir='ltr'><em>δόξαν</em></span> 
     </span>
     <span class='ocr_line' id='line_1_14' title="bbox 193 1005 1543 1063; baseline 0 -14"><span class='ocrx_word' id='word_1_97' title='bbox 193 1005 422 1063; x_wconf 75' lang='grc' dir='ltr'><em>ἀφῄρηντο</em></span> <span class='ocrx_word' id='word_1_98' title='bbox 454 1015 533 1050; x_wconf 89' lang='grc' dir='ltr'><em>τοῦ</em></span> <span class='ocrx_word' id='word_1_99' title='bbox 564 1010 815 1062; x_wconf 75' lang='grc' dir='ltr'><em>νεανίσκου,</em></span> <span class='ocrx_word' id='word_1_100' title='bbox 841 1007 913 1050; x_wconf 81' lang='grc' dir='ltr'><em>καὶ</em></span> <span class='ocrx_word' id='word_1_101' title='bbox 941 1010 1156 1063; x_wconf 88' lang='grc' dir='ltr'><em>Φερώραν</em></span> <span class='ocrx_word' id='word_1_102' title='bbox 1171 1005 1401 1063; x_wconf 84' lang='grc' dir='ltr'><em>Ἀρχέλαος</em></span> <span class='ocrx_word' id='word_1_103' title='bbox 1427 1009 1543 1049; x_wconf 82' lang='grc' dir='ltr'><em>διαλ-</em></span> 
     </span>
     <span class='ocr_line' id='line_1_15' title="bbox 193 1078 1543 1135; baseline 0 -15"><span class='ocrx_word' id='word_1_104' title='bbox 193 1078 324 1129; x_wconf 85' lang='grc' dir='ltr'><em>λάξας</em></span> <span class='ocrx_word' id='word_1_105' title='bbox 355 1079 494 1129; x_wconf 78' lang='grc' dir='ltr'><em>οὕτως</em></span> <span class='ocrx_word' id='word_1_106' title='bbox 525 1081 587 1129; x_wconf 86' lang='grc' dir='ltr'><em>εἰς</em></span> <span class='ocrx_word' id='word_1_107' title='bbox 618 1080 940 1121; x_wconf 83' lang='grc' dir='ltr'><em>Καππαδοκίαν</em></span> <span class='ocrx_word' id='word_1_108' title='bbox 972 1078 1114 1135; x_wconf 73' lang='grc' dir='ltr'><em>ἀπῄει,</em></span> <span class='ocrx_word' id='word_1_109' title='bbox 1147 1078 1460 1134; x_wconf 71' lang='grc' dir='ltr'><em>κεχαρισμένος</em></span> <span class='ocrx_word' id='word_1_110' title='bbox 1486 1079 1543 1128; x_wconf 85' lang='grc' dir='ltr'><em>ὡς</em></span> 
     </span>
     <span class='ocr_line' id='line_1_16' title="bbox 142 1147 1542 1205; baseline -0.001 -14"><span class='ocrx_word' id='word_1_111' title='bbox 142 1165 175 1191; x_wconf 88' lang='lat'><em>15</em></span> <span class='ocrx_word' id='word_1_112' title='bbox 195 1149 276 1191; x_wconf 81' lang='grc' dir='ltr'><em>οὐκ</em></span> <span class='ocrx_word' id='word_1_113' title='bbox 308 1149 439 1199; x_wconf 80' lang='grc' dir='ltr'><em>ἄλλος</em></span> <span class='ocrx_word' id='word_1_114' title='bbox 471 1149 519 1192; x_wconf 83' lang='grc' dir='ltr'><em>ἐν</em></span> <span class='ocrx_word' id='word_1_115' title='bbox 552 1156 602 1205; x_wconf 79' lang='grc' dir='ltr'><em>τῇ</em></span> <span class='ocrx_word' id='word_1_116' title='bbox 634 1152 731 1192; x_wconf 90' lang='grc' dir='ltr'><em>τότε</em></span> <span class='ocrx_word' id='word_1_117' title='bbox 763 1151 1013 1204; x_wconf 78' lang='grc' dir='ltr'><em>περιστάσει</em></span> <span class='ocrx_word' id='word_1_118' title='bbox 1045 1158 1132 1192; x_wconf 85' lang='grc' dir='ltr'><em>τῶν</em></span> <span class='ocrx_word' id='word_1_119' title='bbox 1171 1156 1336 1204; x_wconf 84' lang='grc' dir='ltr'><em>καιρῶν</em></span> <span class='ocrx_word' id='word_1_120' title='bbox 1363 1147 1542 1205; x_wconf 80' lang='grc' dir='ltr'><em>Ἡρώδῃ</em></span> 
     </span>
     <span class='ocr_line' id='line_1_17' title="bbox 193 1219 1544 1276; baseline 0 -14"><span class='ocrx_word' id='word_1_121' title='bbox 193 1222 446 1275; x_wconf 87' lang='grc' dir='ltr'><em>γενόμενος·</em></span> <span class='ocrx_word' id='word_1_122' title='bbox 493 1221 601 1263; x_wconf 85' lang='grc' dir='ltr'><em>ὅθεν</em></span> <span class='ocrx_word' id='word_1_123' title='bbox 632 1220 705 1262; x_wconf 84' lang='grc' dir='ltr'><em>καὶ</em></span> <span class='ocrx_word' id='word_1_124' title='bbox 738 1222 897 1276; x_wconf 78' lang='grc' dir='ltr'><em>δώροις</em></span> <span class='ocrx_word' id='word_1_125' title='bbox 929 1220 1063 1262; x_wconf 85' lang='grc' dir='ltr'><em>αὐτὸν</em></span> <span class='ocrx_word' id='word_1_126' title='bbox 1103 1219 1275 1275; x_wconf 85' lang='grc' dir='ltr'><em>ἐτίμησε</em></span> <span class='ocrx_word' id='word_1_127' title='bbox 1313 1223 1544 1262; x_wconf 82' lang='grc' dir='ltr'><em>πολυτελε-</em></span> 
     </span>
     <span class='ocr_line' id='line_1_18' title="bbox 193 1290 1543 1346; baseline 0 -14"><span class='ocrx_word' id='word_1_128' title='bbox 193 1291 380 1346; x_wconf 81' lang='grc' dir='ltr'><em>στάτοις,</em></span> <span class='ocrx_word' id='word_1_129' title='bbox 411 1291 495 1333; x_wconf 84' lang='grc' dir='ltr'><em>κάν</em></span> <span class='ocrx_word' id='word_1_130' title='bbox 520 1299 611 1341; x_wconf 91' lang='grc' dir='ltr'><em>τοῖς</em></span> <span class='ocrx_word' id='word_1_131' title='bbox 636 1292 787 1341; x_wconf 78' lang='grc' dir='ltr'><em>ἄλλοις</em></span> <span class='ocrx_word' id='word_1_132' title='bbox 813 1295 1149 1346; x_wconf 86' lang='grc' dir='ltr'><em>μεγαλοπρεπῶς</em></span> <span class='ocrx_word' id='word_1_133' title='bbox 1175 1290 1222 1332; x_wconf 82' lang='grc' dir='ltr'><em>ἐν</em></span> <span class='ocrx_word' id='word_1_134' title='bbox 1249 1297 1339 1340; x_wconf 85' lang='grc' dir='ltr'><em>τοῖς</em></span> <span class='ocrx_word' id='word_1_135' title='bbox 1358 1291 1543 1345; x_wconf 85' lang='grc' dir='ltr'><em>μάλιστα</em></span> 
     </span>
     <span class='ocr_line' id='line_1_19' title="bbox 195 1359 1543 1417; baseline 0 -14"><span class='ocrx_word' id='word_1_136' title='bbox 195 1363 329 1416; x_wconf 84' lang='grc' dir='ltr'><em>φίλον</em></span> <span class='ocrx_word' id='word_1_137' title='bbox 361 1360 648 1417; x_wconf 78' lang='grc' dir='ltr'><em>ἡγησάμενος.</em></span> <span class='ocrx_word' id='word_1_138' title='bbox 691 1362 836 1416; x_wconf 78' lang='grc'>&lt;270&gt;</span> <span class='ocrx_word' id='word_1_139' title='bbox 868 1361 1099 1416; x_wconf 82' lang='grc' dir='ltr'><em>ἐποιήσατο</em></span> <span class='ocrx_word' id='word_1_140' title='bbox 1133 1359 1181 1403; x_wconf 76' lang='grc' dir='ltr'><em>δὲ</em></span> <span class='ocrx_word' id='word_1_141' title='bbox 1211 1360 1283 1403; x_wconf 74' lang='grc' dir='ltr'><em>καὶ</em></span> <span class='ocrx_word' id='word_1_142' title='bbox 1317 1363 1543 1416; x_wconf 81' lang='grc' dir='ltr'><em>συνθήκας</em></span> 
     </span>
     <span class='ocr_line' id='line_1_20' title="bbox 197 1430 1542 1488; baseline 0.001 -15"><span class='ocrx_word' id='word_1_143' title='bbox 197 1433 259 1481; x_wconf 82' lang='grc' dir='ltr'><em>είς</em></span> <span class='ocrx_word' id='word_1_144' title='bbox 284 1430 452 1486; x_wconf 87' lang='grc' dir='ltr'><em>Ῥώμην</em></span> <span class='ocrx_word' id='word_1_145' title='bbox 487 1432 651 1487; x_wconf 80' lang='grc' dir='ltr'><em>ἐλθεῖν,</em></span> <span class='ocrx_word' id='word_1_146' title='bbox 684 1432 834 1487; x_wconf 83' lang='grc' dir='ltr'><em>ἐπειδὴ</em></span> <span class='ocrx_word' id='word_1_147' title='bbox 861 1431 959 1488; x_wconf 85' lang='grc' dir='ltr'><em>περὶ</em></span> <span class='ocrx_word' id='word_1_148' title='bbox 985 1433 1154 1475; x_wconf 90' lang='grc' dir='ltr'><em>τούτων</em></span> <span class='ocrx_word' id='word_1_149' title='bbox 1180 1431 1418 1486; x_wconf 75' lang='grc' dir='ltr'><em>ἐγέγραπτο</em></span> <span class='ocrx_word' id='word_1_150' title='bbox 1440 1434 1542 1474; x_wconf 86' lang='grc' dir='ltr'><em>Καί-</em></span> 
     </span>
     <span class='ocr_line' id='line_1_21' title="bbox 145 1502 1546 1559; baseline 0 -15"><span class='ocrx_word' id='word_1_151' title='bbox 145 1519 177 1544; x_wconf 65' lang='grc' dir='ltr'><em>2-,ι</em></span> <span class='ocrx_word' id='word_1_152' title='bbox 201 1515 316 1558; x_wconf 90' lang='grc' dir='ltr'><em>σαρι,</em></span> <span class='ocrx_word' id='word_1_153' title='bbox 349 1502 419 1544; x_wconf 81' lang='grc' dir='ltr'><em>καὶ</em></span> <span class='ocrx_word' id='word_1_154' title='bbox 452 1503 577 1559; x_wconf 89' lang='grc' dir='ltr'><em>μέχρι</em></span> <span class='ocrx_word' id='word_1_155' title='bbox 605 1502 870 1559; x_wconf 83' lang='grc' dir='ltr'><em>Ἀντιοχείας</em></span> <span class='ocrx_word' id='word_1_156' title='bbox 901 1502 971 1545; x_wconf 85' lang='grc' dir='ltr'><em>ἐπὶ</em></span> <span class='ocrx_word' id='word_1_157' title='bbox 1003 1503 1134 1545; x_wconf 83' lang='grc' dir='ltr'><em>ταύτὸ</em></span> <span class='ocrx_word' id='word_1_158' title='bbox 1166 1507 1412 1558; x_wconf 82' lang='grc' dir='ltr'><em>παρῆλθον.</em></span> <span class='ocrx_word' id='word_1_159' title='bbox 1457 1502 1546 1544; x_wconf 79' lang='grc' dir='ltr'><em>ἐκεῖ</em></span> 
     </span>
     <span class='ocr_line' id='line_1_22' title="bbox 194 1571 1542 1629; baseline 0 -14"><span class='ocrx_word' id='word_1_160' title='bbox 194 1572 268 1615; x_wconf 81' lang='grc' dir='ltr'><em>καὶ</em></span> <span class='ocrx_word' id='word_1_161' title='bbox 305 1575 382 1616; x_wconf 87' lang='grc' dir='ltr'><em>τὸν</em></span> <span class='ocrx_word' id='word_1_162' title='bbox 420 1573 614 1628; x_wconf 82' lang='grc' dir='ltr'><em>ἡγεμόνα</em></span> <span class='ocrx_word' id='word_1_163' title='bbox 652 1577 823 1628; x_wconf 87' lang='grc' dir='ltr'><em>Συρίας</em></span> <span class='ocrx_word' id='word_1_164' title='bbox 867 1576 1031 1628; x_wconf 90' lang='grc' dir='ltr'><em>Τίτιον,</em></span> <span class='ocrx_word' id='word_1_165' title='bbox 1069 1573 1117 1615; x_wconf 81' lang='grc' dir='ltr'><em>ἐκ</em></span> <span class='ocrx_word' id='word_1_166' title='bbox 1157 1575 1372 1629; x_wconf 79' lang='grc' dir='ltr'><em>διαφορᾶς</em></span> <span class='ocrx_word' id='word_1_167' title='bbox 1402 1571 1542 1628; x_wconf 87' lang='grc' dir='ltr'><em>Ἀρχε-</em></span> 
     </span>
     <span class='ocr_line' id='line_1_23' title="bbox 196 1643 1543 1702; baseline 0.001 -17"><span class='ocrx_word' id='word_1_168' title='bbox 196 1644 286 1702; x_wconf 81' lang='grc' dir='ltr'><em>λάῳ</em></span> <span class='ocrx_word' id='word_1_169' title='bbox 318 1651 460 1694; x_wconf 84' lang='grc' dir='ltr'><em>κακῶς</em></span> <span class='ocrx_word' id='word_1_170' title='bbox 493 1646 661 1700; x_wconf 84' lang='grc' dir='ltr'><em>ἔχοντα,</em></span> <span class='ocrx_word' id='word_1_171' title='bbox 700 1644 930 1700; x_wconf 78' lang='grc' dir='ltr'><em>διήλλαξεν</em></span> <span class='ocrx_word' id='word_1_172' title='bbox 955 1643 1171 1701; x_wconf 63' lang='grc' dir='ltr'><em>“Ηρώδης,</em></span> <span class='ocrx_word' id='word_1_173' title='bbox 1208 1643 1279 1686; x_wconf 76' lang='grc' dir='ltr'><em>καὶ</em></span> <span class='ocrx_word' id='word_1_174' title='bbox 1317 1644 1450 1686; x_wconf 84' lang='grc' dir='ltr'><em>πάλιν</em></span> <span class='ocrx_word' id='word_1_175' title='bbox 1482 1646 1543 1694; x_wconf 82' lang='grc' dir='ltr'><em>εἰς</em></span> 
     </span>
     <span class='ocr_line' id='line_1_24' title="bbox 191 1712 719 1772; baseline 0.006 -17"><span class='ocrx_word' id='word_1_176' title='bbox 191 1712 411 1757; x_wconf 90' lang='grc' dir='ltr'><em>Ἰουδαίαν</em></span> <span class='ocrx_word' id='word_1_177' title='bbox 445 1715 719 1772; x_wconf 89' lang='grc' dir='ltr'><em>ὑποστρέφει.</em></span> 
     </span>
     <span class='ocr_line' id='line_1_25' title="bbox 284 1785 1587 1844; baseline 0.001 -17"><span class='ocrx_word' id='word_1_178' title='bbox 284 1785 428 1840; x_wconf 76' lang='grc'>&lt;271&gt;</span> <span class='ocrx_word' id='word_1_179' title='bbox 461 1786 684 1844; x_wconf 78' lang='grc' dir='ltr'><em>γενομένῳ</em></span> <span class='ocrx_word' id='word_1_180' title='bbox 718 1785 757 1829; x_wconf 88' lang='grc' dir='ltr'><em>δ’</em></span> <span class='ocrx_word' id='word_1_181' title='bbox 802 1786 850 1829; x_wconf 82' lang='grc' dir='ltr'><em>ἐν</em></span> <span class='ocrx_word' id='word_1_182' title='bbox 886 1793 936 1842; x_wconf 78' lang='grc' dir='ltr'><em>τῇ</em></span> <span class='ocrx_word' id='word_1_183' title='bbox 968 1785 1108 1842; x_wconf 83' lang='grc' dir='ltr'><em>Ῥώμῃ</em></span> <span class='ocrx_word' id='word_1_184' title='bbox 1146 1785 1352 1828; x_wconf 81' lang='grc' dir='ltr'><em>κάκεῖθεν</em></span> <span class='ocrx_word' id='word_1_185' title='bbox 1384 1785 1541 1840; x_wconf 88' lang='grc' dir='ltr'><em>ε’πανή-</em></span> <span class='ocrx_word' id='word_1_186' title='bbox 1562 1788 1587 1828; x_wconf 88' lang='grc'>9</span> 
     </span>
     <span class='ocr_line' id='line_1_26' title="bbox 143 1855 1542 1913; baseline 0.001 -16"><span class='ocrx_word' id='word_1_187' title='bbox 143 1872 176 1897; x_wconf 73' lang='lat'><em>25</em></span> <span class='ocrx_word' id='word_1_188' title='bbox 195 1871 318 1898; x_wconf 83' lang='grc' dir='ltr'><em>κοντι</em></span> <span class='ocrx_word' id='word_1_189' title='bbox 357 1855 545 1912; x_wconf 88' lang='grc' dir='ltr'><em>συνέστη</em></span> <span class='ocrx_word' id='word_1_190' title='bbox 583 1860 771 1912; x_wconf 87' lang='grc' dir='ltr'><em>πόλεμος</em></span> <span class='ocrx_word' id='word_1_191' title='bbox 808 1858 916 1913; x_wconf 75' lang='grc' dir='ltr'><em>πρὸςΙ</em></span> <span class='ocrx_word' id='word_1_192' title='bbox 959 1858 1062 1907; x_wconf 86' lang='grc' dir='ltr'><em>τοὺς</em></span> <span class='ocrx_word' id='word_1_193' title='bbox 1089 1856 1278 1912; x_wconf 76' lang='grc' dir='ltr'><em>’Ἄραβας</em></span> <span class='ocrx_word' id='word_1_194' title='bbox 1317 1856 1358 1907; x_wconf 83' lang='grc' dir='ltr'><em>ἐξ</em></span> <span class='ocrx_word' id='word_1_195' title='bbox 1403 1857 1542 1906; x_wconf 85' lang='grc' dir='ltr'><em>αἰτίας</em></span> 
     </span>
     <span class='ocr_line' id='line_1_27' title="bbox 194 1927 1542 1983; baseline 0.001 -15"><span class='ocrx_word' id='word_1_196' title='bbox 194 1927 441 1982; x_wconf 66' lang='grc' dir='ltr'><em>τοιαύτης.“</em></span> <span class='ocrx_word' id='word_1_197' title='bbox 473 1928 519 1969; x_wconf 83' lang='grc' dir='ltr'><em>οἰ</em></span> <span class='ocrx_word' id='word_1_198' title='bbox 558 1935 864 1978; x_wconf 81' lang='grc' dir='ltr'><em>κατοικοῦντες</em></span> <span class='ocrx_word' id='word_1_199' title='bbox 907 1929 984 1970; x_wconf 89' lang='grc' dir='ltr'><em>τὸν</em></span> <span class='ocrx_word' id='word_1_200' title='bbox 1036 1928 1268 1983; x_wconf 87' lang='grc' dir='ltr'><em>Τράχωνα,</em></span> <span class='ocrx_word' id='word_1_201' title='bbox 1319 1929 1542 1983; x_wconf 83' lang='grc' dir='ltr'><em>Καίσαρος</em></span> 
     </span>
     <span class='ocr_line' id='line_1_28' title="bbox 195 1995 1541 2054; baseline 0 -14"><span class='ocrx_word' id='word_1_202' title='bbox 195 1995 473 2053; x_wconf 83' lang='grc' dir='ltr'><em>ἀφελομένου</em></span> <span class='ocrx_word' id='word_1_203' title='bbox 519 2000 788 2054; x_wconf 88' lang='grc' dir='ltr'><em>Ζηνόδωρον</em></span> <span class='ocrx_word' id='word_1_204' title='bbox 824 1997 897 2040; x_wconf 86' lang='grc' dir='ltr'><em>καὶ</em></span> <span class='ocrx_word' id='word_1_205' title='bbox 934 1996 1208 2054; x_wconf 87' lang='grc' dir='ltr'><em>προσθέντος</em></span> <span class='ocrx_word' id='word_1_206' title='bbox 1238 1996 1417 2054; x_wconf 63' lang='grc' dir='ltr'><em>“Ηρώδῃ</em></span> <span class='ocrx_word' id='word_1_207' title='bbox 1460 1999 1541 2052; x_wconf 85' lang='grc' dir='ltr'><em>τὴν</em></span> 
     </span>
     <span class='ocr_line' id='line_1_29' title="bbox 194 2066 1540 2125; baseline 0 -15"><span class='ocrx_word' id='word_1_208' title='bbox 194 2069 357 2124; x_wconf 85' lang='grc' dir='ltr'><em>χώραν,</em></span> <span class='ocrx_word' id='word_1_209' title='bbox 383 2069 610 2124; x_wconf 80' lang='grc' dir='ltr'><em>λῃστεύειν</em></span> <span class='ocrx_word' id='word_1_210' title='bbox 636 2066 717 2123; x_wconf 75' lang='grc' dir='ltr'><em>μὲν</em></span> <span class='ocrx_word' id='word_1_211' title='bbox 744 2069 824 2112; x_wconf 80' lang='grc' dir='ltr'><em>οὐκ</em></span> <span class='ocrx_word' id='word_1_212' title='bbox 849 2066 970 2125; x_wconf 82' lang='grc' dir='ltr'><em>εἶχον</em></span> <span class='ocrx_word' id='word_1_213' title='bbox 997 2068 1200 2119; x_wconf 83' lang='grc' dir='ltr'><em>ἐξουσίαν</em></span> <span class='ocrx_word' id='word_1_214' title='bbox 1226 2071 1302 2123; x_wconf 83' lang='grc' dir='ltr'><em>ἔτι,</em></span> <span class='ocrx_word' id='word_1_215' title='bbox 1328 2076 1540 2125; x_wconf 87' lang='grc' dir='ltr'><em>γεωργεῖν</em></span> 
     </span>
     <span class='ocr_line' id='line_1_30' title="bbox 197 2137 1541 2195; baseline -0.001 -14"><span class='ocrx_word' id='word_1_216' title='bbox 197 2137 245 2181; x_wconf 78' lang='grc' dir='ltr'><em>δὲ</em></span> <span class='ocrx_word' id='word_1_217' title='bbox 289 2138 362 2181; x_wconf 84' lang='grc' dir='ltr'><em>καὶ</em></span> <span class='ocrx_word' id='word_1_218' title='bbox 408 2141 483 2194; x_wconf 83' lang='grc' dir='ltr'><em>ζῆν</em></span> <span class='ocrx_word' id='word_1_219' title='bbox 530 2139 701 2195; x_wconf 86' lang='grc' dir='ltr'><em>ἡμέρως</em></span> <span class='ocrx_word' id='word_1_220' title='bbox 743 2140 1052 2195; x_wconf 83' lang='grc' dir='ltr'><em>ἠναγκάζοντο.</em></span> <span class='ocrx_word' id='word_1_221' title='bbox 1115 2140 1259 2194; x_wconf 78' lang='grc'>&lt;272&gt;</span> <span class='ocrx_word' id='word_1_222' title='bbox 1304 2141 1352 2182; x_wconf 91' lang='grc' dir='ltr'><em>τὸ</em></span> <span class='ocrx_word' id='word_1_223' title='bbox 1398 2137 1438 2181; x_wconf 88' lang='grc' dir='ltr'><em>δ’</em></span> <span class='ocrx_word' id='word_1_224' title='bbox 1488 2137 1541 2194; x_wconf 81' lang='grc' dir='ltr'><em>ἦν</em></span> 
     </span>
     <span class='ocr_line' id='line_1_31' title="bbox 142 2208 1539 2266; baseline 0.001 -17"><span class='ocrx_word' id='word_1_225' title='bbox 142 2224 177 2250; x_wconf 80' lang='lat'><em>30</em></span> <span class='ocrx_word' id='word_1_226' title='bbox 197 2208 382 2260; x_wconf 85' lang='grc' dir='ltr'><em>ἐκείνοις</em></span> <span class='ocrx_word' id='word_1_227' title='bbox 419 2210 499 2264; x_wconf 89' lang='grc' dir='ltr'><em>οὐχ</em></span> <span class='ocrx_word' id='word_1_228' title='bbox 537 2210 732 2266; x_wconf 76' lang='grc' dir='ltr'><em>αἱρετόν,</em></span> <span class='ocrx_word' id='word_1_229' title='bbox 774 2208 879 2253; x_wconf 78' lang='grc' dir='ltr'><em>οὐδὲ</em></span> <span class='ocrx_word' id='word_1_230' title='bbox 916 2209 1189 2253; x_wconf 84' lang='grc' dir='ltr'><em>λυσιτέλειαν</em></span> <span class='ocrx_word' id='word_1_231' title='bbox 1221 2212 1378 2265; x_wconf 80' lang='grc' dir='ltr'><em>ἔφερεν</em></span> <span class='ocrx_word' id='word_1_232' title='bbox 1424 2210 1447 2264; x_wconf 86' lang='grc' dir='ltr'>ἡ</span> <span class='ocrx_word' id='word_1_233' title='bbox 1486 2216 1539 2264; x_wconf 80' lang='grc' dir='ltr'><em>γῆ</em></span> 
     </span>
     <span class='ocr_line' id='line_1_32' title="bbox 292 2289 884 2336; baseline 0 -10"><span class='ocrx_word' id='word_1_234' title='bbox 292 2295 311 2334; x_wconf 68' lang='grc' dir='ltr'><em>ξ</em></span> <span class='ocrx_word' id='word_1_235' title='bbox 338 2294 406 2326; x_wconf 83' lang='grc'><em>268</em></span> <span class='ocrx_word' id='word_1_236' title='bbox 432 2289 477 2325; x_wconf 84' lang='lat' dir='ltr'><em>ef.</em></span> <span class='ocrx_word' id='word_1_237' title='bbox 504 2290 595 2326; x_wconf 87' lang='lat' dir='ltr'>Bell.</span> <span class='ocrx_word' id='word_1_238' title='bbox 621 2291 701 2327; x_wconf 86' lang='lat' dir='ltr'>Iud.</span> <span class='ocrx_word' id='word_1_239' title='bbox 727 2291 744 2325; x_wconf 85' lang='grc' dir='ltr'>Ι</span> <span class='ocrx_word' id='word_1_240' title='bbox 769 2295 825 2336; x_wconf 81' lang='lat'><em>25,</em></span> <span class='ocrx_word' id='word_1_241' title='bbox 851 2295 884 2327; x_wconf 87' lang='lat'><em>3.</em></span> 
     </span>
    </p>
   </div>
  </div>
 </body>
</html>
