1732 2526
179 1569 198 1598 10

217 107 302 147 104
707 106 1071 139 ΑΡΧΑΙΟΑΟΓΙΑΣ

213 214 447 270 χρημάτων
473 229 517 255 τε
545 214 693 256 δόσεσι
719 212 792 256 καὶ
815 214 1051 269 προσόδων
1077 213 1335 268 ἀναφοραῖς,
1361 209 1578 269 ἑκάστους.

215 286 263 328 ἐν
302 286 486 341 εὐπορίᾳ
524 284 856 340 καθιστάμενος.
918 286 1111 339 Καίσαρι
1151 281 1189 325 δ’
1234 283 1448 338 ἀργυρίου
1488 279 1564 337 μὲν

217 356 432 411 ἐπισήμου
477 355 694 412 μυριάδας
737 357 902 410 χιλίας,
946 353 1079 410 χωρὶς
1123 352 1170 396 δὲ
1215 354 1347 408 σκεύη
1391 353 1443 395 τὰ
1487 350 1566 407 μὲν

215 432 384 482 χρυσοῦ
425 427 476 468 τὰ
516 424 555 467 δ’
599 426 818 481 ἀργύρου,
858 424 930 467 καὶ
973 425 1138 480 ἐσθῆτα
1179 424 1295 466 πάνυ
1336 427 1567 478 πολυτελῆ,

211 495 375 554 Ἰουλίᾳ
425 495 473 539 δὲ
522 503 573 552 τῇ
622 498 844 551 Καίσαρος
892 495 1068 550 γυναικὶ
1118 498 1196 538 καί
1241 506 1356 537 τισιν
1408 493 1570 550 ἑτέροις

216 569 506 617 πεντακοσίας
549 567 776 622 μυριάδας.
838 567 994 621 <191>
1040 572 1176 609 ταῦτα
1221 565 1387 621 πράξας
1431 563 1571 621 ἡμέρα

217 638 387 694 πέμπτῃ
426 634 525 692 μεθ’
563 637 585 679 ὃ
613 636 900 693 Ἀντίπατρον
938 639 1097 680 κτείνει
1134 639 1212 679 τὸν
1242 637 1345 679 υίὸν
1376 639 1571 692 τελευτᾷ,

219 709 483 764 βασιλεύσας
521 704 621 762 μεθ’
665 707 687 749 ὃ
726 705 806 762 μὲν
845 707 1018 750 ἀνεῖλεν
1052 704 1328 762 Ἀντίγονον,
1372 709 1443 762 ἔτη
1482 705 1571 749 τέτ-

219 796 328 834 ταρα
365 777 437 821 καὶ
476 779 728 834 τριάκοντα,
767 777 868 833 μεθ’
906 779 928 820 ὃ
968 777 1006 820 δ’
1045 779 1131 821 ὑπὸ
1157 776 1381 833 Ῥωμαίων
1420 776 1572 819 ἀπεδέ-

222 851 381 904 δεικτο,
414 848 519 891 ἑπτὰ
551 847 624 891 καὶ
650 849 898 905 τριάκοντα,
931 848 1042 904 ἀνὴρ
1077 850 1192 903 ὠμὸς
1217 847 1296 904 μὲν
1322 849 1384 898 εἰς
1408 848 1574 898 πάντας

222 921 395 975 ὁμοίως,
421 919 494 962 καὶ
520 920 653 976 ὀργῆς
679 918 759 974 μὲν
785 920 942 974 ἥττων,
968 921 1177 975 κρείττων
1204 917 1252 961 δὲ
1278 925 1357 961 τοῦ
1384 919 1573 973 δικαίου,

220 992 329 1047 τύχῃ
368 989 410 1032 δ’
453 991 494 1032 εί
522 992 600 1032 καί
631 1006 695 1040 τις
732 990 878 1046 ἕτερος
914 989 1178 1046 κεχρημένος
1215 989 1392 1044 εὐμενεῖ
1430 989 1575 1043 <192>

222 1061 238 1117 ζ
243 1063 289 1103 ἔκ
325 1077 371 1103 τε
409 1062 492 1117 γὰρ
532 1062 711 1103 ἰδιώτου
750 1063 956 1116 βασιλεὺς
992 1062 1207 1110 καταστὰς
1243 1059 1316 1102 καὶ
1348 1061 1576 1110 κινδύνοις

221 1134 647 1188 περιστοιχιζόμενος
677 1134 872 1187 μυρίοις,
910 1133 1089 1174 πάντων
1119 1139 1308 1174 ποιεῖται
1341 1131 1575 1187 διάδρασιν

222 1202 295 1245 καὶ
326 1210 405 1246 τοῦ
446 1205 520 1258 ζῆν
553 1202 622 1245 ἐπὶ
654 1205 866 1258 μήκιστον
899 1202 1100 1259 ἐξίκετο),
1142 1203 1282 1245 ὁπόσα
1316 1200 1364 1245 δὲ
1395 1203 1447 1244 τά
1479 1200 1570 1244 κατ’

224 1272 348 1317 οἶκον
380 1273 480 1330 περὶ
511 1274 621 1324 υἱεῖς
651 1276 754 1324 τοὺς
785 1274 944 1329 αὐτοῦ,
976 1274 1056 1316 ὅσα
1089 1271 1168 1328 μὲν
1201 1274 1352 1329 γνώμῃ
1385 1278 1436 1328 τῇ
1469 1272 1577 1315 ε’κεί-

223 1362 322 1400 νου,
354 1344 427 1387 καὶ
452 1345 568 1387 πάνυ
597 1343 718 1402 δεξιᾷ
743 1344 1007 1400 κεχρημένος
1034 1345 1107 1386 διὰ
1133 1346 1181 1386 τὸ
1208 1346 1360 1400 κρίνας
1389 1343 1579 1400 ἐχθροὺς

225 1423 404 1469 κρατεῖν
437 1416 517 1471 οὐχ
548 1415 804 1471 ὑστερῆσαι,
837 1417 985 1458 δοκεῖν
1018 1414 1057 1457 δ’
1094 1414 1191 1471 ἐμοὶ
1222 1414 1293 1457 καὶ
1325 1415 1442 1457 πάνυ
1475 1416 1578 1458 δυσ-

223 1489 366 1543 τυχ-ής.

315 1558 471 1612 <193>
517 1558 710 1612 Σαλώμη
763 1555 811 1598 δὲ
854 1555 927 1599 καὶ
965 1547 1163 1611 Ἀλεξᾶς,
1207 1556 1312 1613 πρὶν
1364 1559 1578 1600 ἔκπυστον

226 1628 436 1684 γενέσθαι
481 1629 558 1670 τὸν
601 1628 802 1670 θάνατον
845 1633 924 1670 τοῦ
967 1627 1202 1682 βασιλέως,
1246 1630 1349 1678 τοὺς
1393 1627 1462 1670 ε’πὶ
1501 1629 1579 1670 τὸν

229 1700 505 1755 ἱππόδρομον
537 1698 981 1754 κατακεκλεισμένους
1008 1697 1303 1753 ἐκπέμπουσιν
1331 1697 1398 1741 ε’πὶ
1425 1699 1478 1740 τὰ
1504 1698 1580 1740 αὐ-

227 1778 336 1825 τῶν,
380 1770 571 1825 φάμενοι
611 1769 792 1825 βασιλέα
832 1770 1027 1812 κελεύειν
1070 1769 1277 1812 ἀπιοῦσιν
1319 1769 1469 1819 αὐτοῖς
1511 1768 1581 1811 ε’πὶ

227 1843 331 1891 τοὺς
362 1840 525 1896 ἀγροὺς
556 1839 769 1896 νέμεσθαι
799 1841 852 1882 τὰ
884 1841 1035 1882 οἰκεῖα.
1095 1840 1332 1896 πράττεταί
1359 1838 1396 1881 τ’
1432 1839 1581 1889 αὐτοῖς

227 1911 298 1966 ἥδ’
343 1912 570 1967 εὐεργεσία
611 1914 789 1967 μεγίστη
832 1912 893 1961 είς
932 1913 981 1953 τὸ
1021 1912 1166 1961 ἔθνος.
1230 1911 1386 1965 <194>
1425 1909 1580 1965 ἐφανε-

229 1989 361 2037 ροῦτο
396 1981 434 2024 δ’
472 1984 555 2037 ἤδη
595 1982 618 2025 ὁ
656 1982 852 2032 θάνατος
888 1988 967 2024 τοῦ
999 1980 1229 2036 βασιλέως·
1280 1980 1352 2023 καὶ
1386 1982 1579 2036 Σαλώμη

228 2052 301 2095 καὶ
326 2051 501 2104 Ἀλεξᾶς
533 2055 856 2107 συναγαγόντες
887 2054 935 2094 τὸ
977 2052 1287 2106 στρατιωτικὸν
1324 2053 1385 2101 εἰς
1421 2053 1470 2093 τὸ
1502 2051 1581 2106 ἀμ-

229 2123 476 2179 φιθέατρον
521 2125 567 2165 τὸ
613 2123 661 2165 ἐν
697 2122 955 2179 Ἱεριχοῦντι
997 2130 1173 2179 πρῶτον
1223 2119 1303 2177 μὲν
1347 2121 1582 2177 ἐπιστολὴν

230 2192 487 2247 ἀνέγνωσαν
519 2195 628 2249 πρὸς
659 2196 761 2244 τοὺς
788 2195 1051 2249 στρατιώτας
1083 2191 1403 2249 γεγραμμένην,
1436 2192 1510 2235 ἐπί
1536 2208 1582 2235 τε

1594 848 1686 886 ω’

1597 1213 1628 1239 15

1599 1569 1632 1593 20

1601 1921 1634 1947 25

229 2267 415 2315 πίστεως
459 2265 709 2321 εὐχαριστία
752 2263 825 2307 καὶ
869 2265 1044 2314 εὐνοίας
1086 2270 1162 2318 τῆς
1204 2264 1265 2314 εἰς
1310 2263 1468 2318 αὐτόν,
1511 2262 1582 2305 καὶ
1601 2274 1635 2299 30

329 2350 347 2388 ἓ
370 2349 437 2380 190
458 2346 501 2381 ef.
523 2345 615 2380 Bell.
637 2345 715 2380 Iud.
737 2346 753 2379 Ι
773 2348 827 2389 32,
852 2349 880 2380 7.
981 2349 999 2388 ξ
1023 2348 1088 2379 193
1110 2344 1154 2379 ef.
1175 2344 1267 2378 Bell.
1288 2343 1365 2378 Iud.
1388 2343 1404 2377 1
1424 2346 1480 2388 33,
1502 2346 1534 2378 8.
