1732 2526
554 81 993 113 ENNEAKAIAEKATH
1368 79 1454 119 243

97 192 172 240 τῆς
215 189 447 241 σωτηριάς,
498 187 640 236 ἄλλως
690 201 733 227 τε
783 184 854 227 καὶ
900 186 1048 240 ἐπειδὴ
1099 194 1185 228 τῶν
1229 185 1327 241 περὶ
1373 188 1453 229 τὸν

92 255 343 312 Ἀσπρήναν
376 256 579 299 ἐτεθέατο
611 257 686 306 τὰς
724 257 916 310 κεφαλὰς
952 256 1327 312 παραφερομένας.
1391 258 1451 299 εί-

99 329 243 381 στήκει
277 325 325 370 δὲ
356 328 464 369 κατά
496 343 537 369 τι
568 328 819 382 προσβατὸν
853 327 1021 381 ὀλίγαις
1052 330 1240 382 βαθμῖσι
1273 331 1452 383 χωρίον,

97 397 376 448 ὑπεσταλκὼς
412 404 471 455 τῷ
511 394 602 439 κατ’
640 397 746 439 αὐτὸ
786 399 939 455 σκότῳ.
1002 399 1145 452 <217>
1177 397 1248 439 καὶ
1284 400 1451 453 Γρᾶτος

60 481 76 504 ι’»
96 477 183 511 τῶν
226 468 327 524 περὶ
371 471 419 511 τὸ
463 470 688 522 βασίλειόν
732 484 795 518 τις
840 476 1117 523 στρατιωτῶν
1162 468 1452 523 θεασάμενος,

95 538 167 581 καὶ
197 545 276 581 τοῦ
308 536 388 594 μὲν
420 537 780 593 ἀκριβωσομένου
812 539 890 592 τὴν
930 539 1034 588 ὄψιν
1073 538 1249 593 ἀμαθὴς
1282 540 1344 581 ὢν
1378 541 1452 580 διὰ

94 611 172 652 τὸν
205 611 383 664 σκότον,
420 615 500 652 τοῦ
539 607 582 650 δ’
627 610 868 664 ἄνθρωπον
908 606 1022 651 εἶναι
1055 611 1131 651 τὸν
1163 610 1452 665 ὑπολοχῶντα

93 681 242 735 κριτὴς
279 677 392 722 εἶναι
430 681 487 735 μὴ
521 679 874 734 ἀπηλλαγμένος,
913 678 1097 734 προσῄει
1135 678 1172 721 τ’
1211 680 1449 736 ἐγγύτερον

93 749 165 792 καὶ
197 750 443 805 ὑποχωρεῖν
470 750 705 805 ἠξιωκότος
733 749 941 805 ἐπέκειτο,
974 749 1045 792 καὶ
1071 752 1332 805 καταλαβὼν
1360 751 1449 793 ἐπι-

42 833 75 858 10
93 823 294 876 γνωρίζει
336 820 407 863 καὶ
441 821 727 876 (Γερμανικὸς
758 819 838 876 μὲν
872 819 1021 871 οὗτος’
1054 821 1162 877 φησὶ
1200 824 1309 877 πρὸς
1347 824 1451 872 τοὺς

94 889 353 947 ἑπομένους,
393 891 466 934 καὶ
507 892 787 947 (στησώμεθα
828 899 987 934 τοῦτον
1027 892 1222 946 ἡγεμόνα
1264 895 1449 947 φερόμε-

92 962 191 1004 voc?
255 963 399 1017 <218>
441 963 665 1012 Κλαύδιος
703 961 742 1004 δ’
780 961 847 1018 ἐφ’
885 962 1057 1017 ἁρπαγῇ
1095 963 1448 1018 παρεσκευασμέ-

93 1048 198 1083 νους
224 1033 384 1083 αὐτοὺς
409 1033 542 1088 ὁρῶν,
567 1032 639 1075 καὶ
666 1034 812 1082 δείσας
839 1034 897 1087 μὴ
924 1034 1032 1075 κατὰ
1057 1035 1199 1088 φόνον
1226 1033 1448 1076 ἀποθάνοι

92 1105 169 1146 τὸν
207 1105 365 1158 Γαΐου,
409 1104 548 1158 φειδὼ
588 1111 708 1159 σχεῖν
747 1103 894 1157 ἠξίου,
940 1110 1019 1145 τοῦ
1056 1102 1157 1145 καθ’
1196 1104 1331 1146 αὑτὸν
1373 1104 1448 1146 ἀν-

39 1186 71 1211 15
91 1179 314 1230 επαχθοῦς
346 1174 594 1229 ἀνάμνησιν
621 1174 769 1224 αὐτοῖς
794 1173 1023 1224 ὑποτιθεὶς
1048 1173 1120 1215 καὶ
1146 1180 1225 1216 τοῦ
1252 1174 1448 1230 ἀπρομη-

90 1250 202 1296 θοῦς
234 1253 321 1287 τῶν
353 1247 612 1299 γεγονότων.
677 1245 820 1299 <219>
856 1243 928 1286 καὶ
961 1244 983 1287 ὁ
1020 1246 1187 1300 Γρᾶτος
1219 1245 1447 1299 μειδιάσας

90 1316 321 1358 ἐπισπᾶται
362 1322 436 1371 τῆς
477 1315 620 1366 δεξιᾶς
651 1315 723 1357 καὶ
756 1315 951 1357 (παῦσαί
990 1318 1103 1370 φησί
1141 1316 1447 1371 (μικρολογού-

89 1403 220 1442 μενος
256 1385 355 1440 περὶ
392 1393 467 1441 τῆς
505 1390 738 1442 σωτηριάς,
782 1386 885 1428 δεόν
924 1397 970 1428 σε
1011 1390 1447 1441 μεγαλοφρονεῖσθαι

88 1456 186 1513 περὶ
219 1464 293 1512 τῆς
323 1457 578 1512 ἡγεμονίας,
617 1457 672 1510 ἣν
705 1458 751 1499 οἱ
779 1456 879 1499 θεοὶ
913 1456 1051 1499 Γάιον
1083 1455 1359 1511 ἀφῃρημένοι
1391 1464 1442 1512 τῇ

38 1539 72 1564 20
94 1534 146 1584 σῇ
180 1528 491 1583 συνεχώρησαν
530 1527 676 1582 ἀρετῇ,
712 1529 928 1582 πρόνοιαν
970 1533 1044 1581 τῆς
1077 1527 1340 1582 οἰκουμένης
1372 1531 1446 1569 λα-

93 1601 254 1654 βόντες.
317 1599 459 1652 <220>
498 1596 591 1639 ἀλλ’
631 1602 697 1639 ἴθι
734 1597 806 1639 καὶ
846 1605 934 1639 τῶν
975 1599 1209 1652 προγόνων
1251 1598 1445 1653 ἀπολάμ-

93 1672 199 1724 βανε
249 1669 326 1711 τὸν
374 1668 573 1723 θρόνον.’
637 1668 897 1722 ἀνεβάσταζε
949 1666 986 1709 δ’
1039 1668 1174 1710 αὐτὸν
1224 1669 1277 1711 οὐ
1326 1669 1443 1711 πάνυ

93 1743 264 1795 βαίνειν
304 1746 395 1789 τοῖς
432 1737 536 1781 ποσὶ
574 1738 824 1793 δυνάμενον
857 1739 943 1780 ὑπό
983 1754 1027 1780 τε
1059 1740 1203 1793 φόβου
1237 1738 1308 1781 καὶ
1341 1740 1443 1795 χάρ-

93 1826 226 1866 ματος
257 1818 344 1852 τῶν
376 1808 632 1864 εἰρημένων.

34 1892 67 1918 25
178 1882 333 1935 <221>
384 1879 733 1936 συνεστρέφοντο
779 1878 827 1922 δὲ
871 1879 970 1934 περὶ
1017 1882 1094 1923 τὸν
1142 1882 1311 1936 Γρᾶτον
1356 1883 1439 1936 ἤδη

86 1951 159 1994 καὶ
189 1953 366 2001 πλείους
397 1959 484 1993 τῶν
515 1951 920 2006 σωματοφυλάκων,
952 1949 1024 1993 καὶ
1054 1955 1333 2007 θεωροῦντες
1363 1954 1440 1994 τὸν

87 2024 316 2065 Κλαύδιον
353 2022 574 2077 ἀγόμενον
613 2021 956 2077 ἐσκυθρώπαζον
995 2021 1100 2078 δόξῃ
1138 2029 1216 2064 τοῦ
1259 2021 1328 2064 ἐπὶ
1370 2025 1441 2065 κό-

86 2097 215 2135 λασιν
257 2092 464 2134 ἕλκεσθαι
505 2099 593 2134 τῶν
635 2090 704 2133 ἐπὶ
744 2093 937 2134 τοιοῖσδε
977 2094 1160 2147 ζημιῶν,
1204 2092 1261 2142 ὡς
1298 2093 1440 2148 ἄνδρα

86 2163 344 2219 ἀπράγμονα
377 2163 449 2204 διὰ
481 2165 582 2217 βίου
614 2169 693 2205 τοῦ
724 2165 906 2216 παντός,
946 2161 1018 2205 καὶ
1050 2163 1280 2212 κινδύνοις
1312 2164 1365 2205 οὔ
1399 2179 1439 2204 τι

32 2247 66 2273 30
86 2235 277 2290 μετρίοις
308 2231 377 2275 ἐπὶ
408 2239 484 2287 τῆς
511 2234 647 2274 Γαΐου
675 2232 808 2288 ἀρχῆς
840 2233 1107 2288 ὡμιληκότα·
1147 2231 1261 2283 τινες
1287 2231 1334 2275 δὲ
1366 2231 1438 2274 καὶ

84 2313 177 2356 τοῖς
207 2304 390 2354 ὑπάτοις
422 2302 668 2359 ἐπιτρέπειν
701 2306 848 2359 κρίσιν
880 2303 1032 2358 ἠξίουν
1058 2305 1138 2358 τὴν
1163 2303 1262 2359 περὶ
1289 2303 1436 2346 αὐτόν.

1152 2372 1222 2406 16*

1469 1891 1489 1921 N)
