1732 2526
236 70 251 107 1
264 67 318 108 88
724 68 1087 102 ΑΡΧΑΙΟΛΟΓΙΑΣ

1116 171 1132 178 a·-

232 179 454 229 κροᾶσθαι
495 175 665 230 θάρσος
702 174 1053 230 εἰσφερομένοις·
1100 179 1133 233 ᾡ
1173 178 1316 225 καλῶς
1354 176 1455 230 ἔχον
1499 173 1616 217 ἐστὶ.

232 248 310 288 τόν
355 262 404 300 γε
447 252 572 301 τιμῆς
619 247 833 301 τοσαύτης
877 245 1177 301 ἐπιτετευχότα
1223 247 1498 301 συγχωρήσει
1539 252 1588 301 τῇ

235 316 407 359 ἐκείνου
454 315 586 359 οὐδὲν
634 316 837 359 ἐναντίον
887 317 1105 371 πράττειν.
1178 317 1336 372 <280>
1377 317 1452 359 “οὐ
1503 317 1590 371 μὴν

239 388 414 430 δίκαιον
446 387 638 442 ἡγοῦμαι
671 387 916 442 ἀσφάλειάν
948 403 993 429 τε
1025 386 1099 428 καὶ
1124 388 1255 441 τιμὴν
1287 388 1367 442 τὴν
1399 386 1591 442 ἐμαυτοῦ

235 459 292 512 μὴ
327 459 406 514 οὐχ
438 456 548 512 ὑπὲρ
581 466 660 501 τοῦ
692 457 904 513 ὑμετέρου
937 459 994 513 μὴ
1022 457 1331 512 ἀπολουμένου
1362 458 1588 501 τοσούτων
1625 468 1642 492 ῡ

234 530 376 571 ὄντων
415 529 624 579 ἀναλοῦν,
664 530 1012 583 διακονούμενον
1052 535 1102 584 τῇ
1143 528 1272 584 ἀρετῇ
1314 535 1392 571 τοῦ
1432 530 1589 584 νόμου,

235 600 286 642 ὃν
313 600 498 655 πάτριον
526 602 631 642 ὄντα
656 600 952 655 περιμάχητον
971 599 1168 654 ἡγεῖσθε,
1189 599 1259 641 καὶ
1280 606 1329 655 τῇ
1360 598 1428 641 ἐπὶ
1453 605 1588 641 πᾶσιν

235 670 409 721 ἀξιώσει
441 669 513 712 καὶ
546 671 731 725 δυνάμει
764 677 842 712 τοῦ
873 674 1000 724 θεοῦ,
1034 667 1126 726 (οὗ)
1160 672 1237 712 τὸν
1279 672 1388 713 ναὸν
1421 670 1502 712 οὐκ
1534 669 1588 712 ἂν

233 743 448 795 περιιδεῖν
487 743 751 796 τολμήσαιμι
789 741 915 796 ὕβρει
953 748 1204 796 περιπεσεῖν
1248 748 1323 796 τῆς
1366 748 1453 783 τῶν
1490 741 1588 794 ἡγε-

235 814 517 866 μονευόντων
545 811 754 862 ἐξουσίας.
800 812 944 866 <281>
972 811 1135 854 στέλλω
1164 809 1203 854 δ’
1235 813 1292 862 ὡς
1313 812 1449 853 Γάιον
1475 813 1587 865 γνώ-
1609 822 1642 846 10

236 899 318 937 μας
350 898 395 924 τε
427 883 502 932 τὰς
533 881 743 937 ὑμετέρας
775 883 1024 937 διασαφῶν,
1050 885 1126 924 καί
1147 897 1205 938 πῃ
1238 882 1310 924 καὶ
1344 885 1587 938 συνηγορίᾳ

235 954 457 1008 χρώμενος
488 951 598 1007 ὑπὲρ
632 959 710 995 τοῦ
742 951 846 994 καθ’
886 953 998 1007 ὑμᾶς
1039 955 1095 1008 μὴ
1129 954 1245 1007 παρὰ
1284 953 1464 1007 γνώμην
1496 966 1587 994 πει-

236 1022 426 1078 σομένου
461 1022 527 1078 ἐφ’
565 1019 630 1073 οἷς
661 1025 919 1078 προύθεσθε
954 1024 1152 1077 ἀγαθοῖς.
1214 1022 1287 1065 καὶ
1314 1023 1587 1078 συμπράττοι

235 1092 315 1149 μὲν
361 1095 383 1137 ὁ
428 1097 534 1143 θεός
566 1094 770 1149 (βελτίων
812 1095 894 1147 γὰρ
945 1093 1230 1149 ἀνθρωπίνης
1279 1100 1472 1149 μηχανῆς
1513 1092 1586 1135 καὶ

235 1166 466 1219 δυνάμεως
497 1165 522 1218 ἡ
556 1163 649 1206 κατ’
687 1164 855 1206 ἐκεῖνον
896 1162 1115 1219 ἐξουσία),
1153 1165 1441 1217 πρυτανεύων
1479 1164 1584 1218 ὑμῖν
1606 1174 1638 1199 15

235 1251 279 1277 τε
311 1236 391 1289 τὴν
422 1236 607 1289 τήρησιν
638 1241 726 1275 τῶν
758 1235 953 1287 πατρίων
991 1232 1063 1274 καὶ
1096 1233 1212 1289 αὐτῷ
1248 1235 1296 1276 τὸ
1329 1231 1469 1288 μηδὲν
1508 1233 1582 1276 ἀν-

234 1307 476 1361 θρωπείαις
501 1305 618 1358 παρὰ
638 1304 818 1358 γνώμην
838 1305 1074 1358 βουλήσεσι
1094 1311 1233 1357 τιμῶν
1252 1311 1339 1345 τῶν
1360 1306 1584 1346 εἰωθυιῶν

236 1377 457 1432 ἁμαρτεῖν.
519 1376 676 1429 <282>
717 1376 758 1416 ει’
800 1372 841 1416 δ’
887 1373 1194 1429 ἐκπικρανθεὶς
1233 1375 1365 1424 Γάιος
1405 1377 1466 1425 εἰς
1510 1373 1584 1429 ἐμὲ

235 1447 383 1503 τρέψει
414 1448 462 1488 τὸ
496 1446 735 1500 ἀνήκεστον
767 1452 842 1499 τῆς
883 1445 1030 1500 ὀργῆς,
1066 1446 1279 1499 τλήσομαι
1310 1445 1451 1487 πάντα
1491 1448 1583 1488 κίν-

237 1520 376 1560 δυνον
408 1516 480 1559 καὶ
517 1523 662 1558 πᾶσαν
703 1519 1001 1570 ταλαιπωρίαν
1043 1522 1287 1558 συνιοῦσαν
1319 1522 1377 1574 τῷ
1417 1517 1583 1571 σώματι
1603 1527 1638 1552 20

236 1588 308 1631 καὶ
339 1595 389 1643 τῇ
423 1593 539 1643 ψυχῇ
578 1586 688 1641 ὑπὲρ
730 1594 809 1629 τοῦ
850 1588 907 1642 μὴ
949 1587 1060 1641 ὑμᾶς
1100 1585 1305 1629 τοσούσδ’
1353 1588 1481 1637 ὄντας
1512 1584 1581 1642 ἐφ’

237 1660 376 1709 οὕτως
408 1659 598 1712 ἀγαθαῖς
628 1656 810 1713 πράξεσι
843 1656 1162 1712 διολλυμένους
1196 1662 1397 1712 θεωρεῖν.
1443 1659 1586 1712 (283)

238 1732 361 1772 ἄπιτε
395 1726 477 1772 οὖν
509 1727 574 1770 ἐπ’
614 1730 719 1783 ἔργα
750 1729 801 1769 τὰ
835 1728 981 1770 αὑτῶν
1009 1728 1196 1783 ἕκαστοι,
1227 1728 1300 1771 καὶ
1325 1735 1375 1784 τῇ
1408 1735 1462 1784 γῇ
1496 1728 1587 1770 ε’πι-

237 1808 421 1843 πονεῖτε.
484 1798 638 1854 πέμψω
679 1797 721 1840 δ’
769 1798 898 1848 αὐτὸς
937 1797 1006 1840 ἐπὶ
1038 1797 1216 1854 Ῥώμης,
1253 1798 1325 1841 καὶ
1362 1800 1414 1841 τὰ
1445 1798 1579 1841 πάνθ’

238 1869 348 1925 ὑπὲρ
381 1871 507 1925 ὑμῶν
547 1868 604 1911 δι’
646 1869 836 1924 ἐμαυτοῦ
874 1868 947 1911 καὶ
984 1877 1072 1911 τῶν
1104 1872 1248 1924 φίλων
1286 1870 1367 1912 οὐκ
1398 1869 1586 1925 ἀποτρα-
1606 1881 1640 1906 25

238 1945 432 1997 πήσομαι
465 1941 716 1983 διακονεῖνῖ

328 2013 473 2067 <284>
511 2010 633 2054 ταῦτ’
680 2012 815 2053 εἰπὼν
858 2010 931 2053 καὶ
975 2012 1185 2061 διαλύσας
1233 2019 1321 2054 τῶν
1356 2010 1588 2054 Ἰουδαίων

239 2086 316 2127 τὸν
362 2084 601 2137 σύλλογον,
639 2087 972 2138 προμηθεῖσθαι
1010 2089 1098 2124 τῶν
1142 2084 1204 2132 εἰς
1246 2083 1325 2137 τὴν
1369 2084 1587 2137 γεωργίαν

239 2155 364 2210 ἠξίου
403 2156 505 2203 τοὺς
546 2153 593 2195 ἐν
630 2152 742 2195 τέλει
781 2151 852 2194 καὶ
891 2156 1152 2207 καθομιλεῖν
1190 2154 1267 2195 τὸν
1299 2154 1407 2195 λαὸν
1446 2153 1588 2196 ἐλπίσι

239 2233 456 2282 χρησταῖς.
518 2223 589 2266 καὶ
629 2224 650 2266 ὃ
690 2222 770 2278 μὲν
809 2224 1024 2279 εὐθυμεῖν
1061 2226 1109 2266 τὸ
1147 2228 1318 2278 πλῆθος
1362 2225 1588 2279 ἔσπευδεν,
1607 2236 1642 2262 3ο

240 2298 263 2340 ὁ
296 2298 401 2346 θεὸς
434 2293 482 2338 δὲ
514 2296 760 2351 παρουσίαν
793 2294 1042 2337 ἐπεδείκνυε
1074 2295 1154 2349 τὴν
1187 2294 1321 2336 αὑτοῦ
1349 2297 1588 2353 Πετρωνίῳ
