1732 2526
594 78 1004 112 OKTQKAIAEKATH
1390 76 1474 117 143

124 188 265 230 πολλὰ
298 183 394 242 τῇδ’
431 184 501 241 ἦν,
533 184 827 240 ἀνῃρημένοις
851 186 931 239 τὴν
957 186 1136 239 ἵδρυσιν
1168 192 1217 240 τῇ
1252 185 1476 239 Τιβεριάδι

125 258 355 312 γενέσθαι,
393 258 577 311 μιαροὺς
608 254 646 297 δ’
686 252 753 310 ἐφ’
792 254 896 297 ἑπτὰ
934 254 1096 310 ἡμέρας
1135 252 1246 296 εἶναι
1280 258 1381 305 τοὺς
1415 256 1476 296 οἰ-

124 331 311 384 κήτορας
342 327 544 381 ἀγορεύει
576 326 681 380 ἡμῖν
713 328 762 368 τὸ
795 328 997 380 νόμιμον.

214 399 340 453 <39>
380 400 560 453 τελευτᾷ
599 395 646 438 δὲ
686 395 757 438 καὶ
792 397 995 451 Φραάτης
1033 397 1055 439 ὁ
1088 399 1366 450 Παρθυαίων
1400 399 1476 450 βα-

89 485 105 510 5
126 472 272 520 σιλεὺς
326 469 433 510 κατὰ
489 473 646 509 τοῦτον
702 469 779 510 τὸν
835 469 1020 522 χρόνον,
1076 467 1310 521 ἐπιβουλῆς
1360 467 1475 523 αὐτῷ

124 538 362 595 γενομένης
401 538 487 581 ὑπὸ
531 538 794 592 Φραατάκου
835 545 914 580 τοῦ
954 537 1083 587 υἶέως
1123 539 1230 579 κατὰ
1270 539 1476 591 τοιαύτην

124 613 280 653 αἰτίαν.
343 610 468 664 <4Ο>
502 609 726 664 Φραάτης,
767 610 938 651 παίδων
976 610 1092 665 αὐτῷ
1126 610 1320 663 γνησίων
1353 624 1478 662 γενο-

123 680 309 736 μένων,
347 679 532 736 Ἰταλικῇ
583 681 815 736 παιδίσκῃ,
872 678 998 734 ὄνομ’
1057 680 1165 735 αὐτῇ
1221 682 1477 734 Φορμοῦσα,

123 753 257 808 ταύτῃ
290 752 376 794 ὑπὸ
404 750 593 793 Ἰουλίου
620 753 845 805 Καίσαρος
877 749 966 805 μετ’
1004 751 1153 792 ἄλλων
1186 751 1366 806 δωρεῶν
1399 750 1477 791 ἀπ-

70 838 103 862 10
123 821 366 878 εσταλμένῃ
410 823 458 864 τὸ
504 820 584 876 μὲν
628 830 803 875 πρῶτον
845 822 1081 863 παλλακίδι
1126 821 1301 877 ἐχρῆτο,
1349 837 1477 863 κατα-

123 892 303 948 πλαγεὶς
329 891 376 935 δὲ
402 900 461 950 τῷ
488 896 635 949 πολλῷ
663 900 737 947 τῆς
767 893 1023 948 εὐμορφίας,
1054 894 1287 946 προϊόντος
1311 895 1477 948 χρόνου

123 964 195 1007 καὶ
237 965 394 1014 παιδὸς
438 964 546 1019 αὐτῇ
588 964 634 1006 ἐκ
675 964 937 1019 Φραατάκου
979 963 1242 1018 γενομένου,
1286 966 1478 1018 γαμετήν

125 1051 168 1078 τε
200 1036 279 1089 τὴν
312 1036 555 1088 ἄνθρωπον
588 1035 876 1089 ἀποφαίνεται
908 1034 980 1076 καὶ
1012 1037 1161 1089 τιμίαν
1192 1032 1310 1089 ἦγεν.
1363 1034 1478 1089 <41>

124 1107 151 1160 ἣ
185 1103 224 1148 δ’
256 1105 324 1148 ἐπὶ
350 1112 485 1148 πᾶσιν
519 1099 585 1155 οἷς
616 1110 730 1148 εἴποι
761 1107 930 1160 πιθανὴ
962 1113 1021 1163 τῷ
1051 1108 1226 1160 βασιλεῖ
1253 1113 1479 1159 γεγονυῖα,

18 1196 23 1199 ·
73 1189 106 1215 15
125 1176 198 1219 καὶ
231 1177 484 1219 σπεύδουσα
514 1183 573 1233 τῷ
607 1177 739 1231 αὑτῆς
768 1176 893 1218 παιδὶ
924 1176 1134 1230 γενέσθαι
1165 1178 1246 1231 τὴν
1276 1176 1478 1230 Πάρθων

126 1248 382 1303 ἡγεμονίαν,
414 1245 528 1301 ἑώρα
559 1248 616 1302 μὴ
649 1247 791 1297 ἄλλως
817 1245 1116 1302 γενησομένην
1149 1248 1206 1302 μὴ
1233 1246 1480 1300 ἀποσκευῆς

127 1318 235 1374 αὐτῇ
262 1320 591 1374 μηχανηθείσης
616 1325 705 1360 τῶν
730 1320 927 1372 γνησίων
951 1324 1030 1360 τοῦ
1061 1318 1268 1372 Φραάτου
1294 1318 1479 1359 παίδων.

127 1389 243 1444 <42>
275 1392 421 1431 πείθει
454 1385 536 1431 οὖν
563 1389 698 1431 αὐτὸν
724 1388 957 1444 ἐκπέμπειν
988 1390 1050 1438 εἰς
1074 1386 1242 1444 Ῥώμην
1274 1387 1342 1443 ἐφ’
1374 1388 1480 1442 ὁμη-

128 1462 224 1516 ρείᾳ
260 1461 363 1509 τοὺς
406 1462 616 1513 γνησίους
652 1461 825 1510 παῖδας.
887 1458 959 1501 καὶ
1001 1456 1123 1502 οὗτοι
1165 1458 1245 1514 μέν
1284 1458 1358 1515 (οὐ
1396 1459 1478 1512 γὰρ

75 1543 108 1568 20
128 1530 348 1573 ἀντειπεῖν
380 1531 573 1583 εὔπορον
607 1531 788 1585 Φραάτῃ
819 1537 910 1579 τοῖς
945 1531 1209 1584 Φορμούσης
1247 1529 1480 1584 ἐπιτάγμα-

129 1599 221 1658 σιν)
255 1599 324 1642 ἐπὶ
356 1607 430 1655 τῆς
452 1599 618 1656 Ῥώμης
644 1599 949 1656 ἐξεπέμποντο,
985 1601 1244 1656 Φραατάκης
1271 1598 1318 1642 δὲ
1345 1602 1481 1655 μόνος

128 1670 198 1714 ε’πὶ
228 1679 320 1721 τοις
349 1671 574 1726 πράγμασι
611 1674 879 1727 τρεφόμενος
917 1673 1066 1714 δεινὸν
1104 1671 1250 1726 ἡγεῖτο
1289 1669 1361 1712 καὶ
1393 1671 1480 1726 ἅμα

127 1744 309 1797 χρόνιον
353 1749 432 1784 τοῦ
475 1744 636 1797 πατρὸς
679 1743 882 1792 διδόντος
921 1743 1002 1797 τὴν
1043 1741 1182 1797 ἀρχὴν
1223 1741 1479 1796 λαμβάνειν,

129 1811 230 1855 ὥστ’
265 1812 527 1867 ἐπεβούλευε
565 1819 623 1870 τῷ
662 1812 793 1869 πατρὶ
831 1813 1072 1900 συμπράξει
1113 1819 1189 1867 τῆς
1227 1815 1408 1868 μητρός,
1452 1810 1479 1867 ᾑ

75 1895 108 1921 25
129 1884 184 1938 δὴ
216 1882 287 1925 καὶ
319 1890 520 1925 συνειναι
552 1885 694 1937 λόγος.
753 1884 869 1938 <43>
899 1883 972 1926 καὶ
1004 1882 1060 1926 δι’
1099 1883 1322 1939 ἀμφότερα
1354 1894 1480 1938 μιση-

128 1956 244 2009 θείς,
283 1951 417 1997 οὐδὲν
447 1954 648 2009 ἡσσόνως
679 1960 754 2009 τῆς
784 1957 1099 2011 πατροκτονίας
1130 1956 1268 2010 μύσος
1298 1956 1375 1997 τὸν
1406 1960 1482 2008 τῆς

129 2026 290 2081 μητρὸς
327 2027 466 2081 ἔρωτα
502 2024 748 2080 τιθεμένων
785 2033 873 2068 τῶν
910 2026 1139 2081 ὑπηκόων,
1177 2025 1324 2068 στάσει
1361 2040 1481 2080 περι-

131 2094 308 2146 ελαθεὶς
331 2098 549 2152 πρότερον
574 2096 600 2150 ἢ
627 2102 765 2151 φῦναι
790 2097 923 2151 μέγας
948 2095 1145 2147 ἐξέπιπτε
1170 2103 1258 2138 τῶν
1284 2095 1482 2151 πραγμά-

131 2182 241 2221 των,
281 2165 354 2208 καὶ
386 2167 500 2209 οὕτω
532 2169 730 2221 θνήσκει.
793 2168 908 2222 <44>
939 2169 1331 2223 συμφρονήσαντες
1363 2165 1400 2208 δ’
1440 2166 1486 2208 οί

78 2248 113 2274 30
131 2239 434 2291 γενναιότατοι
466 2237 668 2291 Πάρθων
707 2237 764 2287 ὡς
801 2237 1106 2292 ἀβασιλεύτοις
1143 2235 1223 2293 μὲν
1255 2237 1482 2292 ἀμήχανον

130 2308 460 2350 πολιτεύεσθαι·
504 2307 570 2365 (οἱ
599 2305 647 2350 δὲ
679 2309 986 2363 βασιλεύοντες
1018 2308 1064 2351 ἐκ
1096 2315 1175 2351 τοῦ
1206 2307 1364 2363 γένους
1394 2313 1482 2348 τῶν
