1732 2526
219 89 374 126 xxxrv
643 72 927 122 ADNOTATIO
955 85 1154 122 CRITICA.

224 211 286 243 μοι
306 196 386 231 Hw.
413 216 457 220 —
485 198 504 236 ἓ
531 197 598 228 316
625 194 688 229 τὸν
711 192 897 238 Ἰωνάθην
923 214 966 218 -
993 193 1156 241 Ματθίᾳ
1180 192 1221 237 Ε,
1248 195 1297 239 τῷ
1319 190 1481 238 Ἰωνάθῃ
1508 191 1576 237 μὲν

223 257 349 302 γνώμη
376 255 563 298 τάδελφοῦ
590 253 705 288 αὐτοῦ
731 250 909 301 Ματθία,
942 266 995 297 γρ.
1023 252 1088 286 τὸν
1110 250 1296 295 Ἰωνάθην
1321 250 1486 296 ἠγάσατο
1513 256 1579 296 τῆς

224 316 370 362 γνώμης
389 317 437 360 τῷ
458 313 608 359 ἀδελφῷ
635 311 675 347 δὲ
704 312 819 347 αὐτού
839 312 1002 359 Ματθίᾳ
1025 311 1067 355 Α,
1094 310 1158 345 τὸν
1180 309 1365 355 Ἰωνάθην
1391 309 1459 355 μὲν
1485 309 1586 355 ἡγή-·

224 387 313 409 σατο
344 373 491 418 γνώμης
522 377 586 406 τοῦ
619 372 786 415 ἀδελφοῦ
823 371 938 405 αὐτοῦ
970 371 1132 404 Ματθία
1157 369 1263 414 MW,
1299 370 1362 405 τὸν
1391 368 1577 414 Ἰωνάθην

225 434 292 479 μὲν
329 432 431 475 ἔασε,
467 431 593 477 γνώμῃ
626 430 667 465 δὲ
702 436 766 465 τοῦ
799 431 965 474 ἀδελφοῦ
1001 430 1116 464 αὐτοῦ
1151 427 1313 477 Ματθίᾳ
1349 428 1405 463 ed.
1441 440 1495 474 pr.
1533 449 1577 454 —-

227 497 245 536 ξ
273 496 339 527 317
368 490 527 536 ἔπαρχος
552 489 628 533 Df,
662 491 846 533 ἵππαρχος
871 488 946 532 vlg.
974 509 1018 513 —
1045 491 1064 530 ξ
1091 491 1158 522 317
1187 486 1324 523 οὐδένα
1352 509 1395 513 -
1421 487 1579 528 πόνους·

226 552 289 587 καὶ
321 552 405 591 τοὺς
439 548 743 594 σφαλερωτάτους
776 548 917 587 ὑποδὺς
950 547 1043 592 ὑπὲρ
1080 548 1194 582 αὐτοῦ
1228 546 1406 588 πολλάκις
1439 546 1582 586 πόνους

227 611 290 646 καὶ
325 610 524 649 κινδύνους
556 608 596 643 Ε.
635 629 676 632 -
714 612 732 650 ξ
768 610 836 641 320
869 603 1048 651 ἐπαρχίας
1079 605 1156 651 Df.‚
1193 604 1395 651 ἱππαρχίας
1426 606 1500 650 vlg.
1535 626 1579 631 —-

227 674 246 713 ξ
273 673 339 703 321
369 665 523 713 ἐφῆκεν·
558 668 706 712 ἀφῆκεν
735 666 775 701 Ε.
804 687 847 691 -
875 670 894 708 ξ
921 669 987 699 321
1016 664 1166 710 ἀνέτλη·
1195 665 1278 700 add.
1305 665 1335 699 E
1363 666 1426 700 καὶ
1452 668 1581 700 ταλαι-

227 730 380 773 πωρίας.
403 749 444 752 ——
467 731 486 770 ξ
508 730 574 761 322
603 725 620 760 ὃ
648 725 689 760 δέ
711 725 827 769 Coeo„
855 729 903 772 τῷ
930 723 971 759 δέ
991 724 1066 769 vlg.
1095 746 1137 750 —
1165 728 1184 767 ξ
1211 728 1278 758 322
1305 725 1580 770 ἀπεκρύπτετο·

229 787 439 833 ἀπέκρυπτε
466 786 507 820 E.
535 807 579 811 —
607 789 626 827 ἓ
654 788 723 819 324
748 785 885 829 τούμοῦ
911 783 992 828 Nn,
1025 789 1135 818 ποιοῦ
1161 783 1236 828 vlg.
1263 804 1307 809 —
1334 787 1354 826 ξ
1381 787 1450 818 324
1475 797 1581 829 πορι-

230 847 380 893 ζόμενος
410 845 497 890 ΑΕ,
534 843 774 890 χαριζόμενος
805 843 909 877 MW.
943 864 987 869 —
1020 847 1038 885 ξ
1071 846 1139 876 325
1171 841 1266 887 τάχα
1298 855 1375 888 μοι·
1412 842 1506 888 τάχα
1538 841 1581 877 δέ

229 920 291 952 μοι
316 906 415 949 Han,
448 904 540 938 ἀλλά
566 916 629 948 μοι
655 904 718 938 Ns.
747 923 790 928 —-
818 907 836 945 ξ
863 906 931 936 325
965 903 1230 936 συναποίσεται
1256 900 1378 947 Cocc.,
1412 899 1583 936 συνεποί-

231 978 334 1001 σεται
365 963 472 999 codd.
509 984 552 988 -—
589 967 608 1005 ἓ
641 966 708 996 325
741 967 951 1007 μεταστᾶσα
983 962 1031 1006 Α,
1067 966 1326 1006 μεταναστᾶσα
1357 961 1500 996 MWE.
1537 981 1582 986 —-

231 1030 249 1068 ξ
276 1028 344 1059 328
372 1024 554 1071 εὐφημίᾳ·
588 1022 752 1069 εὐθυμία
778 1021 827 1056 M.
855 1042 899 1063 -,-
926 1025 945 1063 ξ
973 1024 1040 1055 329
1067 1018 1198 1055 πλέον·
1233 1033 1271 1055 τε
1303 1019 1414 1055 πλέον
1441 1020 1504 1055 Ns.
1537 1041 1582 1045 -

231 1089 250 1127 ξ
277 1087 344 1118 329
374 1082 488 1128 ἔχειν·
517 1080 614 1126 εἶχεν
638 1081 702 1116 Ns.
729 1102 773 1106 —
802 1085 821 1123 ἓ
848 1083 916 1114 329
943 1080 1255 1125 ὁμολογούμενον·
1283 1078 1584 1125 ὁμολογουμένως

231 1145 295 1178 Ns.
318 1163 362 1168 —
383 1145 402 1184 ξ
423 1145 490 1176 329
518 1141 604 1175 ἄλλο
625 1152 680 1175 τε·
708 1141 826 1175 ἄλλων
846 1153 884 1175 τε
905 1140 984 1175 HW.
1007 1161 1049 1165 ——
1071 1144 1090 1182 ξ
1111 1143 1178 1174 331
1206 1145 1270 1184 τῆς
1295 1141 1451 1185 νομίμης
1471 1139 1511 1183 Ε,
1537 1139 1586 1174 τὰ

232 1202 372 1248 νόμιμα
398 1201 503 1236 codd.
541 1222 582 1226 ——
620 1204 639 1242 ξ
672 1203 739 1234 332
775 1197 996 1246 ἐξακριβοῦν
1027 1199 1075 1244 Ε,
1112 1196 1366 1246 ἐξακριβάζειν
1399 1199 1505 1234 codd.
1541 1220 1582 1224 —
1618 1188 1622 1189 ⁷

233 1267 252 1305 ξ
279 1265 345 1295 332
373 1257 576 1305 ἐγγενέσιν·
611 1258 774 1304 εὐγενέσι
800 1259 931 1304 ΑΜΕ,
965 1255 1113 1303 εὐαγέσι
1139 1258 1206 1293 Ns.
1233 1279 1277 1283 —
1303 1263 1322 1301 ἓ
1349 1262 1417 1292 334
1442 1261 1585 1293 θᾶττον

233 1321 314 1365 Nn,
352 1318 465 1354 αὐτόν
492 1319 615 1363 codd„
652 1319 751 1365 αὐτῷ
778 1319 817 1353 Ε.
852 1340 896 1344 -
929 1322 948 1361 ἕ
980 1321 1046 1352 335
1079 1320 1239 1352 πολλῶν·
1276 1320 1396 1364 πολλῷ
1423 1317 1503 1353 Hw.
1540 1338 1586 1342 —

235 1385 253 1423 ξ
281 1383 348 1414 337
376 1378 518 1424 ἔπεμψε
544 1378 655 1422 MW,
689 1376 889 1422 εἰσέπεμψε
916 1380 963 1422 A,
1001 1373 1191 1422 ἐπέπεμψε
1220 1376 1259 1412 Ε.
1287 1398 1330 1401 -
1359 1381 1378 1419 ξ
1405 1379 1473 1410 338
1501 1376 1587 1411 σύν-

235 1441 302 1474 δυο
329 1437 551 1482 διέφθειρεν
576 1436 658 1481 Nr.,
691 1436 854 1471 πασσυδὶ
881 1435 1061 1481 ἔφθειρεν
1087 1436 1135 1480 A,
1171 1435 1333 1470 πασσυδὶ
1365 1434 1588 1481 διέφθειρεν

234 1511 307 1543 mg.
334 1498 378 1542 A,
404 1496 548 1536 πάντας
574 1494 864 1540 συνδιέφθειρεν
884 1495 989 1530 MW,
1017 1516 1059 1520 —-
1087 1499 1106 1537 ξ
1133 1498 1200 1529 343
1229 1492 1483 1540 ἐνιστάμενος·
1510 1491 1586 1529 ε’πι-

236 1557 414 1603 στάμενος
439 1555 531 1601 vlg.,
566 1552 855 1600 έπιστησάμενος
881 1554 959 1590 Hw.
987 1575 1031 1579 —
1058 1559 1077 1597 ἓ
1103 1558 1171 1588 346
1197 1554 1262 1589 τὸν
1290 1555 1478 1601 βουβῶνα·
1515 1554 1585 1589 del.

236 1616 341 1651 artic.
374 1615 495 1652 Herw,
531 1636 575 1641 —
612 1619 631 1657 ἓ
666 1618 734 1648 346
771 1614 832 1649 ἐπὶ
867 1616 1034 1659 σχοινίου
1070 1612 1170 1653 τινός
1203 1624 1273 1648 om.
1306 1613 1346 1648 Ε.
1385 1634 1427 1639 -
1463 1618 1483 1656 ξ
1519 1616 1588 1648 346

235 1673 486 1721 προσέφυσεν·
526 1688 580 1719 γρ.
616 1675 912 1719 προσεφοίτησεν
947 1685 1019 1718 mg.
1056 1673 1118 1718 A.,
1158 1673 1257 1717 quod
1291 1673 1419 1717 placet
1451 1672 1588 1718 Hel-w„

236 1736 466 1779 προσίθυσεν
499 1733 578 1768 cod.
612 1733 724 1768 Busb.
758 1734 815 1778 E„
850 1734 1122 1778 προσείρπυσεν
1155 1732 1234 1766 Hw.
1271 1752 1314 1757 —
1352 1736 1370 1774 ξ
1404 1735 1472 1766 347
1504 1731 1589 1776 ἄρτι

237 1805 325 1839 μου·
358 1793 511 1838 ἀτίμους
535 1794 604 1827 καί
623 1792 672 1827 M.
707 1814 748 1818 —
783 1797 802 1834 ξ
829 1795 897 1826 347
922 1794 1060 1827 θανεῖν
1086 1791 1295 1836 ἀπάγομαι·
1322 1791 1455 1825 θανών
1481 1790 1588 1835 MW,

238 1850 433 1897 ἐπείγομαι
466 1852 503 1886 Ε.
539 1873 582 1877 -
615 1855 634 1894 ξ
668 1855 736 1885 348
770 1851 862 1897 ἔχοι·
899 1850 976 1896 ἔχει
1000 1851 1041 1886 E.
1075 1872 1118 1876 —
1152 1855 1171 1893 ξ
1204 1853 1272 1884 348
1307 1855 1371 1885 τοῦ
1403 1849 1588 1884 τεθνάναι

237 1911 436 1957 (ἀνάγκην)
457 1911 592 1955 Vales.,
620 1911 666 1951 ὡς
693 1909 773 1945 δέοι
799 1911 913 1945 αὐτὸν
938 1910 1124 1947 τεθνάναι
1144 1910 1264 1944 Herw.
1292 1930 1336 1935 —
1362 1913 1381 1951 ξ
1406 1912 1474 1943 349
1501 1908 1590 1943 σάκ-

238 1982 329 2006 κων·
365 1969 504 2004 σάκκου
530 1970 570 2005 Ε.
604 1991 647 1995 --
681 1974 700 2012 ξ
727 1969 1054 2015 352προσφοράς·
1086 1969 1178 2014 πρὸς
1210 1967 1386 2014 εἰσφοράς
1411 1967 1458 2012 Ε,
1495 1968 1590 2002 ἀπο-

240 2029 360 2075 φοράς
384 2029 449 2064 Ns.
483 2050 527 2054 —
559 2033 578 2072 ξ
605 2032 672 2063 353
700 2026 1004 2074 ἐπιτηδειότατον
1031 2028 1132 2073 Ern.,
1167 2025 1378 2071 ἐπιτήδειον
1405 2027 1510 2062 codd.
1543 2047 1590 2052 —-

242 2094 262 2133 ξ
283 2093 350 2124 355
377 2094 442 2124 τοῦ
462 2087 635 2123 Χελκίου·
663 2092 711 2135 τῷ
738 2090 895 2123 Χελκίου
920 2089 981 2123 Ns.
1009 2109 1053 2113 —-
1081 2092 1100 2130 ξ
1128 2091 1194 2123 359
1219 2090 1386 2127 πολλαῖς·
1413 2085 1593 2126 πολλάκις

241 2149 349 2184 MW,
371 2169 413 2173 —
435 2152 454 2190 ξ
469 2151 535 2182 362
557 2146 794 2191 ἀπέτρεψαν·
818 2146 1057 2192 ἀπέστρεψαν
1073 2147 1113 2182 Ε.
1136 2168 1177 2172 -
1200 2151 1219 2190 ξ
1239 2150 1307 2181 363
1330 2150 1379 2192 τῷ
1400 2166 1443 2171 -
1462 2145 1589 2191 τιμήν·

241 2214 306 2243 τοῦ
333 2205 600 2252 κατοιχομένου
627 2207 756 2247 διδοὺς
780 2212 865 2252 τιμῇ
892 2207 958 2241 Ns.
984 2228 1027 2232 —
1055 2211 1074 2249 ξ
1100 2210 1169 2241 364
1195 2205 1247 2246 εἰς
1271 2205 1311 2240 τὸ
1339 2206 1524 2252 βασίλειον
1547 2225 1589 2230 —-

243 2264 426 2302 ἐπέστειλε
447 2266 488 2311 Ε,
516 2265 568 2307 εἰς
588 2267 778 2313 βασιλείαν
805 2267 904 2312 αὐτῷ
926 2265 1122 2310 διάφορον.
1169 2263 1322 2310 ἐγνώκει
1342 2264 1383 2300 δὲ
1406 2264 1478 2309 πρὸ
1497 2263 1592 2298 πάν-

241 2340 315 2361 των
342 2323 543 2361 ἐπιστεῖλαι
567 2325 673 2361 codd.
702 2346 745 2351 —
773 2329 792 2368 ξ
819 2329 886 2360 365
914 2324 1000 2370 κατ’
1030 2325 1232 2371 ἀριθμούς·
1262 2323 1484 2369 ἰσαρίθμους
1509 2322 1591 2358 Hw-
