<?xml version="1.0" encoding="UTF-8"?>
<!DOCTYPE html PUBLIC "-//W3C//DTD XHTML 1.0 Transitional//EN"
    "http://www.w3.org/TR/xhtml1/DTD/xhtml1-transitional.dtd">
<html xmlns="http://www.w3.org/1999/xhtml" xml:lang="en" lang="en">
 <head>
  <title>
</title>
<meta http-equiv="Content-Type" content="text/html;charset=utf-8" />
  <meta name='ocr-system' content='tesseract 3.04.00' />
  <meta name='ocr-capabilities' content='ocr_page ocr_carea ocr_par ocr_line ocrx_word'/>
</head>
<body>
  <div class='ocr_page' id='page_1' title='image "./flaviiiosephiope04joseuoft_0095.png"; bbox 0 0 1732 2526; ppageno 0'>
   <div class='ocr_carea' id='block_1_1' title="bbox 128 481 144 506">
    <p class='ocr_par' dir='ltr' id='par_1_1' title="bbox 128 481 144 506">
     <span class='ocr_line' id='line_1_1' title="bbox 128 481 144 506; baseline 0 0"><span class='ocrx_word' id='word_1_1' title='bbox 128 481 144 506; x_wconf 86' lang='lat'>5</span> 
     </span>
    </p>
   </div>
   <div class='ocr_carea' id='block_1_2' title="bbox 108 833 142 858">
    <p class='ocr_par' dir='ltr' id='par_1_2' title="bbox 108 833 142 858">
     <span class='ocr_line' id='line_1_2' title="bbox 108 833 142 858; baseline 0 0"><span class='ocrx_word' id='word_1_2' title='bbox 108 833 142 858; x_wconf 92' lang='lat'><em>10</em></span> 
     </span>
    </p>
   </div>
   <div class='ocr_carea' id='block_1_3' title="bbox 104 1538 139 1562">
    <p class='ocr_par' dir='ltr' id='par_1_3' title="bbox 104 1538 139 1562">
     <span class='ocr_line' id='line_1_3' title="bbox 104 1538 139 1562; baseline 0 0"><span class='ocrx_word' id='word_1_3' title='bbox 104 1538 139 1562; x_wconf 79' lang='lat'><em>20</em></span> 
     </span>
    </p>
   </div>
   <div class='ocr_carea' id='block_1_4' title="bbox 105 1890 138 1915">
    <p class='ocr_par' dir='ltr' id='par_1_4' title="bbox 105 1890 138 1915">
     <span class='ocr_line' id='line_1_4' title="bbox 105 1890 138 1915; baseline 0 0"><span class='ocrx_word' id='word_1_4' title='bbox 105 1890 138 1915; x_wconf 75' lang='lat'><em>25</em></span> 
     </span>
    </p>
   </div>
   <div class='ocr_carea' id='block_1_5' title="bbox 105 2243 139 2268">
    <p class='ocr_par' dir='ltr' id='par_1_5' title="bbox 105 2243 139 2268">
     <span class='ocr_line' id='line_1_5' title="bbox 105 2243 139 2268; baseline -0.029 0"><span class='ocrx_word' id='word_1_5' title='bbox 105 2243 139 2268; x_wconf 74' lang='lat'><em>30</em></span> 
     </span>
    </p>
   </div>
   <div class='ocr_carea' id='block_1_6' title="bbox 673 74 1517 115">
    <p class='ocr_par' dir='ltr' id='par_1_6' title="bbox 673 74 1517 115">
     <span class='ocr_line' id='line_1_6' title="bbox 673 74 1517 115; baseline 0 -8"><span class='ocrx_word' id='word_1_6' title='bbox 673 75 1015 108; x_wconf 69' lang='lat' dir='ltr'>EKKAIAEKATH</span> <span class='ocrx_word' id='word_1_7' title='bbox 1460 74 1517 115; x_wconf 82' lang='lat'><em>43</em></span> 
     </span>
    </p>
   </div>
   <div class='ocr_carea' id='block_1_7' title="bbox 158 181 1518 1154">
    <p class='ocr_par' dir='ltr' id='par_1_7' title="bbox 158 181 1518 1154">
     <span class='ocr_line' id='line_1_7' title="bbox 169 181 1518 236; baseline 0.001 -13"><span class='ocrx_word' id='word_1_8' title='bbox 169 185 349 236; x_wconf 72' lang='grc' dir='ltr'><em>εἴληφεν</em></span> <span class='ocrx_word' id='word_1_9' title='bbox 389 181 436 223; x_wconf 83' lang='grc' dir='ltr'><em>ἐν</em></span> <span class='ocrx_word' id='word_1_10' title='bbox 473 188 564 230; x_wconf 80' lang='grc' dir='ltr'><em>τοῖς</em></span> <span class='ocrx_word' id='word_1_11' title='bbox 601 189 748 230; x_wconf 82' lang='grc' dir='ltr'><em>κακοῖς</em></span> <span class='ocrx_word' id='word_1_12' title='bbox 786 182 870 223; x_wconf 88' lang='grc' dir='ltr'><em>ὑπὸ</em></span> <span class='ocrx_word' id='word_1_13' title='bbox 908 189 995 223; x_wconf 85' lang='grc' dir='ltr'><em>τῶν</em></span> <span class='ocrx_word' id='word_1_14' title='bbox 1032 184 1246 235; x_wconf 75' lang='grc' dir='ltr'><em>χειρόνων</em></span> <span class='ocrx_word' id='word_1_15' title='bbox 1284 184 1518 224; x_wconf 86' lang='grc' dir='ltr'><em>κολακευό-</em></span> 
     </span>
     <span class='ocr_line' id='line_1_8' title="bbox 167 249 1517 308; baseline 0.001 -14"><span class='ocrx_word' id='word_1_16' title='bbox 167 268 309 307; x_wconf 87' lang='grc' dir='ltr'><em>μενος.</em></span> <span class='ocrx_word' id='word_1_17' title='bbox 356 250 426 294; x_wconf 86' lang='grc' dir='ltr'><em>καὶ</em></span> <span class='ocrx_word' id='word_1_18' title='bbox 454 253 501 293; x_wconf 88' lang='grc' dir='ltr'><em>τὸ</em></span> <span class='ocrx_word' id='word_1_19' title='bbox 528 249 609 306; x_wconf 73' lang='grc' dir='ltr'><em>μὲν</em></span> <span class='ocrx_word' id='word_1_20' title='bbox 636 252 869 306; x_wconf 84' lang='grc' dir='ltr'><em>φάρμακον</em></span> <span class='ocrx_word' id='word_1_21' title='bbox 895 251 1034 301; x_wconf 86' lang='grc' dir='ltr'><em>εὐθὺς</em></span> <span class='ocrx_word' id='word_1_22' title='bbox 1060 251 1348 294; x_wconf 79' lang='grc' dir='ltr'><em>ἐσπουδακότι</em></span> <span class='ocrx_word' id='word_1_23' title='bbox 1376 255 1517 308; x_wconf 78' lang='grc' dir='ltr'><em>ζητεῖν</em></span> 
     </span>
     <span class='ocr_line' id='line_1_9' title="bbox 169 318 1515 378; baseline 0.001 -14"><span class='ocrx_word' id='word_1_24' title='bbox 169 322 248 378; x_wconf 87' lang='grc' dir='ltr'><em>οὐχ</em></span> <span class='ocrx_word' id='word_1_25' title='bbox 293 322 479 377; x_wconf 85' lang='grc' dir='ltr'><em>εὑρέθη,</em></span> <span class='ocrx_word' id='word_1_26' title='bbox 533 322 687 376; x_wconf 72' lang='grc'>&lt;255&gt;</span> <span class='ocrx_word' id='word_1_27' title='bbox 732 323 812 376; x_wconf 87' lang='grc' dir='ltr'><em>τὴν</em></span> <span class='ocrx_word' id='word_1_28' title='bbox 858 318 897 363; x_wconf 88' lang='grc' dir='ltr'><em>δ’</em></span> <span class='ocrx_word' id='word_1_29' title='bbox 945 322 1195 376; x_wconf 80' lang='grc' dir='ltr'><em>ὑπερβολὴν</em></span> <span class='ocrx_word' id='word_1_30' title='bbox 1239 331 1326 365; x_wconf 89' lang='grc' dir='ltr'><em>τῶν</em></span> <span class='ocrx_word' id='word_1_31' title='bbox 1369 331 1515 365; x_wconf 87' lang='grc' dir='ltr'><em>κακῶν</em></span> 
     </span>
     <span class='ocr_line' id='line_1_10' title="bbox 162 391 1516 448; baseline 0.001 -14"><span class='ocrx_word' id='word_1_32' title='bbox 162 391 445 448; x_wconf 78' lang='grc' dir='ltr'><em>Ἀλέξανδρος</em></span> <span class='ocrx_word' id='word_1_33' title='bbox 485 392 531 435; x_wconf 85' lang='grc' dir='ltr'><em>ἐκ</em></span> <span class='ocrx_word' id='word_1_34' title='bbox 571 394 820 447; x_wconf 76' lang='grc' dir='ltr'><em>φιλονικίας</em></span> <span class='ocrx_word' id='word_1_35' title='bbox 861 391 1100 447; x_wconf 77' lang='grc' dir='ltr'><em>ἐπιρρῶσαι</em></span> <span class='ocrx_word' id='word_1_36' title='bbox 1141 391 1289 435; x_wconf 89' lang='grc' dir='ltr'><em>θέλων</em></span> <span class='ocrx_word' id='word_1_37' title='bbox 1331 395 1391 443; x_wconf 74' lang='grc' dir='ltr'><em>εἰς</em></span> <span class='ocrx_word' id='word_1_38' title='bbox 1435 392 1516 448; x_wconf 78' lang='grc' dir='ltr'><em>μὲν</em></span> 
     </span>
     <span class='ocr_line' id='line_1_11' title="bbox 164 460 1515 518; baseline 0.001 -14"><span class='ocrx_word' id='word_1_39' title='bbox 164 463 351 518; x_wconf 77' lang='grc' dir='ltr'><em>ἄρνησιν</em></span> <span class='ocrx_word' id='word_1_40' title='bbox 383 463 462 505; x_wconf 90' lang='grc' dir='ltr'><em>οὐκ</em></span> <span class='ocrx_word' id='word_1_41' title='bbox 495 462 723 518; x_wconf 78' lang='grc' dir='ltr'><em>ἐτράπετο,</em></span> <span class='ocrx_word' id='word_1_42' title='bbox 764 461 911 518; x_wconf 76' lang='grc' dir='ltr'><em>μετῄει</em></span> <span class='ocrx_word' id='word_1_43' title='bbox 944 460 992 504; x_wconf 75' lang='grc' dir='ltr'><em>δὲ</em></span> <span class='ocrx_word' id='word_1_44' title='bbox 1030 464 1110 518; x_wconf 87' lang='grc' dir='ltr'><em>τὴν</em></span> <span class='ocrx_word' id='word_1_45' title='bbox 1141 462 1404 518; x_wconf 82' lang='grc' dir='ltr'><em>προπέτειαν</em></span> <span class='ocrx_word' id='word_1_46' title='bbox 1437 471 1515 506; x_wconf 90' lang='grc' dir='ltr'><em>τοῦ</em></span> 
     </span>
     <span class='ocr_line' id='line_1_12' title="bbox 163 531 1515 590; baseline 0.001 -16"><span class='ocrx_word' id='word_1_47' title='bbox 163 535 325 589; x_wconf 89' lang='grc' dir='ltr'><em>πατρὸς</em></span> <span class='ocrx_word' id='word_1_48' title='bbox 355 533 543 590; x_wconf 79' lang='grc' dir='ltr'><em>ἁμαρτίᾳ</em></span> <span class='ocrx_word' id='word_1_49' title='bbox 569 536 747 588; x_wconf 77' lang='grc' dir='ltr'><em>μείζονι,</em></span> <span class='ocrx_word' id='word_1_50' title='bbox 779 534 886 589; x_wconf 86' lang='grc' dir='ltr'><em>τάχα</em></span> <span class='ocrx_word' id='word_1_51' title='bbox 913 531 960 575; x_wconf 73' lang='grc' dir='ltr'><em>δὲ</em></span> <span class='ocrx_word' id='word_1_52' title='bbox 990 533 1061 576; x_wconf 88' lang='grc' dir='ltr'><em>καὶ</em></span> <span class='ocrx_word' id='word_1_53' title='bbox 1089 535 1161 576; x_wconf 82' lang='grc' dir='ltr'><em>διὰ</em></span> <span class='ocrx_word' id='word_1_54' title='bbox 1186 535 1345 576; x_wconf 87' lang='grc' dir='ltr'><em>τούτου</em></span> <span class='ocrx_word' id='word_1_55' title='bbox 1373 536 1515 576; x_wconf 85' lang='grc' dir='ltr'><em>δυσω-</em></span> 
     </span>
     <span class='ocr_line' id='line_1_13' title="bbox 162 604 1514 661; baseline 0 -15"><span class='ocrx_word' id='word_1_56' title='bbox 162 611 295 659; x_wconf 84' lang='grc' dir='ltr'><em>πῆσαι</em></span> <span class='ocrx_word' id='word_1_57' title='bbox 326 607 597 659; x_wconf 89' lang='grc' dir='ltr'><em>βουλόμενος</em></span> <span class='ocrx_word' id='word_1_58' title='bbox 628 606 676 646; x_wconf 91' lang='grc' dir='ltr'><em>τὸ</em></span> <span class='ocrx_word' id='word_1_59' title='bbox 709 605 818 659; x_wconf 88' lang='grc' dir='ltr'><em>πρὸς</em></span> <span class='ocrx_word' id='word_1_60' title='bbox 849 605 924 654; x_wconf 79' lang='grc' dir='ltr'><em>τὰς</em></span> <span class='ocrx_word' id='word_1_61' title='bbox 957 605 1167 659; x_wconf 80' lang='grc' dir='ltr'><em>διαβολὰς</em></span> <span class='ocrx_word' id='word_1_62' title='bbox 1197 604 1396 659; x_wconf 79' lang='grc' dir='ltr'><em>ἕτοιμον,</em></span> <span class='ocrx_word' id='word_1_63' title='bbox 1434 605 1514 661; x_wconf 87' lang='grc' dir='ltr'><em>οὐχ</em></span> 
     </span>
     <span class='ocr_line' id='line_1_14' title="bbox 162 672 1514 730; baseline 0.001 -14"><span class='ocrx_word' id='word_1_64' title='bbox 162 672 412 729; x_wconf 46' lang='grc' dir='ltr'><em>ἤκισταδᾈ</em></span> <span class='ocrx_word' id='word_1_65' title='bbox 449 676 490 717; x_wconf 86' lang='grc' dir='ltr'><em>εἰ</em></span> <span class='ocrx_word' id='word_1_66' title='bbox 524 674 597 717; x_wconf 81' lang='grc' dir='ltr'><em>καὶ</em></span> <span class='ocrx_word' id='word_1_67' title='bbox 635 677 758 730; x_wconf 76' lang='grc' dir='ltr'><em>ἔτυχε</em></span> <span class='ocrx_word' id='word_1_68' title='bbox 790 678 1063 728; x_wconf 87' lang='grc' dir='ltr'><em>πιστευθείς,</em></span> <span class='ocrx_word' id='word_1_69' title='bbox 1103 681 1270 718; x_wconf 79' lang='grc' dir='ltr'><em>κακοῦν</em></span> <span class='ocrx_word' id='word_1_70' title='bbox 1302 676 1437 718; x_wconf 88' lang='grc' dir='ltr'><em>αὐτόν</em></span> <span class='ocrx_word' id='word_1_71' title='bbox 1469 692 1514 717; x_wconf 88' lang='grc' dir='ltr'><em>τε</em></span> 
     </span>
     <span class='ocr_line' id='line_1_15' title="bbox 162 743 1514 801; baseline 0.001 -15"><span class='ocrx_word' id='word_1_72' title='bbox 162 743 233 787; x_wconf 87' lang='grc' dir='ltr'><em>καὶ</em></span> <span class='ocrx_word' id='word_1_73' title='bbox 265 751 410 787; x_wconf 83' lang='grc' dir='ltr'><em>πᾶσαν</em></span> <span class='ocrx_word' id='word_1_74' title='bbox 443 746 524 799; x_wconf 85' lang='grc' dir='ltr'><em>τὴν</em></span> <span class='ocrx_word' id='word_1_75' title='bbox 555 747 783 799; x_wconf 89' lang='grc' dir='ltr'><em>βασιλειάν</em></span> <span class='ocrx_word' id='word_1_76' title='bbox 820 744 1137 801; x_wconf 76' lang='grc' dir='ltr'><em>προῃρημένος.</em></span> <span class='ocrx_word' id='word_1_77' title='bbox 1202 746 1346 800; x_wconf 79' lang='grc'>&lt;256&gt;</span> <span class='ocrx_word' id='word_1_78' title='bbox 1378 746 1514 801; x_wconf 87' lang='grc' dir='ltr'><em>γράμ-</em></span> 
     </span>
     <span class='ocr_line' id='line_1_16' title="bbox 161 815 1513 872; baseline 0.001 -14"><span class='ocrx_word' id='word_1_79' title='bbox 161 832 272 870; x_wconf 90' lang='grc' dir='ltr'><em>ματα</em></span> <span class='ocrx_word' id='word_1_80' title='bbox 316 817 398 871; x_wconf 80' lang='grc' dir='ltr'><em>γὰρ</em></span> <span class='ocrx_word' id='word_1_81' title='bbox 443 816 613 871; x_wconf 82' lang='grc' dir='ltr'><em>γράψας</em></span> <span class='ocrx_word' id='word_1_82' title='bbox 658 816 705 858; x_wconf 83' lang='grc' dir='ltr'><em>ἐν</em></span> <span class='ocrx_word' id='word_1_83' title='bbox 746 818 936 871; x_wconf 82' lang='grc' dir='ltr'><em>βιβλίοις</em></span> <span class='ocrx_word' id='word_1_84' title='bbox 975 816 1200 871; x_wconf 86' lang='grc' dir='ltr'><em>τέτταρσιν</em></span> <span class='ocrx_word' id='word_1_85' title='bbox 1246 815 1513 872; x_wconf 84' lang='grc' dir='ltr'><em>ἀπέστειλεν,</em></span> 
     </span>
     <span class='ocr_line' id='line_1_17' title="bbox 160 885 1512 943; baseline 0.001 -15"><span class='ocrx_word' id='word_1_86' title='bbox 160 887 218 937; x_wconf 87' lang='grc' dir='ltr'><em>ὡς</em></span> <span class='ocrx_word' id='word_1_87' title='bbox 243 885 376 929; x_wconf 74' lang='grc' dir='ltr'><em>οὐδὲν</em></span> <span class='ocrx_word' id='word_1_88' title='bbox 403 888 474 929; x_wconf 83' lang='grc' dir='ltr'><em>δεῖ</em></span> <span class='ocrx_word' id='word_1_89' title='bbox 494 889 746 942; x_wconf 80' lang='grc' dir='ltr'><em>βασανίζειν</em></span> <span class='ocrx_word' id='word_1_90' title='bbox 773 885 878 929; x_wconf 77' lang='grc' dir='ltr'><em>οὐδὲ</em></span> <span class='ocrx_word' id='word_1_91' title='bbox 903 887 1142 942; x_wconf 86' lang='grc' dir='ltr'><em>περαιτέρω</em></span> <span class='ocrx_word' id='word_1_92' title='bbox 1169 895 1346 943; x_wconf 77' lang='grc' dir='ltr'><em>χωρεῖν·</em></span> <span class='ocrx_word' id='word_1_93' title='bbox 1392 887 1512 942; x_wconf 89' lang='grc' dir='ltr'><em>γενέ-</em></span> 
     </span>
     <span class='ocr_line' id='line_1_18' title="bbox 160 956 1511 1013; baseline 0.001 -14"><span class='ocrx_word' id='word_1_94' title='bbox 160 961 266 999; x_wconf 91' lang='grc' dir='ltr'><em>σθαι</em></span> <span class='ocrx_word' id='word_1_95' title='bbox 304 958 387 1012; x_wconf 78' lang='grc' dir='ltr'><em>γὰρ</em></span> <span class='ocrx_word' id='word_1_96' title='bbox 426 959 505 1012; x_wconf 87' lang='grc' dir='ltr'><em>τὴν</em></span> <span class='ocrx_word' id='word_1_97' title='bbox 543 957 804 1013; x_wconf 79' lang='grc' dir='ltr'><em>ἐπιβουλήν,</em></span> <span class='ocrx_word' id='word_1_98' title='bbox 845 956 917 999; x_wconf 87' lang='grc' dir='ltr'><em>καὶ</em></span> <span class='ocrx_word' id='word_1_99' title='bbox 958 959 1117 1013; x_wconf 87' lang='grc' dir='ltr'><em>ταύτης</em></span> <span class='ocrx_word' id='word_1_100' title='bbox 1156 961 1392 1013; x_wconf 76' lang='grc' dir='ltr'><em>συλλαβεῖν</em></span> <span class='ocrx_word' id='word_1_101' title='bbox 1433 961 1511 1001; x_wconf 87' lang='grc' dir='ltr'><em>τόν</em></span> 
     </span>
     <span class='ocr_line' id='line_1_19' title="bbox 158 1027 1511 1085; baseline 0 -15"><span class='ocrx_word' id='word_1_102' title='bbox 158 1043 203 1070; x_wconf 92' lang='grc' dir='ltr'><em>τε</em></span> <span class='ocrx_word' id='word_1_103' title='bbox 243 1029 456 1083; x_wconf 86' lang='grc' dir='ltr'><em>Φερώραν</em></span> <span class='ocrx_word' id='word_1_104' title='bbox 494 1027 566 1070; x_wconf 86' lang='grc' dir='ltr'><em>καὶ</em></span> <span class='ocrx_word' id='word_1_105' title='bbox 603 1030 706 1078; x_wconf 90' lang='grc' dir='ltr'><em>τοὺς</em></span> <span class='ocrx_word' id='word_1_106' title='bbox 742 1028 1028 1078; x_wconf 83' lang='grc' dir='ltr'><em>πιστοτάτους</em></span> <span class='ocrx_word' id='word_1_107' title='bbox 1067 1029 1182 1085; x_wconf 78' lang='grc' dir='ltr'><em>αὐτῷ</em></span> <span class='ocrx_word' id='word_1_108' title='bbox 1226 1036 1314 1070; x_wconf 88' lang='grc' dir='ltr'><em>τῶν</em></span> <span class='ocrx_word' id='word_1_109' title='bbox 1351 1031 1511 1083; x_wconf 83' lang='grc' dir='ltr'><em>φίλων,</em></span> 
     </span>
     <span class='ocr_line' id='line_1_20' title="bbox 158 1097 1512 1154; baseline 0.001 -14"><span class='ocrx_word' id='word_1_110' title='bbox 158 1100 381 1154; x_wconf 84' lang='grc' dir='ltr'><em>Σαλώμην</em></span> <span class='ocrx_word' id='word_1_111' title='bbox 426 1097 473 1141; x_wconf 75' lang='grc' dir='ltr'><em>δὲ</em></span> <span class='ocrx_word' id='word_1_112' title='bbox 518 1097 591 1140; x_wconf 79' lang='grc' dir='ltr'><em>καὶ</em></span> <span class='ocrx_word' id='word_1_113' title='bbox 634 1100 807 1153; x_wconf 85' lang='grc' dir='ltr'><em>νύκτωρ</em></span> <span class='ocrx_word' id='word_1_114' title='bbox 854 1098 1201 1141; x_wconf 77' lang='grc' dir='ltr'><em>ἐπεισελθοῦσαν</em></span> <span class='ocrx_word' id='word_1_115' title='bbox 1248 1100 1398 1141; x_wconf 78' lang='grc' dir='ltr'><em>ἄκοντι</em></span> <span class='ocrx_word' id='word_1_116' title='bbox 1443 1116 1512 1154; x_wconf 93' lang='grc' dir='ltr'><em>μι-</em></span> 
     </span>
    </p>
   </div>
   <div class='ocr_carea' id='block_1_8' title="bbox 123 1168 1511 1224">
    <p class='ocr_par' dir='ltr' id='par_1_8' title="bbox 123 1168 1511 1224">
     <span class='ocr_line' id='line_1_21' title="bbox 123 1168 1511 1224; baseline 0.002 -15"><span class='ocrx_word' id='word_1_117' title='bbox 123 1185 137 1209; x_wconf 57' lang='lat' dir='ltr'>a</span> <span class='ocrx_word' id='word_1_118' title='bbox 159 1176 306 1224; x_wconf 84' lang='grc' dir='ltr'><em>γῆναι·</em></span> <span class='ocrx_word' id='word_1_119' title='bbox 355 1170 500 1224; x_wconf 73' lang='grc'>&lt;257&gt;</span> <span class='ocrx_word' id='word_1_120' title='bbox 531 1168 603 1211; x_wconf 88' lang='grc' dir='ltr'><em>καὶ</em></span> <span class='ocrx_word' id='word_1_121' title='bbox 634 1169 799 1220; x_wconf 83' lang='grc' dir='ltr'><em>πάντας</em></span> <span class='ocrx_word' id='word_1_122' title='bbox 831 1169 900 1212; x_wconf 86' lang='grc' dir='ltr'><em>ε’πὶ</em></span> <span class='ocrx_word' id='word_1_123' title='bbox 937 1170 1097 1212; x_wconf 88' lang='grc' dir='ltr'><em>ταύτὸν</em></span> <span class='ocrx_word' id='word_1_124' title='bbox 1137 1170 1279 1224; x_wconf 74' lang='grc' dir='ltr'><em>ἥκειν,</em></span> <span class='ocrx_word' id='word_1_125' title='bbox 1316 1171 1364 1212; x_wconf 91' lang='grc' dir='ltr'><em>τὸ</em></span> <span class='ocrx_word' id='word_1_126' title='bbox 1403 1175 1511 1212; x_wconf 83' lang='grc' dir='ltr'><em>θᾶτ-</em></span> 
     </span>
    </p>
   </div>
   <div class='ocr_carea' id='block_1_9' title="bbox 157 1239 1510 1649">
    <p class='ocr_par' dir='ltr' id='par_1_9' title="bbox 157 1239 1510 1649">
     <span class='ocr_line' id='line_1_22' title="bbox 157 1239 1510 1295; baseline 0.001 -13"><span class='ocrx_word' id='word_1_127' title='bbox 157 1257 234 1283; x_wconf 92' lang='grc' dir='ltr'><em>τον</em></span> <span class='ocrx_word' id='word_1_128' title='bbox 278 1239 447 1282; x_wconf 76' lang='grc' dir='ltr'><em>ἐκεῖνον</em></span> <span class='ocrx_word' id='word_1_129' title='bbox 497 1239 697 1282; x_wconf 83' lang='grc' dir='ltr'><em>ἐκποδὼν</em></span> <span class='ocrx_word' id='word_1_130' title='bbox 746 1239 1072 1295; x_wconf 82' lang='grc' dir='ltr'><em>ποιησαμένους</em></span> <span class='ocrx_word' id='word_1_131' title='bbox 1122 1241 1276 1283; x_wconf 77' lang='grc' dir='ltr'><em>ἄδειαν</em></span> <span class='ocrx_word' id='word_1_132' title='bbox 1325 1247 1400 1295; x_wconf 82' lang='grc' dir='ltr'><em>τῆς</em></span> <span class='ocrx_word' id='word_1_133' title='bbox 1443 1240 1510 1284; x_wconf 85' lang='grc' dir='ltr'><em>ἀεὶ</em></span> 
     </span>
     <span class='ocr_line' id='line_1_23' title="bbox 157 1310 1510 1367; baseline 0.001 -14"><span class='ocrx_word' id='word_1_134' title='bbox 157 1311 423 1367; x_wconf 81' lang='grc' dir='ltr'><em>προσδοκίας</em></span> <span class='ocrx_word' id='word_1_135' title='bbox 461 1312 587 1365; x_wconf 83' lang='grc' dir='ltr'><em>ἔχειν.</em></span> <span class='ocrx_word' id='word_1_136' title='bbox 649 1310 697 1353; x_wconf 83' lang='grc' dir='ltr'><em>ἐν</em></span> <span class='ocrx_word' id='word_1_137' title='bbox 734 1312 906 1361; x_wconf 90' lang='grc' dir='ltr'><em>τούτοις</em></span> <span class='ocrx_word' id='word_1_138' title='bbox 943 1310 1016 1353; x_wconf 83' lang='grc' dir='ltr'><em>καὶ</em></span> <span class='ocrx_word' id='word_1_139' title='bbox 1053 1314 1329 1366; x_wconf 87' lang='grc' dir='ltr'><em>Πτολεμαῖος</em></span> <span class='ocrx_word' id='word_1_140' title='bbox 1371 1311 1510 1366; x_wconf 90' lang='grc' dir='ltr'><em>διεβέ-</em></span> 
     </span>
     <span class='ocr_line' id='line_1_24' title="bbox 157 1381 1509 1439; baseline 0.002 -16"><span class='ocrx_word' id='word_1_141' title='bbox 157 1384 291 1436; x_wconf 88' lang='grc' dir='ltr'><em>βλητο</em></span> <span class='ocrx_word' id='word_1_142' title='bbox 318 1381 390 1424; x_wconf 87' lang='grc' dir='ltr'><em>καὶ</em></span> <span class='ocrx_word' id='word_1_143' title='bbox 416 1384 673 1436; x_wconf 82' lang='grc' dir='ltr'><em>Σαπίννιος,</em></span> <span class='ocrx_word' id='word_1_144' title='bbox 701 1382 747 1424; x_wconf 74' lang='grc' dir='ltr'><em>οὗ</em></span> <span class='ocrx_word' id='word_1_145' title='bbox 767 1384 1019 1425; x_wconf 89' lang='grc' dir='ltr'><em>πιστότατοι</em></span> <span class='ocrx_word' id='word_1_146' title='bbox 1044 1389 1103 1439; x_wconf 77' lang='grc' dir='ltr'><em>τῷ</em></span> <span class='ocrx_word' id='word_1_147' title='bbox 1135 1385 1317 1437; x_wconf 78' lang='grc' dir='ltr'><em>βασιλεῖ.</em></span> <span class='ocrx_word' id='word_1_148' title='bbox 1363 1383 1509 1438; x_wconf 74' lang='grc'>&lt;258&gt;</span> 
     </span>
     <span class='ocr_line' id='line_1_25' title="bbox 157 1449 1503 1508; baseline 0.001 -14"><span class='ocrx_word' id='word_1_149' title='bbox 157 1455 298 1495; x_wconf 90' lang='grc' dir='ltr'><em>καίτοι</em></span> <span class='ocrx_word' id='word_1_150' title='bbox 330 1449 370 1506; x_wconf 82' lang='grc' dir='ltr'><em>γ’</em></span> <span class='ocrx_word' id='word_1_151' title='bbox 407 1453 505 1507; x_wconf 79' lang='grc' dir='ltr'><em>ἄρτι</em></span> <span class='ocrx_word' id='word_1_152' title='bbox 536 1453 737 1507; x_wconf 88' lang='grc' dir='ltr'><em>καθάπερ</em></span> <span class='ocrx_word' id='word_1_153' title='bbox 771 1454 927 1507; x_wconf 88' lang='grc' dir='ltr'><em>λύττης</em></span> <span class='ocrx_word' id='word_1_154' title='bbox 958 1455 1077 1503; x_wconf 89' lang='grc' dir='ltr'><em>τινὸς</em></span> <span class='ocrx_word' id='word_1_155' title='bbox 1110 1453 1380 1508; x_wconf 85' lang='grc' dir='ltr'><em>ἐμπεσούσης</em></span> <span class='ocrx_word' id='word_1_156' title='bbox 1411 1452 1503 1495; x_wconf 82' lang='grc' dir='ltr'><em>κατ’</em></span> 
     </span>
     <span class='ocr_line' id='line_1_26' title="bbox 159 1519 1509 1578; baseline 0.001 -14"><span class='ocrx_word' id='word_1_157' title='bbox 159 1523 362 1578; x_wconf 84' lang='grc' dir='ltr'><em>ἀλλήλων</em></span> <span class='ocrx_word' id='word_1_158' title='bbox 400 1524 446 1566; x_wconf 77' lang='grc' dir='ltr'><em>οἱ</em></span> <span class='ocrx_word' id='word_1_159' title='bbox 478 1523 613 1565; x_wconf 86' lang='grc' dir='ltr'><em>πάλαι</em></span> <span class='ocrx_word' id='word_1_160' title='bbox 650 1525 851 1578; x_wconf 90' lang='grc' dir='ltr'><em>φίλτατοι</em></span> <span class='ocrx_word' id='word_1_161' title='bbox 883 1519 1184 1578; x_wconf 52' lang='grc' dir='ltr'><em>τεθηρίωντο)</em></span> <span class='ocrx_word' id='word_1_162' title='bbox 1216 1522 1312 1578; x_wconf 82' lang='grc' dir='ltr'><em>μήτ’</em></span> <span class='ocrx_word' id='word_1_163' title='bbox 1351 1523 1509 1566; x_wconf 86' lang='grc' dir='ltr'><em>ἀπολο-</em></span> 
     </span>
     <span class='ocr_line' id='line_1_27' title="bbox 158 1591 1510 1649; baseline 0 -13"><span class='ocrx_word' id='word_1_164' title='bbox 158 1596 255 1647; x_wconf 87' lang='grc' dir='ltr'><em>γιάς</em></span> <span class='ocrx_word' id='word_1_165' title='bbox 281 1591 376 1648; x_wconf 84' lang='grc' dir='ltr'><em>μήτ’</em></span> <span class='ocrx_word' id='word_1_166' title='bbox 403 1592 583 1648; x_wconf 86' lang='grc' dir='ltr'><em>ἐλέγχου</em></span> <span class='ocrx_word' id='word_1_167' title='bbox 610 1595 746 1636; x_wconf 89' lang='grc' dir='ltr'><em>τόπον</em></span> <span class='ocrx_word' id='word_1_168' title='bbox 772 1594 829 1643; x_wconf 87' lang='grc' dir='ltr'><em>ὡς</em></span> <span class='ocrx_word' id='word_1_169' title='bbox 854 1593 1064 1648; x_wconf 79' lang='grc' dir='ltr'><em>ἀληθείας</em></span> <span class='ocrx_word' id='word_1_170' title='bbox 1090 1594 1296 1649; x_wconf 84' lang='grc' dir='ltr'><em>ἐχόντων,</em></span> <span class='ocrx_word' id='word_1_171' title='bbox 1323 1592 1417 1636; x_wconf 80' lang='grc' dir='ltr'><em>ἀλλ’</em></span> <span class='ocrx_word' id='word_1_172' title='bbox 1443 1593 1510 1636; x_wconf 80' lang='grc' dir='ltr'><em>ἀεὶ</em></span> 
     </span>
    </p>
   </div>
   <div class='ocr_carea' id='block_1_10' title="bbox 141 1663 1510 1719">
    <p class='ocr_par' dir='ltr' id='par_1_10' title="bbox 141 1663 1510 1719">
     <span class='ocr_line' id='line_1_28' title="bbox 141 1663 1510 1719; baseline 0.001 -13"><span class='ocrx_word' id='word_1_173' title='bbox 141 1663 421 1719; x_wconf 76' lang='grc' dir='ltr'><em>’γιγνομένης</em></span> <span class='ocrx_word' id='word_1_174' title='bbox 441 1663 621 1718; x_wconf 82' lang='grc' dir='ltr'><em>ἀκρίτου</em></span> <span class='ocrx_word' id='word_1_175' title='bbox 640 1665 759 1714; x_wconf 90' lang='grc' dir='ltr'><em>τινὸς</em></span> <span class='ocrx_word' id='word_1_176' title='bbox 780 1665 840 1713; x_wconf 83' lang='grc' dir='ltr'><em>εἰς</em></span> <span class='ocrx_word' id='word_1_177' title='bbox 860 1664 1052 1713; x_wconf 78' lang='grc' dir='ltr'><em>ἅπαντας</em></span> <span class='ocrx_word' id='word_1_178' title='bbox 1072 1664 1303 1714; x_wconf 81' lang='grc' dir='ltr'><em>ἀπωλείας·</em></span> <span class='ocrx_word' id='word_1_179' title='bbox 1330 1663 1401 1706; x_wconf 85' lang='grc' dir='ltr'><em>καὶ</em></span> <span class='ocrx_word' id='word_1_180' title='bbox 1422 1673 1510 1708; x_wconf 86' lang='grc' dir='ltr'><em>τῶν</em></span> 
     </span>
    </p>
   </div>
   <div class='ocr_carea' id='block_1_11' title="bbox 157 1731 1511 2355">
    <p class='ocr_par' dir='ltr' id='par_1_11' title="bbox 157 1731 1511 2355">
     <span class='ocr_line' id='line_1_29' title="bbox 157 1731 1506 1790; baseline 0.001 -13"><span class='ocrx_word' id='word_1_181' title='bbox 157 1733 238 1790; x_wconf 72' lang='grc' dir='ltr'><em>μὲν</em></span> <span class='ocrx_word' id='word_1_182' title='bbox 260 1735 396 1789; x_wconf 79' lang='grc' dir='ltr'><em>δεσμὰ</em></span> <span class='ocrx_word' id='word_1_183' title='bbox 417 1741 503 1776; x_wconf 87' lang='grc' dir='ltr'><em>τῶν</em></span> <span class='ocrx_word' id='word_1_184' title='bbox 525 1731 572 1776; x_wconf 77' lang='grc' dir='ltr'><em>δὲ</em></span> <span class='ocrx_word' id='word_1_185' title='bbox 592 1734 815 1784; x_wconf 84' lang='grc' dir='ltr'><em>θανάτους</em></span> <span class='ocrx_word' id='word_1_186' title='bbox 834 1742 921 1776; x_wconf 86' lang='grc' dir='ltr'><em>τῶν</em></span> <span class='ocrx_word' id='word_1_187' title='bbox 943 1732 990 1776; x_wconf 77' lang='grc' dir='ltr'><em>δὲ</em></span> <span class='ocrx_word' id='word_1_188' title='bbox 1016 1735 1064 1776; x_wconf 91' lang='grc' dir='ltr'><em>τὸ</em></span> <span class='ocrx_word' id='word_1_189' title='bbox 1090 1741 1225 1776; x_wconf 91' lang='grc' dir='ltr'><em>ταῦτα</em></span> <span class='ocrx_word' id='word_1_190' title='bbox 1244 1733 1420 1789; x_wconf 85' lang='grc' dir='ltr'><em>μέλλειν</em></span> <span class='ocrx_word' id='word_1_191' title='bbox 1440 1734 1506 1778; x_wconf 85' lang='grc' dir='ltr'><em>ἐπ’</em></span> 
     </span>
     <span class='ocr_line' id='line_1_30' title="bbox 158 1803 1509 1861; baseline 0 -13"><span class='ocrx_word' id='word_1_192' title='bbox 158 1805 307 1855; x_wconf 84' lang='grc' dir='ltr'><em>αὐτοῖς</em></span> <span class='ocrx_word' id='word_1_193' title='bbox 339 1803 647 1859; x_wconf 82' lang='grc' dir='ltr'><em>ὀδυρομένων,</em></span> <span class='ocrx_word' id='word_1_194' title='bbox 688 1804 846 1859; x_wconf 83' lang='grc' dir='ltr'><em>ἡσυχία</em></span> <span class='ocrx_word' id='word_1_195' title='bbox 881 1821 925 1846; x_wconf 91' lang='grc' dir='ltr'><em>τε</em></span> <span class='ocrx_word' id='word_1_196' title='bbox 960 1803 1032 1846; x_wconf 82' lang='grc' dir='ltr'><em>καὶ</em></span> <span class='ocrx_word' id='word_1_197' title='bbox 1067 1806 1278 1861; x_wconf 84' lang='grc' dir='ltr'><em>κατήφεια</em></span> <span class='ocrx_word' id='word_1_198' title='bbox 1309 1807 1357 1848; x_wconf 93' lang='grc' dir='ltr'><em>τὸ</em></span> <span class='ocrx_word' id='word_1_199' title='bbox 1389 1809 1509 1861; x_wconf 92' lang='grc' dir='ltr'><em>βασί-</em></span> 
     </span>
     <span class='ocr_line' id='line_1_31' title="bbox 159 1875 1510 1930; baseline 0.001 -12"><span class='ocrx_word' id='word_1_200' title='bbox 159 1880 278 1918; x_wconf 91' lang='grc' dir='ltr'><em>λειον</em></span> <span class='ocrx_word' id='word_1_201' title='bbox 311 1875 545 1929; x_wconf 87' lang='grc' dir='ltr'><em>ἀπεκόσμει</em></span> <span class='ocrx_word' id='word_1_202' title='bbox 583 1881 658 1929; x_wconf 76' lang='grc' dir='ltr'><em>τῆς</em></span> <span class='ocrx_word' id='word_1_203' title='bbox 695 1876 868 1929; x_wconf 86' lang='grc' dir='ltr'><em>πρώτης</em></span> <span class='ocrx_word' id='word_1_204' title='bbox 899 1875 1192 1929; x_wconf 82' lang='grc' dir='ltr'><em>εὐδαιμονίας.</em></span> <span class='ocrx_word' id='word_1_205' title='bbox 1255 1877 1399 1930; x_wconf 79' lang='grc'>&lt;259&gt;</span> <span class='ocrx_word' id='word_1_206' title='bbox 1438 1876 1510 1919; x_wconf 86' lang='grc' dir='ltr'><em>καὶ</em></span> 
     </span>
     <span class='ocr_line' id='line_1_32' title="bbox 158 1943 1511 2003; baseline 0 -15"><span class='ocrx_word' id='word_1_207' title='bbox 158 1947 343 2003; x_wconf 86' lang='grc' dir='ltr'><em>χαλεπὸς</em></span> <span class='ocrx_word' id='word_1_208' title='bbox 362 1943 417 2000; x_wconf 73' lang='grc' dir='ltr'><em>ἣν</em></span> <span class='ocrx_word' id='word_1_209' title='bbox 439 1944 619 2001; x_wconf 40' lang='grc' dir='ltr'><em>(Ηρώδῃ</em></span> <span class='ocrx_word' id='word_1_210' title='bbox 638 1951 723 1995; x_wconf 77' lang='grc' dir='ltr'><em>πᾶς</em></span> <span class='ocrx_word' id='word_1_211' title='bbox 742 1946 764 1988; x_wconf 91' lang='grc' dir='ltr'>ὁ</span> <span class='ocrx_word' id='word_1_212' title='bbox 786 1947 880 2000; x_wconf 88' lang='grc' dir='ltr'><em>βιός</em></span> <span class='ocrx_word' id='word_1_213' title='bbox 900 1945 1251 2003; x_wconf 78' lang='grc' dir='ltr'><em>ἐκτεταραγμένῳ</em></span> <span class='ocrx_word' id='word_1_214' title='bbox 1271 1945 1343 1988; x_wconf 88' lang='grc' dir='ltr'><em>καὶ</em></span> <span class='ocrx_word' id='word_1_215' title='bbox 1363 1948 1410 1989; x_wconf 89' lang='grc' dir='ltr'><em>τὸ</em></span> <span class='ocrx_word' id='word_1_216' title='bbox 1431 1963 1511 2001; x_wconf 92' lang='grc' dir='ltr'><em>μη-</em></span> 
     </span>
     <span class='ocr_line' id='line_1_33' title="bbox 160 2015 1509 2072; baseline 0 -13"><span class='ocrx_word' id='word_1_217' title='bbox 160 2016 255 2060; x_wconf 84' lang='grc' dir='ltr'><em>δενὶ</em></span> <span class='ocrx_word' id='word_1_218' title='bbox 279 2017 500 2058; x_wconf 90' lang='grc' dir='ltr'><em>πιστεύειν</em></span> <span class='ocrx_word' id='word_1_219' title='bbox 527 2015 637 2071; x_wconf 90' lang='grc' dir='ltr'><em>μέγα</em></span> <span class='ocrx_word' id='word_1_220' title='bbox 656 2022 732 2070; x_wconf 85' lang='grc' dir='ltr'><em>τῆς</em></span> <span class='ocrx_word' id='word_1_221' title='bbox 750 2017 1017 2071; x_wconf 86' lang='grc' dir='ltr'><em>προσδοκίας</em></span> <span class='ocrx_word' id='word_1_222' title='bbox 1036 2018 1327 2072; x_wconf 89' lang='grc' dir='ltr'><em>κολαστήριον</em></span> <span class='ocrx_word' id='word_1_223' title='bbox 1348 2019 1509 2072; x_wconf 85' lang='grc' dir='ltr'><em>ἔχοντι·</em></span> 
     </span>
     <span class='ocr_line' id='line_1_34' title="bbox 158 2087 1510 2143; baseline -0.001 -13"><span class='ocrx_word' id='word_1_224' title='bbox 158 2088 369 2137; x_wconf 88' lang='grc' dir='ltr'><em>πολλάκις</em></span> <span class='ocrx_word' id='word_1_225' title='bbox 399 2094 511 2142; x_wconf 89' lang='grc' dir='ltr'><em>γοῦν</em></span> <span class='ocrx_word' id='word_1_226' title='bbox 543 2088 601 2137; x_wconf 84' lang='grc' dir='ltr'><em>ὡς</em></span> <span class='ocrx_word' id='word_1_227' title='bbox 627 2087 973 2142; x_wconf 80' lang='grc' dir='ltr'><em>ἐπανιστάμενον</em></span> <span class='ocrx_word' id='word_1_228' title='bbox 999 2087 1115 2143; x_wconf 80' lang='grc' dir='ltr'><em>αὐτῷ</em></span> <span class='ocrx_word' id='word_1_229' title='bbox 1149 2088 1226 2129; x_wconf 87' lang='grc' dir='ltr'><em>τὸν</em></span> <span class='ocrx_word' id='word_1_230' title='bbox 1252 2087 1353 2129; x_wconf 82' lang='grc' dir='ltr'><em>υἶὸν</em></span> <span class='ocrx_word' id='word_1_231' title='bbox 1379 2087 1405 2142; x_wconf 81' lang='grc' dir='ltr'><em>ἢ</em></span> <span class='ocrx_word' id='word_1_232' title='bbox 1438 2087 1510 2129; x_wconf 81' lang='grc' dir='ltr'><em>καὶ</em></span> 
     </span>
     <span class='ocr_line' id='line_1_35' title="bbox 160 2157 1511 2214; baseline 0 -14"><span class='ocrx_word' id='word_1_233' title='bbox 160 2158 317 2214; x_wconf 84' lang='grc' dir='ltr'><em>ξιφήρη</em></span> <span class='ocrx_word' id='word_1_234' title='bbox 343 2166 594 2213; x_wconf 84' lang='grc' dir='ltr'><em>παρεστῶτα</em></span> <span class='ocrx_word' id='word_1_235' title='bbox 616 2158 688 2199; x_wconf 84' lang='grc' dir='ltr'><em>διὰ</em></span> <span class='ocrx_word' id='word_1_236' title='bbox 709 2160 952 2212; x_wconf 88' lang='grc' dir='ltr'><em>φαντασίας</em></span> <span class='ocrx_word' id='word_1_237' title='bbox 971 2157 1227 2212; x_wconf 84' lang='grc' dir='ltr'><em>ἐλάμβανεν.</em></span> <span class='ocrx_word' id='word_1_238' title='bbox 1270 2157 1416 2213; x_wconf 78' lang='grc'>&lt;260&gt;</span> <span class='ocrx_word' id='word_1_239' title='bbox 1436 2159 1511 2200; x_wconf 81' lang='grc' dir='ltr'><em>οὕ-</em></span> 
     </span>
     <span class='ocr_line' id='line_1_36' title="bbox 159 2227 1510 2286; baseline 0 -15"><span class='ocrx_word' id='word_1_240' title='bbox 159 2246 242 2279; x_wconf 87' lang='grc' dir='ltr'><em>τως</em></span> <span class='ocrx_word' id='word_1_241' title='bbox 273 2229 299 2284; x_wconf 85' lang='grc' dir='ltr'><em>ἡ</em></span> <span class='ocrx_word' id='word_1_242' title='bbox 331 2230 448 2284; x_wconf 84' lang='grc' dir='ltr'><em>ψυχὴ</em></span> <span class='ocrx_word' id='word_1_243' title='bbox 480 2227 552 2271; x_wconf 83' lang='grc' dir='ltr'><em>καὶ</em></span> <span class='ocrx_word' id='word_1_244' title='bbox 585 2229 721 2270; x_wconf 90' lang='grc' dir='ltr'><em>νύκτα</em></span> <span class='ocrx_word' id='word_1_245' title='bbox 753 2229 825 2270; x_wconf 82' lang='grc' dir='ltr'><em>καὶ</em></span> <span class='ocrx_word' id='word_1_246' title='bbox 862 2227 1030 2283; x_wconf 79' lang='grc' dir='ltr'><em>ἡμέραν</em></span> <span class='ocrx_word' id='word_1_247' title='bbox 1067 2230 1176 2283; x_wconf 88' lang='grc' dir='ltr'><em>πρὸς</em></span> <span class='ocrx_word' id='word_1_248' title='bbox 1212 2229 1352 2286; x_wconf 78' lang='grc' dir='ltr'><em>τούτῳ</em></span> <span class='ocrx_word' id='word_1_249' title='bbox 1384 2245 1510 2282; x_wconf 88' lang='grc' dir='ltr'><em>γενο-</em></span> 
     </span>
     <span class='ocr_line' id='line_1_37' title="bbox 160 2296 1509 2355; baseline -0.001 -12"><span class='ocrx_word' id='word_1_250' title='bbox 160 2299 268 2355; x_wconf 88' lang='grc' dir='ltr'><em>μένη</em></span> <span class='ocrx_word' id='word_1_251' title='bbox 307 2300 450 2349; x_wconf 87' lang='grc' dir='ltr'><em>πάθος</em></span> <span class='ocrx_word' id='word_1_252' title='bbox 487 2299 729 2354; x_wconf 79' lang='grc' dir='ltr'><em>ἀνεμάξατο</em></span> <span class='ocrx_word' id='word_1_253' title='bbox 768 2301 924 2353; x_wconf 87' lang='grc' dir='ltr'><em>μανιάς</em></span> <span class='ocrx_word' id='word_1_254' title='bbox 961 2297 1032 2340; x_wconf 86' lang='grc' dir='ltr'><em>καὶ</em></span> <span class='ocrx_word' id='word_1_255' title='bbox 1071 2298 1221 2348; x_wconf 88' lang='grc' dir='ltr'><em>ἀνοίας</em></span> <span class='ocrx_word' id='word_1_256' title='bbox 1253 2299 1332 2354; x_wconf 86' lang='grc' dir='ltr'><em>οὐχ</em></span> <span class='ocrx_word' id='word_1_257' title='bbox 1365 2296 1509 2353; x_wconf 81' lang='grc' dir='ltr'><em>ἧττον.</em></span> 
     </span>
    </p>
   </div>
  </div>
 </body>
</html>
