1732 2526
171 1406 192 1437 3

218 82 276 123 24
713 83 1078 116 ΑΡΧΑΙΟΛΟΓΙΑΣ

218 198 374 245 φυτοῖς
413 189 600 244 ἐκλέξας,
637 196 844 245 ποταμοῦ,
871 206 916 232 τε
963 189 1271 246 περιρρέοντος
1311 191 1392 244 τὴν
1434 192 1567 233 πόλιν

221 261 375 315 αὐτήν,
406 260 479 303 καὶ
504 263 741 304 καλλίστου
766 262 874 303 κατὰ
902 260 1090 315 μέγεθος
1114 268 1201 303 τῶν
1227 268 1381 315 φυτῶν
1407 265 1567 316 περιειέ

220 334 412 387 ληφότος
452 333 625 382 ἄλσους.
686 333 832 386 <143>
864 333 1027 386 ταύτην
1066 330 1138 374 ἀπ’
1171 331 1456 387 Ἀντιπάτρου
1488 338 1568 374 τοῦ

218 404 383 459 πατρὸς
409 399 716 458 Ἀντιπατρίδα
747 405 1116 458 προσηγόρευσεν.
1161 402 1394 458 ἐπώνυμον
1422 400 1470 444 δὲ
1495 401 1568 444 καὶ

219 480 270 529 τῇ
303 472 434 530 μητρὶ
465 476 628 528 χωρίον
659 471 770 527 ὑπὲρ
796 470 1064 528 Ἱεριχοῦντα
1091 474 1397 528 οἰκοδομήσας,
1430 473 1569 528 ἀσφα-

219 547 314 601 λείᾳ
357 560 401 586 τε
447 544 667 600 διάφορον
710 543 783 586 καὶ
827 552 1100 598 καταγωγαῖς
1143 544 1348 599 ἥδιστον,
1393 543 1569 586 ἐκάλεσε

218 616 416 671 Κύπρον.
479 615 625 670 (144)
670 616 891 672 Φασαήλῳ
931 630 977 657 τε
1019 614 1221 671 τάδελφῷ
1267 622 1457 670 μνημεῖα
1498 615 1571 657 διὰ

218 687 299 740 τὴν
342 685 640 741 γεγενημένην
680 687 790 740 πρὸς
833 686 970 727 αὐτὸν
1014 689 1331 740 φιλοστοργίαν
1375 686 1571 728 ἀνετίθει

218 757 270 798 τὰ
303 757 524 810 κάλλιστα,
557 757 730 812 πύργον
763 753 828 798 ἐπ’
865 757 998 811 αὐτῆς
1029 763 1104 811 τῆς
1128 759 1296 806 πόλεως
1326 756 1573 811 ἀναστήσας

220 825 354 869 οὐδὲν
381 826 543 869 ἐλάττω
575 833 655 869 τοῦ
686 828 793 868 κατὰ
825 828 905 882 τὴν
945 827 1114 882 Φάρον,
1153 828 1205 870 ὃν
1240 830 1569 883 προσηγόρευσε

222 898 482 953 Φασάηλονζ,
532 897 773 952 ἀσφαλείας
816 913 862 939 τε
905 904 955 953 τῇ
1000 900 1125 940 πόλει
1174 897 1303 953 μέρος
1346 899 1452 940 ὄντα
1495 896 1569 940 καὶ

219 969 391 1023 μνήμης
421 974 481 1024 τῷ
514 970 838 1022 τετελευτηκότι
865 969 938 1009 διὰ
964 969 1044 1022 τὴν
1068 971 1382 1024 προσηγορίαν.
1422 970 1568 1023 <145>

219 1039 458 1093 ὁμώνυμον
497 1037 537 1080 δ’
584 1038 700 1096 αὐτῷ
739 1037 812 1081 καὶ
843 1033 974 1081 πόλιν
1011 1038 1111 1094 περὶ
1153 1041 1232 1082 τὸν
1275 1039 1454 1082 αὐλῶνα
1493 1047 1569 1095 τῆς

212 1107 502 1165 Ἱεριχοῦντος
545 1111 738 1164 ἔκτισεν,
781 1109 995 1152 ἐπιόντων
1031 1111 1139 1152 κατὰ
1176 1113 1343 1166 βορρᾶν
1388 1111 1568 1165 ἄνεμον,

220 1178 277 1221 δι’
314 1177 364 1234 ἧς
395 1179 467 1222 καὶ
498 1181 579 1235 τὴν
610 1180 733 1235 πέριξ
776 1181 924 1237 χώραν
962 1183 1126 1237 ἔρημον
1170 1178 1310 1224 οὖσαν
1348 1181 1568 1237 ἐνεργοτέ-

220 1266 303 1305 ραν
330 1249 506 1304 ἐποίησε
533 1259 627 1301 ταῖς
659 1251 921 1306 ἐπιμελείαις
951 1259 1039 1294 τῶν
1072 1253 1327 1307 οἰκητόρων.
1391 1255 1568 1308 Φασαη-

219 1323 321 1363 λίδα
352 1320 424 1363 καὶ
456 1322 619 1375 ταύτην
646 1321 800 1364 ἐκάλει.

309 1392 455 1447 <Ι46>
486 1393 561 1442 τὰς
594 1390 632 1434 δ’
665 1394 799 1442 ἄλλας
823 1393 1073 1448 εὐεργεσίας
1098 1395 1266 1449 ἄπορον
1298 1395 1437 1437 εἰπεῖν
1464 1394 1570 1445 ὅσας

221 1461 415 1505 ἀπέδωκε
467 1470 561 1513 ταῖς
609 1465 791 1505 πόλεσιν
842 1466 890 1506 ἐν
934 1480 978 1506 τε
1023 1468 1170 1521 Συρία
1213 1463 1285 1506 καὶ
1335 1466 1443 1507 κατὰ
1489 1467 1570 1520 τὴν

212 1533 402 1576 Ἑλλάδα
433 1533 505 1576 καὶ
537 1530 638 1589 παρ’
676 1529 741 1584 οἷς
771 1532 865 1577 ποτ’
905 1532 987 1577 οὖν
1014 1534 1298 1590 ἀποδημήσας
1322 1537 1464 1592 τύχοι·
1496 1535 1569 1578 καὶ

219 1606 303 1659 γὰρ
346 1608 526 1655 πλείους
562 1608 836 1661 λειτουργίας
881 1605 954 1648 καὶ
996 1607 1221 1661 δημοσίων
1260 1608 1402 1662 ἔργων
1441 1623 1570 1649 κατα-

222 1676 378 1726 σκευὰς
408 1675 481 1718 καὶ
512 1678 709 1732 χρήματα
753 1684 844 1726 τοῖς
886 1676 1113 1732 δεομένοις
1144 1680 1290 1732 ἔργοις
1329 1679 1391 1728 εἰς
1434 1677 1570 1721 ἐπιτέ-

220 1750 359 1801 λειαν,
384 1754 473 1789 τῶν
499 1746 725 1803 προτέρων
752 1747 1085 1802 ἐκλελοιπότων,
1104 1749 1284 1802 ἄφθονα
1302 1751 1569 1804 χαρίσασθαι

221 1818 353 1859 δοκεῖ.
416 1818 562 1872 <147>
606 1819 658 1860 τὰ
703 1816 751 1860 δὲ
795 1817 976 1873 μέγιστα
1020 1817 1091 1860 καὶ
1137 1820 1432 1874 διασημότατα
1480 1827 1569 1862 τῶν

219 1887 540 1944 πεπραγμένων
578 1888 717 1946 αὐτῷ,
748 1887 933 1939 Ῥοδίοις
969 1888 1049 1944 μὲν
1087 1892 1135 1932 τό
1173 1905 1217 1932 τε
1256 1891 1438 1932 Πύθιον
1476 1889 1570 1933 ἀνέ-

222 1970 379 2014 στησεν
431 1961 608 2009 οἰκείοις
658 1959 913 2015 ἀναλώμασι
963 1959 1036 2002 καὶ
1086 1960 1303 2016 παρέσχεν
1353 1960 1569 2017 ἀργυρίου

203 2031 361 2077 ,πολλὰ
385 2030 575 2072 τάλαντα
606 2032 716 2085 πρὸς
745 2034 1012 2086 ναυπηγίαν,
1043 2034 1358 2082 Νικοπολίταις
1399 2030 1448 2073 δὲ
1478 2040 1570 2083 τοϊς

222 2098 285 2143 ἐπ’
319 2099 472 2157 Ἀκτίῳ
504 2105 751 2143 κτισθεῖσιν
787 2102 873 2144 ὑπὸ
912 2104 1136 2159 Καίσαρος
1174 2103 1228 2144 τὰ
1263 2106 1443 2144 πλεῖστα
1481 2111 1570 2145 τῶν

222 2173 448 2227 δημοσίων
479 2172 897 2227 συγκατεσκεύασεν,
928 2173 1074 2228 <148>
1102 2171 1369 2228 Ἀντιοχεῦσι
1401 2171 1449 2215 δὲ
1479 2181 1570 2223 τοῖς

221 2242 269 2285 ἐν
314 2244 461 2299 Συρία
504 2246 712 2297 μεγίστην
755 2246 885 2285 πόλιν
930 2244 1151 2297 οἰκοῦσιν,
1195 2243 1251 2298 ἢν
1288 2245 1396 2286 κατὰ
1434 2250 1569 2299 μῆκος

317 2327 336 2366 ξ
364 2326 430 2357 146
458 2323 500 2358 Cf.
527 2323 620 2359 ΒΘΗ,
647 2323 724 2358 Iud.
752 2324 768 2357 Ῑ
796 2328 851 2368 21,
880 2328 934 2360 11.

1592 842 1627 867 10

1588 1196 1621 1222 15

1589 1551 1623 1576 20

1590 1902 1623 1929 25

1589 2257 1623 2282 30
