1732 2526
82 307 161 352 wa

132 1017 160 1058 4

158 300 172 309 ,a

190 64 275 105 246
681 64 1044 98 APXAIOAOPIAZ

187 169 299 213 εἶναι
333 169 381 213 δὲ
412 173 515 221 τοὺς
547 173 592 213 οἳ
620 170 674 213 ἂν
699 170 798 227 περὶ
826 171 1081 227 ἐλευθερίας
1105 171 1328 226 μάχωνται
1355 177 1430 226 τῆς
1455 185 1561 213 πα-’

179 243 346 301 Δτρίδος.

277 313 419 366 <234>
452 311 524 354 καὶ
557 313 602 355 οἱ
629 310 709 367 μὲν
741 316 1017 368 πρεσβευταί,
1045 312 1264 368 ’ὃηράνιος
1295 311 1364 354 καὶ
1397 314 1536 367 Βρόκ-

186 399 264 439 χος
307 383 543 439 (δήμαρχοι
589 381 626 425 δ’
677 381 790 438 ἦσαν
834 382 1116 439 ἀμφότεροι),
1156 381 1294 425 τοῖσδ’
1345 382 1535 439 ἐχρῶντο

186 461 278 503 τοῖς
309 455 472 508 λόγοις,
502 452 574 496 καὶ
600 453 888 496 καθικέτευον
913 462 1004 504 τοῖς
1029 456 1214 508 γόνασιν
1240 453 1377 495 αὐτοῦ
1403 464 1536 507 προσ-

185 526 393 574 πεσόντες
430 526 639 579 μηδαμῶς
676 523 882 578 πολέμοις
919 523 990 566 καὶ
1028 531 1177 573 κακοῖς
1216 524 1420 578 ἐμβαλεῖν
1457 524 1537 577 τὴν

185 597 327 637 πόλιν.
384 599 662 650 θεωροῦντες
694 592 742 636 δὲ
769 601 972 649 στρατιᾶς
1003 595 1170 648 πληθύι
1203 595 1278 636 τὸν
1308 594 1538 636 Κλαύδιον

185 663 497 720 πεφραγμένον
535 663 606 706 καὶ
644 666 692 707 τὸ
732 662 870 719 μηδὲν
907 667 1010 714 τοὺς
1040 665 1234 714 ὑπάτους
1267 665 1396 714 ὄντας
1434 676 1538 719 συγ-

185 738 325 789 κρίσει
381 741 432 790 τῇ
487 737 595 789 πρὸς
649 735 806 789 αὐτόν,
862 735 1044 789 ἐπῆγον,
1101 735 1256 788 <235>
1313 737 1353 776 εἰ
1404 734 1538 791 ἀρχῆς

188 805 400 861 ὀρέγοιτο,
433 806 550 860 παρὰ
575 812 651 859 τῆς
676 808 839 860 βουλῆς
865 804 1072 859 δέχεσθαι
1099 804 1355 859 διδομένην·
1389 806 1536 847 αἰσιώ-

186 891 314 931 τερον
352 876 435 931 γὰρ
475 874 546 917 καὶ
584 874 956 930 αἰδημονέστερον
993 880 1183 931 χρῆσθαι
1220 876 1298 917 τὸν
1335 876 1392 930 μὴ
1431 874 1530 930 μεθ’

185 947 354 1002 ὕβρεως
387 942 480 988 ἀλλ’
517 947 670 1003 εὐνοία
701 954 789 988 τῶν
823 947 1040 988 διδόντων
1073 946 1483 1001 παραλαμβάνοντα.

275 1017 420 1070 <236>
454 1019 678 1066 Κλαύδιος
711 1015 750 1058 δ’
781 1016 1010 1072 (ἠπίστατο
1037 1018 1118 1072 γὰρ
1147 1016 1247 1072 μεθ’
1279 1018 1373 1067 οἵας
1399 1017 1538 1059 αὐθα-

186 1089 304 1136 δειάς
329 1087 633 1142 ἀποσταλεῖενζ)
662 1086 734 1129 καὶ
759 1089 868 1142 πρὸς
894 1089 942 1130 τὸ
967 1090 1109 1142 παρὸν
1136 1089 1288 1144 γνώμῃ
1315 1093 1364 1143 τῇ
1392 1088 1537 1130 αὐτῶν

186 1156 255 1199 ἐπὶ
294 1159 341 1199 τὸ
380 1159 669 1213 μετριώτερον
709 1157 960 1213 ἐτέτραπτο,
1000 1159 1053 1200 οὐ
1090 1160 1176 1213 μὴν
1215 1158 1324 1200 ἀλλὰ
1355 1157 1426 1200 καὶ
1458 1165 1537 1201 τοῦ
1575 1177 1590 1193 0

184 1227 282 1283 περὶ
327 1228 445 1285 αὑτῷ
491 1230 635 1283 φόβου
681 1229 940 1283 διαναστάς,
992 1230 1079 1283 ἅμα
1123 1227 1202 1284 μὲν
1246 1229 1404 1284 θράσει
1448 1235 1536 1271 τῶν

186 1306 483 1353 στρατιωτῶν,
526 1299 614 1353 ἅμα
654 1295 701 1340 δὲ
730 1297 943 1353 Ἀγρίππα
980 1306 1059 1341 τοῦ
1091 1297 1304 1353 βασιλέως
1334 1299 1536 1341 κελεύον-

184 1385 257 1418 τος
289 1369 345 1423 μὴ
377 1371 614 1424 προΐεσθαι
647 1376 734 1410 τῶν
766 1377 926 1424 χειρῶν
952 1370 1215 1424 τηλικαύτην
1242 1368 1380 1424 ἀρχὴν
1405 1370 1537 1423 ἤκου-

186 1451 268 1480 σαν
300 1439 565 1494 αὐτόματον·
610 1440 755 1494 <237>
790 1439 836 1489 ὃς
868 1439 1032 1495 πράξας
1063 1438 1143 1495 μὲν
1175 1438 1246 1481 καὶ
1275 1438 1373 1494 περὶ
1399 1440 1536 1482 Γάιον

185 1504 255 1551 οἷα
296 1511 410 1559 εἰκὸς
451 1511 593 1564 ἄνδρα
634 1508 706 1552 ὑπ’
755 1511 891 1552 αὐτοῦ
934 1511 1006 1552 διὰ
1048 1517 1172 1566 τιμῆς
1212 1509 1404 1565 ἠγμένον
1446 1509 1535 1566 (καὶ

184 1581 267 1634 γαρ
305 1582 383 1622 τὸν
419 1582 578 1636 νεκρὸν
616 1580 820 1634 περιέσπε
853 1587 932 1623 τοῦ
965 1583 1123 1636 Γαΐου,
1161 1579 1233 1623 καὶ
1266 1579 1538 1636 ἀναθέμενος

185 1649 254 1692 ἐπὶ
298 1653 449 1705 κλίνης
493 1651 564 1693 καὶ
608 1654 880 1706 περιστείλας
923 1651 969 1693 ἐκ
1008 1659 1095 1694 τῶν
1136 1650 1435 1706 ἐνδεχομένων
1476 1653 1537 1702 εἰς

183 1723 286 1770 τοὺς
331 1722 707 1776 σωματοφύλακας
750 1722 989 1777 ὑπεχώρει,
1035 1725 1110 1776 ζῆν
1155 1719 1234 1776 μὲν
1278 1724 1355 1764 τὸν
1399 1721 1536 1764 Γάιον

183 1791 470 1845 ἀπαγγέλλων
503 1796 845 1834 κακοπαθοῦντα
873 1790 915 1834 δ’
947 1793 1032 1835 ὑπὸ
1058 1793 1334 1847 τραυμάτων,
1362 1794 1535 1848 ἰατροὺς

1558 818 1590 841 10

1556 1522 1590 1547 20

183 1865 414 1915 μετελθεῖν
448 1861 625 1918 λέγων),
658 1863 800 1917 <238>
832 1865 1087 1918 πυθόμενος
1119 1861 1166 1905 δὲ
1198 1870 1276 1906 τοῦ
1306 1864 1533 1905 Κλαυδίου
1554 1874 1587 1899 ’25

182 1933 263 1985 τὴν
301 1932 386 1973 ὑπὸ
424 1940 513 1973 τῶν
553 1940 829 1985 στρατιωτῶν
871 1933 1072 1988 ἁρπαγὴν
1105 1933 1288 1976 ἐωθεῖτο
1320 1935 1427 1989 πρὸς
1458 1933 1534 1975 αὐ-

183 2003 275 2056 τόν,
306 2001 378 2043 καὶ
404 2003 662 2057 καταλαβὼν
689 2003 1010 2058 τεταραγμένον
1036 2002 1108 2045 καὶ
1138 1997 1234 2045 οἷόν
1260 1999 1296 2044 τ’
1327 2003 1533 2059 ἐκχωρεῖν

183 2079 233 2127 τῇ
268 2073 495 2128 συγκλήτῳ
529 2071 775 2126 ἀνήγειρεν,
809 2073 1211 2128 ἀντιλαμβάνεσθαι
1243 2073 1434 2115 κελεύων
1459 2080 1534 2128 τῆς

183 2142 429 2196 ἡγεμονίας.
488 2142 631 2196 <239>
664 2150 799 2185 ταῦτα
832 2141 879 2185 δὲ
909 2145 1018 2198 πρὸς
1043 2145 1119 2185 τὸν
1145 2145 1372 2186 Κλαύδιον
1398 2145 1533 2187 εἰπὼν

183 2212 451 2268 προσεχώρει
489 2213 597 2267 πρὸς
636 2213 786 2268 αὑτόν,
823 2212 894 2255 καὶ
936 2215 1260 2268 μετακαλούσης
1293 2214 1426 2257 αὐτὸν
1459 2221 1534 2270 τῆς
1553 2226 1586 2252 30

280 2297 298 2335 g
325 2296 393 2327 230
420 2292 464 2328 cf.
495 2292 583 2328 ΒΘΗ,
610 2293 689 2328 Iud.
716 2294 749 2328 Η
777 2297 831 2338 11,
860 2298 890 2329 2.
