1732 2526
56 499 72 525 5

40 853 72 877 11)

40 1205 74 1230 15

40 1558 74 1582 20

42 1910 74 1935 25

593 97 932 129 ΕΚΚΑῘΔΕΚΑΤΗ
1387 97 1406 136 1
1415 95 1440 136 3

94 203 422 258 ὑπολαμβάνων
468 203 515 245 ἐν
561 204 771 258 συγχύσει
807 209 884 257 τῆς
923 209 1063 258 ψυχῆς
1101 201 1167 257 ἦν.
1225 204 1339 256 (76)
1384 210 1441 259 τῷ

94 274 178 329 γὰρ
217 275 311 316 ὄντι
348 278 528 316 πλεῖστα
567 271 648 328 μὲν
684 281 773 315 τῶν
812 273 979 324 ἔξωθεν
1016 272 1087 314 καὶ
1119 272 1219 327 παρ’
1266 274 1442 324 ἐλπίδας

94 346 157 394 εἰς
194 345 399 399 εὐτυχίαν
437 345 553 401 αὐτῷ
593 346 641 386 τὸ
682 346 915 398 δαιμόνιον
955 346 1223 398 προσετίθει,
1262 343 1441 398 μέγιστα

94 412 143 456 δὲ
174 422 261 457 τῶν
293 419 405 457 οἴκοι
437 413 509 456 καὶ
541 412 651 469 μηδὲ
683 415 1027 469 προσδοκώμενα
1061 415 1294 468 δυστυχεῖν
1323 415 1439 470 αὐτῷ

93 484 369 539 συνέβαινεν,
402 484 608 538 ἑκατέρου
639 487 872 539 προϊόντος
912 485 970 533 ὡς
1003 484 1083 526 οὐκ
1114 485 1170 526 ἄν
1200 499 1264 533 τις
1297 483 1439 540 ᾠήθη,

91 554 163 597 καὶ
199 554 464 610 παρέχοντος
501 555 780 610 ἀμφήριστον
816 557 896 609 τὴν
935 555 1206 610 ὑπερβολήν,
1249 555 1364 609 <77>
1403 557 1443 596 εἰ

92 625 186 668 δέοι
226 626 306 679 τὴν
343 627 563 680 τοσαύτην
601 627 808 680 εὐτυχίαν
839 633 928 667 τῶν
966 625 1134 676 ἔξωθεν
1171 626 1439 679 πραγμάτων

91 695 363 747 ἀλλάξασθαι
395 704 484 738 τῶν
516 701 631 739 οἴκοι
668 703 831 750 κακῶν,
862 695 888 750 ἢ
927 702 1100 738 τοιοῦτο
1133 695 1321 750 μέγεθος
1351 703 1440 737 τῶν

91 765 189 821 περὶ
226 768 332 817 τοὺς
366 769 555 816 οἰκείους
593 774 835 821 συμφορῶν
875 767 1110 820 διαφυγεῖν
1149 765 1196 807 ἐν
1237 772 1296 823 τῷ
1329 764 1439 820 μηδὲ

91 837 143 878 τὰ
174 843 249 891 τῆς
280 840 504 892 βασιλείας
533 840 847 892 θαυμαζόμενα
879 841 1128 891 κεκτῆσθαι.

181 908 296 963 <78>
327 910 645 963 ταραττόμενος
677 909 730 963 δὴ
763 906 835 949 καὶ
862 909 1135 962 διακείμενος
1166 909 1243 950 τὸν
1274 910 1439 962 τρόπον

91 985 270 1033 τοῦτον,
314 977 383 1021 ἐπὶ
428 977 685 1033 καθαιρέσει
723 986 812 1020 τῶν
850 981 1089 1033 μειρακίων
1132 977 1282 1031 ἕτερον
1321 979 1438 1035 αὐτῷ

82 1051 333 1104 ,γενόμενον
376 1050 649 1091 ἰδιωτεύοντι
686 1049 822 1090 παῖδα
860 1050 1127 1104 προσήγετο,
1164 1047 1236 1090 καὶ
1280 1056 1439 1091 τοῦτον

93 1119 235 1162 ε’δόκει
278 1126 409 1174 τιμᾶν
452 1118 667 1176 (ἐκαλεῖτο
720 1117 762 1161 δ’
800 1117 1122 1174 Ἀντίπατρος),
1169 1119 1248 1174 οὐχ
1294 1120 1439 1172 ὥσπερ

94 1190 338 1246 ὁλοσχερῶς
375 1189 447 1232 καὶ
484 1189 640 1240 τελέως
675 1189 880 1245 ἡττηθεὶς
917 1190 1055 1232 αὐτοῦ
1092 1188 1165 1231 καὶ
1202 1187 1328 1231 πάντ’
1377 1192 1440 1240 εἰς

37 1300 41 1303 .
93 1261 262 1304 ἐκεῖνον
283 1260 534 1317 ἀναφέρων,
559 1261 674 1315 <79>
697 1263 898 1315 οἰόμενος
919 1260 968 1303 δὲ
988 1262 1341 1315 παραιρήσεσθαι
1360 1268 1440 1303 τοῦ

91 1332 292 1386 θράσους
322 1334 425 1382 τοὺς
457 1331 504 1374 ἐκ
542 1332 828 1387 Μαριάμμης,
866 1330 938 1373 καὶ
976 1335 1145 1386 μᾶλλον
1181 1333 1244 1381 εἰς
1280 1336 1440 1374 νουθε-

93 1405 194 1444 σιάν
231 1403 312 1457 τὴν
350 1402 530 1445 ἐκείνων
571 1404 819 1457 οἰκονομῶν
865 1402 989 1444 αὐτό·
1034 1404 1083 1445 τὸ
1124 1402 1207 1457 γὰρ
1247 1403 1441 1452 αὔθαδες

93 1473 174 1515 οὐκ
207 1473 262 1515 ἂν
293 1471 407 1515 εἶναι
445 1471 544 1529 παρ’
584 1473 747 1527 αὐτοῖς,
779 1475 819 1514 εἰ
849 1480 978 1515 τοῦτο
1010 1477 1251 1527 πεισθεῖεν,
1284 1473 1350 1514 ὅτι
1382 1473 1439 1527 μὴ

94 1546 246 1598 μόνοις
277 1542 378 1598 μηδ’
418 1543 461 1594 ἐξ
487 1543 679 1598 ἀνάγκης
709 1543 736 1597 ἡ
763 1545 947 1599 διαδοχὴ
972 1550 1048 1598 τῆς
1072 1545 1294 1597 βασιλείας
1319 1543 1440 1597 ὀφεί-

95 1618 225 1656 λεται.
287 1615 405 1668 <8Ο>
439 1615 509 1655 διὸ
541 1613 613 1655 καὶ
651 1614 850 1667 καθάπερ
891 1614 1079 1668 ἔφεδρόν
1116 1629 1214 1655 τινα
1245 1614 1323 1654 τὸν
1350 1611 1442 1655 'Av-

94 1687 305 1739 τίπατρον
349 1685 603 1738 εἰσήγαγεν,
653 1685 854 1738 οἰόμενος
904 1683 1052 1739 ὀρθῶς
1090 1691 1318 1737 προνοεῖν,
1368 1682 1441 1725 καὶ

95 1753 452 1797 κατασταλέντων
487 1762 574 1796 τῶν
613 1757 850 1809 μειρακίων
892 1753 1052 1804 ἐξεῖναι
1086 1754 1299 1809 εὐκαίρως
1338 1760 1441 1809 χρῆ-

95 1830 202 1867 σθαι
235 1827 466 1879 βελτίοσιν.
498 1825 613 1878 <81>
645 1826 694 1866 τὸ
722 1823 760 1866 δ’
800 1824 880 1880 οὐχ
907 1824 1053 1879 ὥσπερ
1081 1824 1262 1879 ἐνόησεν
1289 1824 1439 1879 ἀπέβη.

94 1904 184 1946 τοῖς
221 1911 266 1938 τε
304 1896 387 1949 γὰρ
427 1893 579 1937 παισὶν
618 1896 671 1937 οὐ
703 1897 886 1951 μετρίως
924 1894 1066 1937 ἐδόκει
1104 1899 1346 1950 κεχρῆσθαι
1389 1901 1439 1950 τῇ

94 1969 202 2021 πρὸς
233 1967 393 2016 αὐτοὺς
425 1965 616 2023 ἐπηρείᾳ,
646 1964 720 2008 καὶ
761 1967 907 2016 δεινὸς
945 1966 1007 2007 ὢν
1045 1967 1123 2008 τὸν
1154 1968 1317 2021 τρόπον
1346 1964 1441 2008 Ἀν-

94 2040 312 2093 τίπατρος,
344 2036 493 2091 ἐπειδὴ
519 2039 762 2093 παρρησίας
786 2038 906 2086 τινὸς
931 2035 1018 2092 (ἐκ)
1043 2043 1119 2090 τῆς
1144 2036 1197 2079 οὐ
1226 2038 1441 2091 πρότερον

96 2108 230 2162 οὔσης
273 2108 447 2157 ἐλπίδος
489 2107 825 2162 ἀντεποιήσατο,
875 2110 980 2161 μίαν
1030 2109 1155 2162 ἔσχεν
1204 2107 1437 2159 ὑπόθεσιν,

95 2185 260 2221 κακοῦν
291 2180 394 2228 τοὺς
433 2177 651 2232 ἀδελφοὺς
687 2177 760 2220 καὶ
798 2179 855 2232 μὴ
887 2186 1165 2233 παραχωρεῖν
1202 2185 1291 2220 τῶν
1323 2193 1440 2232 πρω-

44 2263 78 2288 3ο
96 2252 239 2303 τείων,
277 2247 370 2290 ἀλλ’
415 2250 594 2304 ἔχεσθαι
630 2255 710 2291 τοῦ
747 2251 923 2303 πατρός,
963 2250 1047 2303 ἤδη
1087 2246 1167 2303 μὲν
1204 2249 1440 2303 ἠλλοτριω-

191 2334 210 2373 g
238 2333 280 2364 τε
307 2330 352 2364 cf.
380 2330 471 2364 Bell.
497 2329 576 2365 1ud.
602 2330 618 2364 1
646 2334 699 2374 23,
728 2334 758 2365 2.
