1732 2526
592 78 1000 111 EHTAKAIAEKATH
1387 77 1470 120 133

126 184 411 240 ἀνοικοδομεῖ
439 182 487 226 δὲ
518 182 590 226 καὶ
622 185 670 226 τὸ
703 182 752 225 ἐν
776 182 1033 239 Ἱεριχοῦντι
1065 187 1290 239 βασίλειον
1323 184 1473 240 ἐκπρε-

125 262 228 308 πῶς,
253 262 340 297 τῶν
366 254 412 297 θ’
443 254 617 297 ὑδάτων
650 254 791 296 ὁπόσα
810 255 992 310 Νεαρὰν
1024 255 1105 309 τὴν
1131 257 1281 310 κώμην
1314 256 1477 310 ὠφελεῖ

127 324 384 379 ἐπιρρέοντα
417 323 458 375 ἐξ
497 324 696 378 ἡμισείας
733 323 1019 379 ἀπέστρεψεν,
1058 324 1289 380 ἐπαγωγὴν
1327 327 1473 368 αὐτῶν

125 395 388 450 ποιούμενος
412 400 470 452 τςό
496 396 632 452 πεδίῳ
658 394 854 450 φοίνιξιν
879 391 953 437 ὑπ’
984 395 1121 438 αὐτοῦ
1146 396 1475 453 πεφυτευμένῳ.

91 482 107 507 5
126 467 277 520 κώμην
303 463 351 508 δὲ
377 467 525 515 κτίσας
541 463 796 521 Ἀρχελαΐδα
824 465 952 520 ὄνομ’
981 466 1090 522 αὐτῇ
1121 468 1304 508 τίθεται.
1331 467 1475 520 <341>

126 535 197 578 καὶ
230 543 308 579 τοῦ
339 538 525 591 πατρίου
557 538 699 590 νόμου
730 537 979 592 παράβασιν
1016 537 1324 592 ποιησάμενος,
1363 539 1404 578 Γ
1401 541 1475 579 λα-

126 609 274 663 φύραν
311 607 392 661 τὴν
431 605 668 663 Ἀρχελάου
709 605 790 662 μὲν
827 605 1067 663 θυγατέρα,
1095 605 1388 663 Ἀλεξάνδρου
1427 606 1476 649 δὲ

126 678 348 733 τάδελφοῦ
374 679 565 732 γαμετὴν
590 676 850 733 γενομένην,
879 677 922 729 ἐξ
950 675 1002 720 οὗ
1029 676 1101 720 καὶ
1127 677 1256 720 τέκνα
1276 675 1331 732 ἦν
1351 678 1475 733 αὐτῇ,

126 748 358 803 ἀπώμοτον
403 749 454 790 ὃν
500 745 732 799 Ἰουδαίοις
779 749 966 804 γαμετὰς
1015 748 1221 804 ἀδελφῶν
1272 750 1476 803 ἄγεσθαι,

73 835 106 860 10
126 827 265 875 γαμεῖ.
317 820 530 874 διατρίβει
558 817 595 860 δ’
629 818 728 861 οὐδ’
760 816 1052 874 ὁἘλεάζαρος
1084 818 1131 861 ἐν
1157 825 1208 874 τῇ
1242 819 1476 876 ἱερωσύνῃ,

125 888 545 939 ἐπικατασταθέντος
577 890 694 947 αὐτῷ
729 893 855 941 ζῶντι
884 889 1027 945 Ἰησοῦ
1060 896 1138 931 τοῦ
1166 887 1246 931 Σιὲ
1277 891 1447 939 παιδός.

213 961 360 1016 <342>
405 960 570 1018 δεκάτῳ
616 959 657 1002 δ’
715 963 800 1003 ἔτει
851 967 926 1016 τῆς
976 961 1110 1017 ἀρχῆς
1148 959 1389 1016 Ἀρχελάου
1433 961 1522 1003 οῐ2

123 1040 289 1087 πρῶτοι
320 1038 408 1073 τῶν
441 1031 619 1087 ἀνδρῶν
651 1033 699 1074 ε”ν
732 1048 775 1074 τε
802 1030 1038 1081 Ἰουδαίοις
1069 1029 1141 1072 καὶ
1167 1033 1476 1086 Σαμαρείταις,

125 1104 182 1158 μὴ
215 1102 426 1158 φέροντες
458 1103 537 1157 τὴν
571 1103 770 1157 ὠμότητα
797 1103 934 1145 αὐτοῦ
960 1101 1032 1144 καὶ
1058 1102 1318 1156 τυραννίδα,
1349 1118 1478 1156 κατη-

72 1187 104 1213 15
125 1179 339 1229 γοροῦσιν
371 1173 508 1215 αὐτοῦ
541 1171 611 1215 ἐπὶ
643 1175 882 1229 Καίσαρος,
915 1171 987 1215 καὶ
1013 1170 1183 1227 μάλιστ’
1217 1171 1310 1214 ἐπεὶ
1342 1175 1478 1227 ἔγνω-

125 1255 207 1286 σαν
240 1244 376 1287 αὐτὸν
407 1246 742 1299 παραβεβηκότα
773 1245 849 1294 τὰς
880 1243 1062 1294 ἐντολὰς
1100 1243 1252 1298 αὐτοῦ,
1291 1242 1346 1285 ἵν’
1389 1243 1477 1286 ἐπι-

124 1322 251 1365 εικῶς
296 1313 620 1370 ἀναστρέφηται
662 1316 772 1370 πρὸς
815 1315 986 1364 αὐτούς.
1055 1315 1209 1368 <343>
1255 1314 1277 1355 ὁ
1322 1316 1478 1356 τοίνυν

126 1387 299 1440 Καῖσαρ
333 1386 390 1435 ὡς
420 1386 627 1439 ἤκουσεν,
659 1385 768 1440 ὀργῇ
801 1383 969 1440 φέρων,
1009 1386 1087 1426 τὸν
1126 1383 1363 1438 ἐπίτροπον
1400 1385 1479 1426 τὸν

121 1453 358 1512 Ἀρχελάου
389 1463 477 1498 τῶν
510 1455 558 1498 ἐν
583 1454 723 1511 Ῥώμῃ
753 1455 1022 1511 πραγμάτων
1043 1453 1292 1510 (Ἀρχέλαος
1324 1452 1374 1496 δὲ
1405 1453 1480 1496 καὶ

74 1541 107 1566 20
126 1528 268 1584 τούτῳ
302 1525 423 1581 ὄνομ’
460 1523 536 1582 ἦν)
570 1525 875 1581 μετακαλέσας,
908 1526 1095 1582 γράφειν
1127 1523 1208 1579 μὲν
1244 1523 1368 1580 (γὰρ)
1385 1523 1480 1580 Ἀρ-

125 1598 268 1655 χελάῳ
288 1598 496 1640 ταπεινὸν
516 1596 698 1651 ἡγεῖται,
722 1597 792 1638 “σὺ
820 1594 869 1638 δὲ·
888 1595 1166 1652 παραχρῆμα’
1188 1598 1301 1650 φησί
1317 1594 1480 1637 (πλέων

126 1665 265 1722 μηδὲν
315 1670 376 1718 εἰς
425 1667 647 1722 ἀναβολὰς
697 1666 933 1721 ἐπανάγειν
984 1667 1119 1709 αὐτὸν
1179 1667 1289 1721 πρὸς
1336 1664 1478 1720 ἡμᾶς’

127 1739 274 1794 (344)
311 1737 383 1780 καὶ
421 1738 468 1787 ὃς
500 1739 691 1780 ἔκπλουν
729 1737 775 1779 ἐκ
807 1743 884 1779 τοῦ
911 1736 1031 1788 ὀξέος
1073 1737 1370 1791 ποιησάμενος
1406 1734 1480 1778 καὶ

127 1808 396 1865 ἀφικόμενος
427 1810 488 1858 είς
514 1807 737 1851 Ἰουδαίαν
777 1808 1101 1863 καταλαμβάνει
1138 1808 1216 1849 τὸν
1243 1805 1480 1863 Ἀρχέλαον

73 1893 107 1919 25
128 1879 176 1923 ἐν
214 1879 415 1936 εὐωχίαις
455 1880 562 1921 ὄντα
600 1879 706 1933 μετὰ
742 1886 831 1921 τῶν
863 1881 1027 1934 φίλων,
1065 1879 1146 1932 τήν
1184 1893 1228 1919 τε
1274 1877 1480 1920 διάνοιαν

128 1950 418 2006 ἀποσημαίνει
450 1951 529 2004 τὴν
551 1951 786 2005 Καίσαρος,
818 1948 890 1992 καὶ
917 1950 1121 2005 ὥρμησεν
1147 1947 1283 1991 αὐτὸν
1309 1949 1371 1997 εἰς
1400 1948 1480 2002 τὴν

128 2021 294 2072 ἔξοδον.
356 2020 429 2063 καὶ
461 2021 484 2063 ὁ
518 2022 691 2075 Καῖσαρ
724 2019 997 2075 ἀφικομένου
1031 2019 1103 2062 ε’πί
1133 2035 1268 2061 τινων
1296 2020 1481 2073 κατηγό-

129 2108 220 2148 ρων
264 2091 474 2148 ἀκροᾶται
516 2090 589 2133 καὶ
633 2091 770 2134 αὐτοῦ
814 2091 1042 2145 λέγοντος,
1080 2089 1152 2132 καὶ
1191 2089 1362 2132 ἐκεῖνον
1400 2086 1482 2144 μὲν

128 2163 307 2218 φυγάδα
340 2162 531 2217 ἐλαύνει,
564 2163 670 2212 δοὺς
703 2163 955 2217 οἰκητήριον
983 2161 1099 2218 αὐτῷ
1127 2163 1319 2203 Βίενναν
1350 2161 1482 2202 πόλιν

75 2246 110 2272 30
130 2240 203 2288 τῆς
235 2236 464 2287 Γαλατίας,
497 2233 548 2275 τὰ
582 2230 630 2275 δὲ
662 2235 860 2288 χρήματα
892 2231 1178 2287 ἀπηνέγκατο.

225 2319 244 2358 ς
274 2318 341 2350 342
368 2314 413 2349 ef.
441 2313 532 2349 Bell.
560 2313 639 2350 Iud.
665 2313 699 2347 H
728 2317 756 2358 7,
785 2317 815 2349 3.
