1732 2526
577 99 984 132 EHTAKAIAEKATH
1371 95 1451 137 101

112 222 245 248 νατον
289 203 343 261 ἦν
387 205 650 260 ἀνακείμενα
688 212 778 254 τοῖς
815 205 1058 259 ἀλογήσασι
1107 213 1193 246 τῶν
1232 204 1454 261 ἐντολῶν),

111 275 432 332 ἐμμαινομένου
463 282 568 318 πᾶσι
600 282 677 318 τοῦ
703 274 916 330 βασιλέως
944 276 1105 330 ὁμοίως
1134 281 1224 324 τοῖς
1256 273 1294 316 τ’
1333 274 1455 316 ἀναι-

110 350 218 398 τίοις
250 346 321 389 καὶ
352 354 443 397 τοῖς
473 348 796 402 παρεσχηκόσιν
827 347 984 399 αἰτίαν,
1018 346 1162 400 <175>
1196 347 1456 398 συγκλείσας

111 418 272 467 αὐτοὺς
303 417 466 467 πάντας
498 417 546 458 ἐν
578 422 635 473 τῷ
670 417 942 473 ἱπποδρόμῳ,
974 417 1054 470 τήν
1086 412 1121 456 τ’
1155 414 1351 470 ἀδελφὴν
1381 417 1456 457 αὑ-

76 501 91 523 -'›
112 495 190 531 τοῦ
223 489 445 543 Σαλώμην
477 486 548 529 καὶ
580 488 657 529 τὸν
689 488 829 542 ἄνδρα
870 487 1003 541 αὐτῆς
1030 485 1207 536 Ἀλεξᾶν
1246 486 1457 540 μεταπέμ-

58 853 89 877 10

21 1204 88 1237 ,15

54 1558 87 1582 ‘20

54 1910 88 1936 25

111 567 207 611 φας,
239 557 531 612 τεθνήξεσθαι
569 555 649 612 μὲν
688 558 740 599 οὐ
778 559 928 612 πόρρω
961 559 1124 610 ἔλεγεν,
1165 555 1234 598 ἐπὶ
1273 558 1456 598 τοσόνδε

110 636 196 670 τῶν
228 628 488 682 ἀλγηδόνων
521 628 656 670 αὐτὸν
687 634 1002 683 περιεχουσῶν,
1034 626 1106 669 καὶ
1138 628 1238 669 τόδε
1281 625 1362 682 μὲν
1394 628 1457 669 οἰ-

109 701 213 741 στόν
239 715 283 740 τε
309 697 382 740 καὶ
412 705 518 740 πᾶσι
547 701 680 753 φίλον
710 699 1079 754 παρατυγχάνειν,
1110 700 1157 740 τὸ
1192 697 1228 739 δ’
1263 698 1456 753 ὀλοφυρ-

108 777 202 825 μῶν
233 767 270 811 τ’
305 770 488 825 ἄπειρον
520 768 592 810 καὶ
617 768 813 819 πένθους
839 769 967 811 ἐνδεᾶ
995 769 1150 812 ὁποῖον
1183 767 1252 810 ἐπὶ
1285 770 1459 822 βασιλεῖ’

109 838 330 895 πράττοιτ’
366 841 436 893 ἄν,
468 835 641 894 μάλιστ’
678 840 794 897 αὐτῷ
828 841 1026 895 λυπηρὸν
1059 837 1183 881 εἶναι.
1223 839 1368 892 <176>
1402 839 1455 881 οὐ

109 911 191 965 γὰρ
223 911 308 953 ἄπο
342 917 508 953 σκοποῦ
539 911 618 965 τὴν
646 908 875 953 Ἰουδαίων
907 910 1125 963 διάνοιαν,
1163 910 1221 959 ὡς
1258 909 1457 959 εὐκταϊος

109 981 257 1031 αὐτοῖς
293 979 364 1023 καὶ
402 981 519 1023 πάνυ
557 979 870 1037 κεχαρισμένος
908 981 930 1023 ὁ
969 981 1164 1030 θάνατος
1200 980 1350 1033 αὐτοῦ,
1384 980 1456 1021 διὰ

108 1054 156 1093 τὸ
188 1050 261 1094 καὶ
295 1054 452 1102 ζῶντος
478 1049 541 1093 ἐπ’
575 1051 810 1094 ἀποστάσει
837 1051 1092 1105 ἐπείγεσθαι
1119 1049 1191 1092 καὶ
1217 1051 1342 1105 ὕβρει
1369 1057 1456 1092 τῶν

108 1120 180 1164 ὑπ’
218 1122 355 1164 αὐτοῦ
386 1121 732 1178 προτιθεμένων.
766 1123 908 1176 <177>
929 1124 1060 1178 ἔργον
1094 1120 1136 1163 δ’
1169 1119 1236 1176 ἄρ’
1276 1121 1456 1163 ἐκείνων

108 1190 221 1235 εἶναι
252 1193 461 1247 κούφισίν
487 1190 568 1234 τιν’
601 1192 716 1249 αὐτῷ
744 1194 1028 1247 ψηφίσασθαι
1056 1198 1135 1234 τοῦ
1162 1191 1231 1234 ἐπὶ
1263 1192 1451 1234 τοιοῖσδ’

105 1264 324 1318 ἀλγεινοῦ.
386 1263 519 1305 ταύτὰ
551 1264 634 1317 γὰρ
668 1263 722 1317 δὴ
755 1269 976 1319 φρονῆσαι
1009 1262 1114 1319 δόξῃ
1147 1269 1197 1318 τῇ
1228 1263 1364 1305 αὐτοῦ
1397 1263 1454 1317 μὴ

106 1332 428 1389 ἀπειπαμένων,
460 1332 598 1389 μέγαν
629 1334 766 1376 αὐτοῦ
798 1335 875 1376 τὸν
908 1333 1140 1388 ἐπιτάφιον
1171 1335 1455 1388 γενήσεσθαι,

106 1403 177 1446 καὶ
210 1405 360 1454 ὁποῖος
391 1402 487 1446 οὐδ’
526 1405 675 1454 ἄλλοις
705 1403 938 1458 βασιλέων,
969 1402 1041 1446 καὶ
1070 1402 1236 1454 πένθος
1268 1405 1342 1445 διὰ
1373 1410 1452 1446 τοῦ

107 1477 270 1524 ἔθνους
307 1475 497 1524 ἅπαντος
536 1474 582 1516 ἐκ
619 1481 760 1530 ψυχῆς
804 1473 1149 1530 ὀλοφυρομένων
1188 1473 1257 1516 ἐπὶ
1298 1475 1452 1530 παιδιᾷ

106 1544 178 1588 καὶ
217 1544 371 1599 γέλωτι
412 1545 559 1587 αὐτοῦ.
622 1546 765 1600 <178>
812 1544 920 1587 ἐπὰν
958 1542 1040 1588 οὖν
1083 1545 1335 1587 θεάσωνται
1374 1545 1454 1598 τὴν

107 1617 253 1672 ψυχὴν
298 1615 464 1670 ἀφέντα
507 1615 659 1670 αὐτόν,
701 1617 1047 1671 περιστήσαντας
1088 1621 1147 1674 τῷ
1195 1616 1453 1673 ἱπποδρόμῳ

107 1688 154 1729 τὸ
188 1688 497 1742 στρατιωτικὸν
529 1685 722 1740 ἀγνοοῦν
755 1689 816 1728 ἔτι
854 1688 931 1729 τὸν
969 1687 1168 1728 θάνατον
1206 1686 1342 1729 αὐτοῦ
1376 1685 1454 1742 (μὴ

108 1758 190 1812 γὰρ
223 1759 439 1812 πρότερον
467 1758 527 1807 εἰς
551 1759 654 1807 τοὺς
678 1759 870 1807 πολλοὺς
896 1757 1136 1811 ἐξενεγκεῖν
1163 1757 1188 1811 ἢ
1214 1757 1317 1799 τάδε
1344 1763 1454 1812 πρᾶ-

108 1828 196 1882 ξαι)
246 1829 443 1870 κελεύειν
495 1827 720 1870 ἀκοντίσαι
769 1830 873 1878 τοὺς
919 1827 1337 1883 ἐγκαθειργμένους,
1381 1826 1452 1869 καὶ

107 1899 271 1948 πάντας
307 1904 465 1941 τοῦτον
503 1898 739 1948 ἀνελόντας
775 1900 852 1940 τὸν
890 1901 1054 1954 τρόπον
1096 1900 1279 1954 διχόθεν
1317 1898 1453 1940 αὐτὸν

110 1969 189 2025 οὐχ
229 1969 557 2025 ἁμαρτήσεσθαι
589 1975 667 2011 τοῦ
706 1969 1048 2024 εὐφρανοῦντος,
1086 1970 1275 2023 κυρώσει
1306 1967 1354 2010 θ’
1391 1965 1453 2010 ὧν

110 2039 390 2082 ἐπιστείλειεν
429 2039 576 2089 αὐτοῖς
613 2038 785 2094 μέλλων
822 2043 1047 2092 τελευτᾶν,
1086 2039 1157 2082 καὶ
1196 2046 1254 2096 τῷ
1297 2039 1453 2081 πένθει

110 2110 322 2168 ἀξιολόγῳ
354 2114 622 2165 τετιμῆσθαι.
685 2110 829 2165 <179>
860 2110 931 2153 καὶ
958 2111 980 2153 ὃ
1007 2108 1088 2165 μὲν
1117 2111 1222 2165 μετὰ
1249 2111 1453 2165 δακρύων

108 2182 421 2236 ποτνιώμενος,
446 2179 517 2222 καὶ
542 2187 620 2223 τοῦ
648 2188 889 2235 συγγενοῦς
915 2182 994 2235 τὴν
1015 2182 1195 2224 εὔνοιαν
1214 2180 1286 2223 καὶ
1305 2183 1453 2222 πίστιν

56 2264 89 2288 30
109 2258 187 2295 τοῦ
217 2253 347 2294 θείου
377 2255 653 2306 προσκαλῶν,
685 2251 920 2306 ἐπέσκηπτε
946 2253 1003 2306 μὴ
1036 2252 1276 2306 ἠτιμάσθαι
1304 2251 1453 2304 ἀξιῶν,

203 2336 222 2375 g
250 2336 315 2367 175
343 2332 387 2367 cf.
415 2332 506 2367 Bell.
533 2331 611 2368 Iud.
638 2332 653 2366 Ι
680 2337 736 2377 33,
763 2336 794 2368 6.
