1732 2526
244 56 330 98 234
733 58 1095 92 ΑΡΧΑῘΟΛΟΓΙΑΣ

241 161 356 205 εἶναι
382 166 439 219 μὴ
467 164 520 207 οὐ
547 173 779 221 συνεργοῖς
804 172 879 220 τῆς
905 165 1039 222 ἀρχῆς
1064 171 1316 207 καταστᾶσι·
1349 165 1493 219 <164>
1515 182 1601 223 mc·-

243 238 327 284 λῶς
347 231 429 277 οὖν
449 237 579 290 ἔχειν,
605 235 794 290 ἀκρίτων
821 233 879 278 ἔτ’
914 238 1056 278 ὄντων
1076 244 1164 278 τῶν
1188 236 1471 292 πραγμάτων,
1492 236 1589 290 ἡγε-

243 308 355 360 μόνα
376 307 599 361 αἱρεῖσθαι
620 308 863 361 Κλαύδιον,
883 308 1087 363 πάτρωόν
1108 303 1146 349 τ’
1173 309 1278 349 ὄντα
1297 313 1377 350 τοῦ
1402 311 1590 349 τεθνεῶ-

242 392 314 426 τος
351 378 423 418 καὶ
467 383 554 418 τῶν
592 378 653 426 εἰς
690 378 770 432 τὴν
812 379 981 433 βουλὴν
1026 377 1363 432 συλλεγομένων
1408 377 1592 428 οὐδενὸς

243 444 417 497 οὗτινος
450 447 530 489 οὐκ
561 447 907 504 ἀξιολογώτερον
938 451 1173 504 προγόνων
1205 447 1241 490 τ’
1274 448 1404 504 ἀρετῇ
1434 447 1505 490 καὶ
1539 449 1591 490 τὰ

242 519 349 559 κατὰ
380 519 460 572 τὴν
491 520 695 560 παιδείαν
720 521 1055 573 μεμελετηκότα·
1088 519 1232 573 <165>
1264 518 1592 561 κατασταθέντα

242 589 325 643 γὰρ
358 589 657 645 αὐτοκράτορα
683 591 883 644 τιμήσειν
909 605 953 632 τε
980 591 1031 631 τὰ
1058 591 1201 632 εἰκότα
1227 588 1300 631 καὶ
1327 589 1592 644 ἀμείψεσθαι

244 660 439 714 δωρεαῖς.
500 667 636 702 ταῦτα
676 661 965 702 διανοοῦνταί
997 676 1042 702 τε
1083 659 1155 702 καὶ
1195 660 1385 715 ἔπραξαν
1425 660 1472 702 ἐκ
1514 667 1593 702 τοῦ

242 736 514 785 παραχρῆμα.
576 731 772 784 ἥρπαστο
805 729 885 785 μὲν
918 732 972 785 δὴ
993 732 1215 781 Κλαύδιος
1245 732 1330 773 ὑπὸ
1357 737 1436 773 τοῦ
1466 743 1593 785 στρα-

242 808 460 851 τιωτικοῦ,
495 801 640 854 (166)
674 803 834 851 Γναῖος
867 799 915 842 δὲ
948 800 1132 851 Σέντιος
1159 805 1474 856 Σατουρνῖνος,
1502 803 1593 843 καί-

242 887 308 912 τοι
341 871 618 925 πεπυσμένος
655 873 735 926 τὴν
774 873 1003 914 Κλαυδίου
1043 872 1258 928 ἁρπαγήν,
1297 871 1370 914 καὶ
1409 873 1467 922 ὡς
1505 872 1594 914 ε’πι-

245 941 461 992 δικάζοιτο
500 948 576 995 τῆς
613 941 748 997 ἀρχῆς
785 943 905 984 ἄκων
943 940 1024 997 μὲν
1064 944 1228 997 δοκεῖν,
1265 945 1313 985 τὸ
1347 941 1387 984 δ’
1433 940 1596 997 ἀληθὲς

243 1011 316 1053 καὶ
347 1014 555 1067 βουλήσει
589 1019 639 1067 τῇ
679 1014 836 1068 αὑτοῦ,
874 1015 1087 1063 καταστὰς
1126 1012 1194 1055 ε’πὶ
1233 1020 1309 1068 τῆς
1347 1015 1595 1068 συγκλήτου

243 1082 315 1124 καὶ
360 1081 498 1138 μηδὲν
543 1082 833 1138 καταπλαγεὶς
877 1083 1130 1139 ἐλευθέροις
1172 1100 1216 1126 τε
1261 1083 1333 1126 καὶ
1377 1087 1596 1138 γενναίοις

244 1153 431 1209 ἀνδράσι
463 1156 716 1207 πρεπόντως
746 1163 933 1196 ποιεῖται
965 1158 1241 1210 παραίνεσιν,
1273 1155 1376 1196 τάδε
1410 1153 1563 1208 λέγων.

333 1225 477 1279 (167)
511 1225 572 1266 ‘a'
601 1224 673 1266 καὶ
705 1227 905 1279 ἄπιστον,
938 1222 970 1266 ὦ
1005 1227 1163 1279 ἄνδρες
1187 1223 1404 1280 Ῥωμαῖοι,
1443 1226 1516 1266 διὰ
1548 1226 1597 1267 τὸ

243 1298 388 1352 χρόνῳ
420 1299 568 1352 πολλῷ
601 1297 725 1350 ἥκειν
757 1295 1022 1338 ἀνέλπιστον
1055 1293 1195 1338 οὖσαν
1227 1296 1347 1351 ἡμῖν,
1380 1295 1476 1338 ἀλλ’
1517 1292 1598 1338 οὖν

245 1368 401 1421 ἔχομεν
439 1374 518 1409 τοῦ
557 1366 797 1422 ἐλευθέρου
836 1369 916 1422 τὴν
956 1367 1158 1422 ἀξίωσιν,
1198 1368 1364 1421 ἄδηλον
1403 1364 1483 1421 μὲν
1526 1366 1595 1421 ἐφ’

245 1437 410 1479 ὁπόσον
436 1440 805 1492 παρατείνουσαν,
830 1437 903 1479 καὶ
929 1439 1082 1493 γνώμῃ
1108 1442 1244 1492 θεῶν,
1271 1439 1317 1479 οἳ
1340 1437 1597 1493 ἐχαρίσαντο

246 1508 405 1563 αὐτήν,
443 1507 673 1562 κειμένην,
711 1509 970 1562 εὐφραίνειν
1010 1505 1048 1549 δ’
1087 1508 1325 1564 ἀρκοῦσαν,
1362 1506 1434 1550 καὶ
1475 1512 1595 1561 εἶ’περ

245 1578 590 1633 ἀφαιρεθείημεν
623 1579 770 1633 αὐτῆς,
804 1580 1065 1636 εὐδαιμονίᾳ
1098 1579 1391 1632 συνάγουσαν.
1452 1579 1596 1633 (168)

247 1650 373 1703 ἱκανὴ
401 1650 483 1704 γὰρ
510 1648 582 1691 καὶ
607 1652 685 1704 μία
711 1650 804 1705 ὥρα
829 1657 921 1700 τοῖς
945 1650 1101 1706 ἀρετῆς
1127 1649 1469 1704 αἰσθανομένοις
1501 1647 1593 1704 μετ’

246 1720 508 1770 αὐτοτελοῦς
539 1727 613 1775 τῆς
646 1722 844 1771 διανοίας
885 1721 933 1763 ἐν
972 1721 1189 1778 αὐτοδίκῳ
1228 1726 1278 1775 τῇ
1311 1721 1488 1775 πατρίδι
1526 1718 1597 1761 καὶ

247 1791 352 1844 μετὰ
397 1793 548 1845 νόμων
591 1787 656 1841 οἷς
700 1789 797 1834 ποτ’
846 1793 1016 1846 ἤνθησε
1062 1790 1325 1846 διαιτωμένῃ
1369 1793 1596 1844 βιωθεῖσα.

245 1862 392 1916 (169)
426 1860 521 1915 ἐμοὶ
555 1860 603 1903 δὲ
634 1869 710 1917 τῆς
741 1860 821 1917 μὲν
860 1864 1075 1917 πρότερον
1114 1861 1368 1916 ἐλευθερίας
1405 1859 1596 1915 ἀμνήμο-

245 1939 341 1973 νεῖν
375 1934 464 1973 ἔστι
497 1934 570 1974 διὰ
601 1935 649 1975 τὸ
682 1935 866 1975 κατόπιν
893 1933 1026 1986 αὐτῆς
1051 1931 1296 1986 γεγονέναι,
1326 1937 1401 1985 τῆς
1433 1927 1481 1971 δὲ
1512 1937 1597 1972 νῦν

247 2002 475 2056 ἀπλήστως
506 2004 795 2061 πιμπλαμένῳ
828 2004 1124 2059 μακαριστούς
1162 2001 1207 2044 θ’
1251 2002 1457 2056 ἡγεῖσθαι
1495 2003 1599 2051 τοὺς

247 2073 595 2128 ἐγγεννηθέντας
632 2073 703 2116 καὶ
743 2074 1039 2131 ἐντραφέντας
1077 2075 1200 2129 αὐτῇ,
1237 2074 1309 2115 καὶ
1345 2080 1432 2114 τῶν
1476 2076 1597 2113 θεῶν

248 2141 381 2185 οὐδὲν
425 2146 601 2198 μείονος
641 2145 789 2194 ἀξίους
832 2151 958 2200 τιμῆς
1001 2145 1159 2187 τούσδε
1202 2145 1306 2193 τοὺς
1349 2143 1514 2198 ἄνδρας
1555 2145 1601 2184 οἳ

1615 816 1647 840 10

1616 1169 1648 1194 15

1617 1523 1650 1547 20
1704 1533 1706 1538 ’

1618 1875 1651 1900 25

249 2212 329 2265 ὀψὲ
361 2221 471 2268 γοῦν
504 2215 586 2256 κάν
618 2217 758 2273 τούτῳ
790 2222 865 2270 τῆς
896 2216 1067 2269 ἡλικίας
1099 2216 1210 2270 ἡμᾶς
1234 2216 1420 2268 ε’γευσαν
1452 2213 1596 2268 αὐτῆς.
1615 2228 1649 2253 30

248 2286 392 2341 <170>
423 2285 494 2327 καὶ
528 2291 594 2341 εἴη
628 2284 708 2341 μὲν
735 2288 796 2336 εἰς
821 2293 908 2328 πᾶν
935 2293 1014 2328 τοῦ
1041 2288 1200 2336 αἰῶνος
1225 2286 1273 2327 τὸ
1304 2283 1429 2326 ε’πιὸν
1459 2298 1597 2339 παρα-
1640 2337 1642 2339 ¹
