1732 2526
153 1215 198 1246 14

223 41 310 82 326
784 40 1011 73 ΙΩΣΗΠΟΤ

221 147 497 203 πεπομφέναι
541 148 649 202 πρὸς
693 147 828 189 αὐτὸν
871 150 1252 202 παρακαλοῦντας,
1297 145 1446 200 ἐπειδὴ
1492 145 1573 188 οὐκ

224 221 402 274 ἐχουσιν
448 219 597 260 ἔλαιον
642 213 675 274 ᾧ
727 220 954 273 χρίσονται
1008 219 1230 272 καθαρόν,
1273 216 1573 270 ποιησάμενον

223 291 440 343 ποόνοιαν
480 289 690 344 εὐπορίαν
730 288 878 338 αὐτοῖς
918 289 1078 330 τούτου
1120 293 1375 342 παρασχεῖν,
1413 287 1470 341 μὴ
1511 284 1567 328 δι’

224 360 419 414 ἀνάγκην
444 357 684 415 Ἑλληνικῷ
717 360 935 415 χρώμενοι
961 359 1012 400 τὰ
1038 360 1202 412 νόμιμα
1227 359 1572 412 παραβαίνωσιν.

223 431 339 485 <75>
372 436 506 472 ταῦτα
540 429 579 471 δ’
616 430 695 485 οὐχ
727 428 800 472 ὑπ’
837 430 1060 484 εὐσεβείας
1086 431 1234 482 ἔλεγεν
1263 425 1482 482 Ἰωάννης,
1509 426 1566 470 δι’

223 500 583 557 αἰσχροκέρδειαν
611 498 659 542 δὲ
685 500 1011 554 φανερωτάτην.
1055 500 1316 553 γιγνώσκων
1348 499 1430 553 γὰρ
1457 499 1573 553 παρὰ

224 569 305 626 μὲν
345 571 527 621 ἐκείνοις
574 571 681 612 κατὰ
720 571 799 624 τὴν
844 570 1115 625 Καισάρειαν
1159 571 1261 618 τοὺς
1304 570 1385 611 δύο
1424 568 1574 619 ξέστας

224 643 420 697 δραχμῆς
451 647 551 696 μιᾶς
585 638 913 694 πωλουμένους,
947 640 994 682 ἐν
1023 638 1070 681 δὲ
1096 647 1186 690 τοῖς
1207 639 1440 694 Γισχάλοις
1472 641 1574 688 τοὺς

224 712 498 766 ὀγδοήκοντα
532 710 681 762 ξέστας
714 713 921 765 δραχμῶν
952 710 1185 765 τεττάρων,
1218 716 1306 751 πᾶν
1343 710 1390 751 τὸ
1424 711 1572 752 ἔλαιον

224 783 330 824 ὅσον
374 780 428 835 ἦν
469 781 560 823 ἐκεῖ
596 780 883 835 διεπέμψατο,
923 781 1072 835 λαβὼν
1111 779 1313 830 ἐξουσίαν
1351 778 1418 821 καὶ
1465 776 1568 836 παρ’

224 853 332 907 ἐμοῦ
363 859 421 909 τῷ
457 853 623 894 δοκεῖν·
669 852 784 906 <76>
817 851 869 892 οὐ
909 851 992 906 γὰρ
1032 849 1143 892 ἑκὼν
1176 849 1424 904 ἐπέτρεπον,
1462 849 1572 892 ἀλλὰ

224 924 297 964 διὰ
337 925 482 978 φόβον
520 925 596 965 τὸν
636 922 718 964 ἀπὸ
753 928 830 964 τοῦ
870 925 1085 976 πλήθους,
1123 921 1180 976 μὴ
1223 922 1407 963 κωλύων
1445 936 1573 962 κατα-

1594 795 1627 820 10

223 997 460 1048 λευσθείην
492 992 563 1035 ὑπ’
604 993 759 1035 αὐτῶν.
812 993 1176 1047 συγχωρήσαντος
1209 988 1290 1033 οὖν
1322 1007 1422 1046 μου,
1454 994 1601 1039 πλείκ

224 1076 340 1106 στων
372 1064 605 1119 χρημάτων
639 1064 660 1106 ὁ
688 1061 897 1117 Ἰωάννης
929 1062 976 1103 ἐκ
1007 1068 1082 1116 τῆς
1119 1064 1383 1117 κακουργίας
1414 1063 1573 1117 ταύτης

223 1134 480 1189 εὐπόρησεν.

315 1206 426 1258 (77)
460 1207 562 1255 τοὺς
594 1202 642 1246 δὲ
669 1203 958 1259 συμπρέσβεις
984 1204 1067 1246 ἀπὸ
1093 1211 1181 1246 τῶν
1203 1204 1434 1259 Γισχάλων
1466 1203 1572 1246 ἀπο-

223 1277 359 1325 λύσας
391 1277 452 1325 εἰς
482 1277 534 1317 τὰ
559 1274 860 1330 Ἱεροσόλυμα,
891 1277 1107 1329 πρόνοιαν
1148 1274 1390 1329 ἐποιούμην
1424 1275 1572 1316 ὅπλων

222 1362 267 1388 τε
298 1352 565 1400 κατασκευῆς
595 1345 667 1388 καὶ
693 1348 864 1388 πόλεων
907 1345 1180 1401 ὀχυρότητος.
1242 1345 1571 1400 μεταπεμψάμε-

223 1432 299 1466 νος
344 1414 391 1458 δὲ
436 1424 524 1458 τῶν
567 1421 739 1472 λῃστῶν
782 1418 885 1466 τοὺς
929 1415 1285 1470 ἀνδρειοτάτους,
1327 1415 1571 1471 ἀφελέσθαι

224 1485 304 1540 μὲν
337 1487 483 1528 αὐτῶν
516 1488 566 1528 τὰ
600 1488 710 1529 ὅπλα
743 1487 823 1541 οὐχ
855 1481 950 1528 οἶόν
983 1484 1018 1527 τ’
1057 1486 1109 1527 ὂν
1142 1484 1308 1540 ἑώρων,
1340 1488 1489 1528 ἔπεισα
1522 1484 1571 1528 δὲ

223 1559 271 1599 τὸ
303 1561 475 1612 πλῆθος
506 1558 790 1612 μισθοφορὰν
822 1557 970 1606 αὐτοῖς
995 1556 1216 1612 παρέχειν,
1243 1557 1425 1611 ἄμεινον
1457 1554 1571 1599 εἶναι

223 1626 365 1681 λέγων
405 1627 582 1678 ἑκόντας
621 1629 747 1682 ὀλίγα
789 1629 964 1670 διδόναι
1001 1631 1169 1683 μᾶλλον
1213 1628 1238 1682 ἢ
1282 1629 1357 1677 τὰς
1399 1630 1572 1682 κτήσεις

224 1698 569 1753 διαρπαζομένας
599 1698 672 1741 ὑπ’
711 1699 856 1741 αὐτῶν
887 1705 1110 1753 περιορᾶν.
1172 1699 1285 1752 (78)
1319 1697 1390 1740 καὶ
1423 1699 1571 1753 λαβὼν

222 1767 324 1822 παρ’
373 1769 518 1811 αὐτῶν
563 1769 721 1825 ὅρκους
765 1770 822 1823 μὴ
867 1768 1104 1824 ἀφίξεσθαι
1144 1771 1360 1824 πρότερον
1398 1770 1459 1818 εἰς
1489 1769 1570 1822 τὴν

223 1840 384 1894 χώραν,
418 1839 493 1882 ἐὰν
525 1841 583 1894 μὴ
617 1843 951 1894 μετακληθῶσιν
989 1839 1015 1893 ἢ
1056 1840 1160 1882 ὅταν
1196 1842 1275 1882 τὸν
1313 1840 1478 1894 μισθὸν
1510 1839 1567 1893 μὴ

223 1910 434 1963 λάβωσιν,
466 1909 676 1963 ἀπέλυσα,
712 1912 1006 1964 παραγγείλας
1044 1910 1148 1963 μήτε
1180 1907 1406 1963 Ῥωμαίοις
1441 1912 1569 1951 πολε-

223 1987 322 2034 μεῖν
354 1981 457 2033 μήτε
490 1987 580 2028 τοῖς
606 1981 862 2032 περιοίκοις·
895 1979 1204 2032 εἰρηνεύεσθαι
1236 1979 1318 2033 γὰρ
1344 1980 1428 2034 πρὸ
1460 1979 1568 2021 πάν-

222 2066 310 2092 των
343 2051 422 2103 τὴν
449 2051 688 2090 Γαλιλαίαν
715 2048 983 2103 ἐφρόντιζον.
1029 2049 1145 2103 <79>
1177 2050 1280 2098 τοὺς
1305 2047 1343 2090 δ’
1377 2048 1424 2090 ἐν
1456 2048 1569 2092 τέλει

222 2128 310 2162 τῶν
342 2122 607 2173 Γαλιλαίων,
640 2119 746 2161 ὅσον
773 2118 1073 2174 ἑβδομήκοντα
1098 2119 1276 2174 πάντας,
1300 2121 1569 2175 βουλόμενος

1592 1146 1625 1171 15

1591 1500 1624 1525 20

1589 1851 1622 1877 25

224 2191 272 2232 ἐν
304 2190 524 2246 προφάσει
550 2193 698 2244 φιλίας
724 2190 922 2244 καθάπερ
950 2189 1092 2245 ὅμηρα
1117 2196 1194 2244 τῆς
1221 2192 1406 2239 πίστεως
1437 2191 1566 2246 ἔχειν,
1586 2202 1621 2227 30

222 2264 383 2316 φίλους
414 2277 457 2303 τε
489 2259 561 2302 καὶ
594 2261 896 2315 συνεκδήμους
929 2260 1213 2315 ἐποιησάμην,
1241 2259 1314 2302 ἐπί
1335 2276 1379 2301 τε
1405 2263 1568 2315 κρίσεις
