1732 2526
554 73 961 105 EHTAKAIAEKATH
1376 73 1398 113 ’ἲ
1404 74 1430 114 5

84 195 172 233 μην
210 180 309 221 οὔτε
347 186 521 232 πρῶτον
562 179 583 232 ἡ
624 178 799 220 διάνοια
837 179 982 220 αὐτῶν
1024 179 1093 221 ε’πὶΙ
1126 179 1310 222 τοιοῖσδ’
1349 181 1432 233 (129—

84 247 310 303 μημένων,
352 246 443 290 οὔτ’
482 247 628 302 ἐπειδὴ
668 250 814 290 τοῖσδε
852 254 1043 304 χρῆσθαι
1078 283 1086 290 .
1109 284 1114 290 .
1138 283 1146 291 .
1180 251 1260 292 οὐκ
1299 251 1431 305 ἀπήλ-

85 323 216 362 λακτο
266 319 394 373 αὕτη,
444 317 675 360 πάντα”δ’
732 318 939 374 ἀνίχνευέ
984 335 1027 361 τε
1078 319 1147 361 καὶ
1198 323 1306 373 πρὸς
1355 323 1432 364 τὸν

84 389 278 445 ἀδελφὸν
315 392 522 444 μειζόνως
560 388 817 431 ἐκδεινοῦσα
858 389 1173 444 ἀπεσήμαινεν,
1215 392 1433 441 συνόδους

45 475 127 502 5τε
160 462 351 515 κρυπτὰς
388 459 460 502 καὶ
497 462 677 514 πότους,
714 461 1006 514 βουλευτήριά
1046 459 1082 501 τ’
1118 460 1296 514 ἀφανῶς
1333 478 1432 503 κατ-

83 529 394 586 εσκευασμένα·
447 527 508 572 ὧν
549 531 606 584 μὴ
650 528 714 572 ἐπ’
757 530 930 588 ὀλέθρῳ
971 537 1030 586 τῷ
1072 531 1243 573 ἐκείνου
1286 544 1432 574 συντι-

81 600 285 656 θεμένων
329 600 411 643 κέὶν
454 605 799 656 πεφανερῶσθαι
849 603 907 655 μὴ
951 605 1248 644 κεκωλῦσθαι·
1305 604 1432 656 <39>

81 679 166 714 νῦν
199 669 247 713 δὲ
278 674 381 722 τοὺς
412 669 492 726 μὲν
526 671 572 713 έκ
609 677 687 713 τοῦ
725 672 951 724 προύπτου
991 673 1234 727 διαφόρους
1271 672 1343 714 καὶ
1380 675 1432 714 τὰ

81 743 222 784 πάντα
266 741 521 798 ἐπὶβλάβῃ
566 749 615 797 τῇ
660 741 864 796 ἀλλήλων
909 742 1136 797 λέγοντας,
1184 744 1246 793 εἰς
1291 741 1338 785 δὲ
1382 746 1430 785 τὸ

29 828 63 853 10
83 811 246 868 ἀφανὲς
278 820 369 862 τοῖς
406 817 585 863 πολλοῖς
622 814 702 866 τὴν
739 813 920 855 εὔνοιαν
957 812 1322 868 ἀνατιθεμένους,
1359 813 1431 855 καὶ

81 882 201 926 ὁπότ’
233 884 437 938 ἀλλήλοις
469 887 806 938 συμμονωθεῖεν
831 885 956 938 φίλια
982 883 1187 936 πράττειν
1213 885 1271 939 μὴ
1297 884 1432 939 ἀπηλ-

81 953 346 1009 λαγμένους,
390 955 623 1009 ὁμολογεῖν
667 957 874 1008 πολεμεῖν
916 955 1025 1008 πρὸς
1069 954 1145 1004 οὓς
1189 956 1431 998 λανθάνειν

80 1026 297 1080 χρώμενοι
329 1025 480 1081 εὐνοία
512 1031 561 1079 τῇ
596 1024 797 1077 ἀλλήλων
831 1023 1157 1066 ἐσπουδάκοιεν.
1213 1026 1328 1079 <40>
1359 1026 1432 1068 καὶ

81 1096 108 1150 ἣ
139 1094 221 1150 μὲν
251 1102 386 1138 ταῦτα
417 1094 624 1151 ἀνίχνευέ
651 1111 696 1136 τε
728 1093 800 1136 καὶ
837 1094 1027 1149 ἀκριβῶς
1066 1097 1432 1152 συντυγχάνουσα

28 1180 62 1206 15
81 1166 283 1223 τάδελφῷ
316 1165 520 1221 ἀνέφερε,
554 1164 747 1207 συνιέντι
779 1163 859 1220 μὲν
892 1167 975 1219 ἤδη
1009 1167 1060 1207 τὰ
1092 1167 1232 1208 πολλὰ
1264 1166 1335 1208 καὶ
1369 1166 1427 1209 δι’

19 1233 25 1236 ’
82 1236 255 1291 ἑαυτοῦ,
288 1239 349 1287 εἰς
381 1234 430 1278 δὲ
461 1238 510 1279 τὸ
542 1241 730 1291 θαρρεῖν
763 1269 801 1277 ..
824 1269 832 1277 .
865 1236 918 1278 οὐ
952 1237 1024 1277 διὰ
1050 1243 1177 1290 κενῆς
1208 1237 1432 1280 ὑπονοιῶν

81 1307 418 1363 καθισταμένων
457 1308 683 1361 διαβολαῖς
719 1313 794 1360 τῆς
832 1306 1036 1360 ἀδελφῆς.
1099 1307 1226 1361 <41>
1267 1307 1340 1349 καὶ
1378 1306 1433 1363 ἦν

82 1380 165 1433 γὰρ
198 1380 355 1433 μόριόν
391 1395 433 1420 τι
460 1376 716 1419 Ἰουδαϊκῶν
754 1376 1006 1432 ἀνθρώπων
1049 1377 1112 1420 ἐπ’
1152 1378 1432 1433 ἐξακριβώσει

83 1448 192 1504 μέγα
235 1455 436 1503 φρονοῦν
479 1455 558 1490 τοῦ
598 1450 784 1503 πατρίου
826 1451 968 1503 νόμου
1008 1447 1080 1490 καὶ
1121 1452 1342 1504 γεραίρειν
1383 1452 1431 1492 τὸ

30 1535 64 1559 20
83 1524 212 1561 θεῖον
255 1519 661 1573 προσποιούμενον,
712 1513 777 1568 οἷς
825 1519 991 1573 ὑπῆκτο
1035 1519 1061 1573 ἡ
1106 1528 1432 1573 γυναικωνῖτις·

86 1593 321 1644 Φαρισαῖοι
371 1593 628 1643 καλοῦνται,
678 1592 907 1643 βασιλεῦσι
959 1590 1199 1644 δυνάμενοι
1246 1591 1434 1644 μάλιστα

84 1661 409 1715 ἀντιπράττειν,
458 1664 723 1714 προμηθεῖς,
773 1660 854 1701 κάκ
894 1667 973 1702 τοῦ
1013 1661 1242 1715 προύπτου
1284 1663 1344 1710 εἰς
1383 1664 1432 1704 τὸ

83 1735 290 1786 πολεμεῖν
334 1746 377 1772 τε
422 1729 494 1772 καὶ
538 1731 746 1784 βλάπτειν
790 1729 1038 1784 ἐπηρμένοι.
1100 1731 1228 1785 <42>
1271 1734 1434 1783 παντὸς

84 1809 195 1856 γοῦν
236 1807 313 1843 τοῦ
346 1800 593 1843 Ἰουδαϊκοῦ
631 1802 953 1855 βεβαιώσαντος
995 1799 1056 1842 δι’
1098 1801 1243 1856 ὅρκων
1280 1800 1306 1856 ἦ
1346 1805 1433 1857 μὴν

33 1887 65 1913 25
85 1873 314 1927 εὐνοήσειν
347 1874 538 1926 Καίσαρι
570 1870 642 1913 καὶ
679 1879 770 1921 τοῖς
801 1870 916 1928 (τοῦ)
949 1871 1163 1926 βασιλέως
1196 1873 1433 1928 πράγμασι,

85 1945 177 1986 οἵδε
219 1944 265 1986 οἱ
302 1943 461 1997 ἄνδρες
501 1942 581 1984 οὐκ
620 1943 818 1996 ὤμοσαν,
860 1944 984 1992 ὄντες
1021 1942 1432 1999 ὑπερεξακισχι’λιοι’

84 2013 156 2056 καὶ
188 2014 348 2064 αὐτοὺς
372 2012 586 2068 βασιλέως
612 2014 904 2068 ζημιώσαντος
928 2015 1160 2069 χρήμασιν,
1191 2014 1218 2067 ἡ
1247 2016 1434 2070 Φερώρα

86 2085 198 2139 γυνὴ
238 2086 319 2139 τὴν
361 2087 515 2139 ζημίαν
556 2081 665 2137 ὑπὲρ
707 2084 852 2126 αὐτῶν
891 2083 1094 2139 εἰσφέρει.
1157 2085 1270 2139 <43>
1310 2088 1355 2128 οἳ
1390 2083 1429 2127 δ’

65 2157 368 2211 ’ἀμειβόμενοι
400 2157 480 2210 τὴν
519 2156 698 2198 εὔνοιαν
736 2155 870 2209 αὐτῆς
909 2154 1182 2210 (πρόγνωσιν
1214 2154 1252 2197 δ’
1291 2156 1435 2198 ἐπεπί-

34 2239 69 2265 30
89 2238 269 2270 στευντο
302 2226 575 2283 ἐπιφοιτήσει
606 2233 685 2268 τοῦ
716 2224 846 2281 θεοῦ)
885 2226 1133 2280 προύλεγον
1171 2227 1230 2276 ὡς
1254 2225 1433 2283 εΗρώδῃ

88 2295 168 2352 μὲν
199 2299 507 2348 καταπαύσεως
545 2297 679 2353 ἀρχῆς
714 2297 799 2339 ὑπὸ
837 2300 948 2338 θεοῦ
986 2296 1285 2352 ἐψηφισμένης
1316 2298 1431 2355 αὐτῷ
