1732 2526
203 76 260 118 5ss
696 73 1060 108 APXAIOAOPIAE

206 184 371 238 γούσης
409 182 431 225 ὁ
478 179 558 237 μὲν
596 181 817 238 “Ηρώδης,
857 178 1091 238 Ἀρχέλαον
1128 179 1436 237 ἐξεληλέγχθαι
1479 186 1555 234 τῆς

205 255 315 309 πρὸς
347 252 483 295 αὐτὸν
517 253 726 303 δυσνοίας
757 254 1010 308 ὑπολαβών,
1043 253 1227 295 δίδωσιν
1254 250 1456 308 Ὀλύμπῳ
1483 249 1571 292 και

201 323 436 381 ’ὅολομνίῳ
468 323 711 378 γράμματα,
743 324 950 373 κελεύσας
982 323 1029 365 ἐν
1060 323 1273 380 παράπλῳ
1306 319 1386 377 μὲν
1415 319 1556 363 Ἐλαι-

209 395 319 450 ούσῃ
352 400 427 448 τῆς
459 396 659 444 Κιλικίας
690 396 991 450 προσσχόντας
1012 391 1228 451 Ἀρχελάῳ
1255 394 1303 435 τὸ
1329 391 1429 447 περὶ
1458 392 1557 435 τού-

209 481 297 507 των
335 463 603 518 ἀποδοῦναι,
640 463 713 506 καὶ
757 464 1066 520 μεμψαμένους
1103 464 1169 506 ὅτι
1212 470 1287 518 τῆς
1325 463 1559 518 ἐπιβουλῆς

211 535 426 591 ἐφάψαιτο
459 543 549 584 τοῖς
580 534 732 577 παισὶν
764 534 935 577 ἐκεῖθεν
967 536 1029 585 εἰς
1041 533 1209 590 Ῥώμην
1238 538 1380 589 πλεῖν,
1413 534 1558 588 <333>

212 605 296 648 κᾶν
334 605 525 661 εὕρωσιν
565 604 788 647 ἀνύσαντά
826 622 866 647 τι
905 608 1132 648 Νικόλαον
1171 606 1228 656 ὡς
1259 601 1404 661 μηκέτ’
1441 605 1558 662 αὐτῷ

213 678 521 732 δυσχεραίνειν
542 678 758 732 Καίσαρα,
792 677 968 718 διδόναι
1000 677 1074 726 τὰς
1107 675 1336 726 ἐπιστολὰς
1361 675 1434 718 καὶ
1459 677 1562 726 τοὺς

214 746 433 803 ἐλέγχους,
474 747 550 796 οὓς
586 748 694 788 κατὰ
732 754 819 788 τῶν
850 749 1096 789 νεανίσκων
1134 746 1563 802 κατεσκευασμένους

216 818 476 861 ἐπέστειλεν.
520 818 667 873 <334>
683 816 913 873 Ἀρχέλαος
939 816 1018 872 μὲν
1045 815 1127 860 οὖν
1154 818 1424 872 ἀπελογεῖτο,
1448 817 1562 868 δέξε-

216 893 324 931 σθαι
356 886 436 944 μὲν
468 890 571 938 τοὺς
603 890 862 938 νεανίσκους
895 889 1168 944 ὁμολογήσας
1201 889 1273 930 διὰ
1310 890 1358 930 τὸ
1399 887 1563 944 συμφέ-

216 976 311 1016 ρειν
344 959 494 1009 αὐτοῖς
525 958 561 1000 τ’
601 958 783 1009 ἐκείνοις
814 958 885 1001 καὶ
917 966 976 1016 τςό
1009 958 1140 1014 πατρὶ
1171 961 1228 1014 μὴ
1267 958 1339 1001 καὶ
1370 960 1564 1014 χαλεπώ-

216 1032 344 1085 τερόν
375 1046 416 1071 τι
447 1034 749 1086 προστεθῆναι
780 1028 874 1072 κατ’
907 1031 1044 1086 ὀργὴν
1071 1027 1132 1072 ὧν
1159 1030 1363 1080 ὑπόπτως
1395 1032 1566 1086 ἔχοντες

218 1101 486 1155 ἐστασίαζον,
519 1101 571 1142 οὐ
613 1101 700 1154 μὴν
738 1099 810 1142 καὶ
848 1103 957 1156 πρὸς
988 1103 1191 1156 Καίσαρα
1229 1101 1433 1156 πέμψειν,
1465 1099 1559 1144 οὐδ’

218 1173 325 1214 ἄλλο
358 1188 399 1213 τι
431 1173 538 1213 κατὰ
572 1172 786 1213 δύσνοιαν
824 1173 904 1226 τὴν
942 1173 1051 1227 πρὸς
1089 1171 1258 1214 ἐκεῖνον
1297 1172 1567 1227 ὁμολογῆσαι

218 1251 310 1293 τοϊς
335 1245 592 1292 νεανίσκοις.

310 1313 456 1369 (335)
494 1315 555 1363 εἰς
599 1311 647 1355 δὲ
690 1314 771 1368 τὴν
809 1311 976 1368 Ῥώμην
1021 1313 1395 1368 ἀποκομισθέντες
1439 1315 1569 1369 ἔσχον

220 1386 376 1440 καιρὸν
402 1383 647 1426 ἀποδοῦναι
678 1385 729 1425 τὰ
761 1384 991 1439 γράμματα
1022 1385 1080 1441 τῷ
1121 1386 1328 1440 Καίσαρι,
1365 1385 1570 1439 διηλλαγ-

1583 830 1616 855 10

1587 1182 1620 1208 15

222 1455 357 1510 μένον
390 1455 594 1510 εὑρόντες
619 1453 810 1511 “Ηρώδῃ.
872 1456 923 1497 τὰ
964 1456 1046 1511 γὰρ
1083 1454 1184 1511 περὶ
1219 1456 1300 1510 τὴν
1342 1455 1569 1498 Νικολάου
1591 1464 1599 1471 ’

222 1528 460 1581 πρεσβείαν
494 1525 630 1580 ἀπέβη
663 1532 822 1568 τοῦτον
854 1527 932 1568 τὸν
957 1527 1133 1581 τρόπον.
1179 1526 1324 1580 (336)
1356 1526 1414 1576 ὡς
1439 1525 1570 1581 ἀνῆλ-

223 1602 306 1639 θεν
339 1598 400 1647 εἰς
432 1597 512 1651 τὴν
537 1595 705 1651 Ῥώμην
737 1595 809 1638 καὶ
840 1595 939 1652 περὶ
966 1598 1046 1651 τὴν
1073 1596 1213 1651 αὐλὴν
1244 1595 1430 1651 ἐγένετο,
1456 1604 1571 1653 πρῶ-

227 1684 304 1710 τον
336 1665 416 1722 μὲν
449 1667 529 1710 οὐκ
563 1665 629 1722 ἐφ’
668 1662 733 1716 οἷς
771 1666 978 1722 ἐληλύθει
1011 1669 1165 1722 μόνον,
1204 1667 1314 1710 ἀλλὰ
1350 1666 1424 1709 καὶ
1455 1671 1573 1710 Συλ-

226 1741 354 1780 λαίου
386 1745 646 1793 κατηγορεῖν
678 1737 815 1792 ἠξίου.
876 1737 948 1779 καὶ
981 1739 1108 1792 δῆλοι
1145 1739 1229 1794 πρὸ
1268 1744 1343 1792 τῆς
1375 1738 1574 1793 ἐντυχίας

226 1806 339 1863 ἦσαν
390 1808 597 1862 ἀλλήλοις
646 1812 948 1863 πολεμοῦντες.
1011 1808 1157 1863 <337>
1207 1809 1254 1850 οἱ
1306 1807 1345 1850 δ’
1393 1808 1575 1864 ’Ἀραβες

229 1880 554 1933 ὑπονοήσαντες
587 1878 628 1929 ἐξ
662 1879 799 1921 αὐτοῦ
830 1878 902 1920 καὶ
934 1885 992 1936 τῷ
1015 1879 1222 1937 Νικολάῳ
1251 1882 1575 1934 προσελθόντες

229 1950 304 1999 τὰς
335 1949 507 1999 ἀδικίας
538 1950 677 1999 πάσας
710 1949 918 2004 ἐμήνυον,
949 1948 1021 1991 καὶ
1053 1957 1141 1991 τῶν
1166 1948 1352 2003 Ὀβόδου
1385 1951 1442 2000 ὡς
1481 1951 1575 1992 δια-

230 2019 496 2075 φθαρέντων
528 2023 745 2062 πλείστων
777 2019 944 2074 ἐκφανῆ
977 2022 1184 2075 τεκμήρια
1209 2018 1487 2075 παρέχοντες·
1520 2018 1577 2075 ἧν

230 2092 313 2147 γὰρ
346 2089 417 2133 καὶ
448 2097 537 2132 τῶν
569 2091 836 2145 γραμμάτων
868 2090 1004 2132 αὐτοῦ
1031 2090 1058 2132 ἃ
1089 2091 1197 2132 κατὰ
1222 2091 1302 2144 τὴν
1334 2090 1576 2133 ἀπόστασιν

229 2160 507 2218 ὑφῃρημένοι
540 2162 612 2202 διὰ
643 2161 812 2203 τούτων
843 2162 1043 2216 ἤλεγχον.
1104 2160 1248 2215 <338>
1289 2161 1312 2203 ὁ
1354 2158 1402 2202 δὲ
1439 2164 1577 2204 Νικό-

1591 1537 1625 1562 20

1594 1888 1627 1915 25

231 2236 336 2282 λαος
368 2232 574 2286 εὐτυχίαν
604 2232 704 2273 τινὰ
736 2232 898 2286 ταύτην
931 2231 1048 2285 ὁρῶν
1079 2231 1197 2288 αὑτῷ
1232 2231 1576 2286 προσγεγενημέ-
1596 2243 1631 2268 30

329 2317 347 2355 ξ
375 2316 442 2346 332
469 2311 513 2347 cf.
542 2311 631 2347 Bell.
657 2311 735 2347 Iud.
764 2313 778 2346 I
806 2315 859 2355 27,
887 2315 918 2346 3.
