1732 2526
585 28 1001 115 ΕΠΤΑΚΑΙΔιξῖΑΤΙί
1403 83 1459 125 99

115 190 377 243 καθαίρεσιν
411 188 666 244 ὑβρίζοντας
706 193 973 242 πεποιῆσθαι
1014 191 1129 247 λόγῳ
1168 187 1247 244 μὲν
1286 191 1347 240 εἰς
1385 190 1461 232 αὐ-

115 261 207 314 τόν,
245 258 431 316 ἀληθείᾳ
471 257 534 313 δέ,
572 263 616 300 εἴ
648 274 710 308 τις
748 258 934 309 ἐξετάζοι
972 260 1020 301 τὸ
1054 262 1250 314 γεγονός,
1292 261 1461 316 ιἐροσυ-

115 333 310 379 λοῦντας.
1246 372 1257 378 ,
1444 334 1540 367 s‘

201 400 344 454 <164>
376 402 422 442 οἳ
456 397 504 441 δὲ
536 400 608 440 διὰ
646 399 726 453 τὴν
764 399 964 454 ὠμότητα
1002 399 1159 454 αὐτοῦ,
1197 401 1255 454 μὴ
1295 402 1348 455 δὴ
1387 401 1458 444 καὶ
1485 412 1506 443 4

77 468 202 511 5κατ’
253 470 398 512 αὐτῶν
436 469 702 524 ἐξαγριώσας
744 469 1045 525 εἰσπράττοιτο
1089 473 1319 526 τιμωρίαν,
1360 473 1460 514 οὔτε

111 541 264 596 γνώμῃ
297 542 465 596 ἔφασαν
498 540 606 582 αὐτὰ
637 543 889 595 πεπρᾶχθαι
927 546 977 595 τῇ
1017 540 1177 594 αὑτῶν,
1220 544 1466 595 φαίνεσθαί

110 609 145 651 τ’
191 611 340 661 αὐτοῖς
377 611 457 653 οὐκ
495 609 805 666 ἀπηλλαγμένα
844 611 1064 660 κολάσεως
1102 611 1211 652 αὐτὰ
1251 608 1374 655 εἶναι.
1437 612 1459 654 ὃ

111 678 160 722 δὲ
191 689 283 731 τοῖς
313 679 393 736 μὲν
426 682 575 731 ἄλλοις
606 679 857 736 πραοτέρως
883 683 1021 736 ἔσχεν,
1053 683 1268 724 Mavffl'av
1300 680 1348 723 δὲ
1379 684 1458 725 τὸν

108 750 311 806 ἀρχιερέα
341 752 512 801 παύσας
545 751 749 806 ἱερᾶσθαι
782 752 839 801 ὡς
870 755 1012 794 αἴτιον
1044 753 1092 794 τὸ
1128 751 1259 807 μέρος
1289 753 1458 795 τούτων

55 834 87 859 10
106 823 332 876 γεγονότα,
357 823 544 876 καθίστη
563 820 761 877 Ἰώζαρον
787 820 1006 877 ἀρχιερέα,
1026 821 1223 877 ἀδελφὸν
1249 825 1458 876 γυναικὸς

105 897 181 945 τῆς
212 891 360 934 αὐτοῦ.
423 892 567 947 <165>
600 891 670 934 ἐπὶ
703 889 751 934 δὲ
782 899 860 934 τοῦ
892 895 1107 935 Ματθίου
1139 893 1299 935 τούτου
1333 894 1457 947 ι”ερω-

105 961 241 1016 μένου
274 964 506 1017 συμβαίνει
538 960 610 1003 καὶ
642 961 792 1018 ἕτερον
825 962 1026 1018 ἀρχιερέα
1052 969 1315 1018 καταστῆναι
1347 965 1456 1019 πρὸς

104 1034 209 1086 μίαν
240 1031 421 1088 ἡμέραν,
453 1032 508 1087 ’ἣν
537 1030 746 1074 Ἰουδαῖοι
772 1036 978 1088 νηστείαν
1005 1034 1200 1088 ἄγουσιν.
1265 1035 1381 1075 αι’τία
1409 1033 1447 1076 δ’

104 1102 223 1145 ἐστὶν
253 1104 343 1157 ἥδε.
407 1104 551 1157 <166>
585 1103 606 1145 ὁ
639 1105 848 1154 Ματθίας
880 1105 1114 1159 ἱερώμενος
1155 1103 1202 1146 ἐν
1238 1103 1364 1146 νυκτὶ
1395 1111 1446 1160 τῇ

50 1186 84 1211 15
103 1174 300 1230 φερούσῃ
332 1175 394 1224 εἰς
417 1173 585 1229 ἡμέραν
618 1170 642 1229 ᾗ
675 1174 701 1228 ἡ
735 1176 912 1228 νηστεία
953 1174 1173 1228 ἐνίστατο,
1217 1174 1366 1225 ἔδοξεν
1398 1174 1446 1217 ἐν

24 1234 29 1237 ’
103 1243 295 1299 ὀνείρατι
327 1243 591 1300 ὡμιληκέναι
622 1247 817 1298 γυναικί·
849 1243 921 1286 καὶ
948 1245 1021 1286 διὰ
1046 1246 1146 1287 τόδε
1173 1245 1226 1287 οὐ
1259 1244 1446 1300 δυναμέ-

102 1330 184 1357 νου
218 1315 479 1371 ἱερουργεῖν,
507 1313 714 1370 Ἰώσηπος
747 1316 769 1358 ὁ
801 1322 880 1357 τοῦ
909 1314 1128 1370 Ἐλλήμου
1161 1316 1449 1372 συνιεράσατο

104 1385 235 1442 αὐτῷ,
269 1387 484 1441 συγγενὴς
517 1387 588 1429 ὤν.
653 1385 799 1441 <167>
825 1384 1027 1440 ‘Hm-ways·
1060 1383 1108 1428 δὲ
1139 1388 1217 1429 τόν
1254 1402 1299 1429 τε
1330 1389 1455 1429 Ματ-

103 1458 212 1497 θίαν
262 1455 494 1498 ἐπεπαύκει
542 1462 618 1511 τῆς
667 1456 1016 1512 ἀρχιερωσύνης,
1067 1455 1139 1498 καὶ
1182 1457 1259 1498 τὸν
1303 1456 1454 1512 ἕτερον

49 1539 83 1563 20
103 1527 333 1580 Ματθίαν,
359 1526 406 1576 ὃς
437 1526 660 1583 ἐγηγέρκει
692 1528 772 1581 τὴν
805 1527 971 1581 στάσιν,
998 1525 1069 1568 καὶ
1096 1527 1260 1582 ἄνδρας
1292 1526 1339 1569 ἐκ
1366 1535 1453 1569 τῶν

105 1595 290 1652 ἑταίρων
329 1598 465 1640 αὐτοῦ
504 1600 658 1640 ἔκαυσε
699 1600 870 1649 ζῶντας.
931 1596 1003 1640 καὶ
1042 1597 1067 1652 ἡ
1108 1599 1267 1652 σελήνη
1314 1596 1362 1640 δὲ
1400 1604 1452 1653 τῇ

104 1667 213 1723 αὐτῇ
244 1667 370 1710 νυκτὶ
405 1667 611 1719 ἐξέλιπεν.
1168 1653 1339 1707 νΝ-ΛΡΛ
1359 1647 1598 1717 ‘'sfffi‘f

191 1738 336 1793 <168>
361 1737 540 1795 ‘H9d2632
574 1736 623 1781 δὲ
654 1740 862 1793 μειζόνως
893 1738 919 1792 ἡ
952 1740 1082 1788 νόσος
1112 1737 1450 1794 ἐνεπικραίνετο,
1477 1749 1497 1781 5

104 1809 232 1863 δίκην
259 1805 321 1851 ὧν
346 1811 700 1865 παρανομήσειεν
728 1808 1079 1865 ἐκπραττομένου
1100 1814 1177 1851 τοῦ
1197 1813 1320 1851 θεοῦ.
1362 1816 1450 1865 πῦρ

0 1918 1 1933 1
47 1891 83 1916 25
103 1876 183 1933 μὲν
220 1880 303 1935 γὰρ
342 1881 537 1934 μαλακὸν
582 1876 653 1934 ἦν,
697 1879 776 1935 οὐχ
816 1876 901 1921 ὧδε
940 1879 1108 1933 πολλὴν
1146 1878 1451 1934 ἀποσημαῖνον

102 1957 193 2000 τοῖς
237 1948 540 2005 ἐπαφωμένοις
583 1951 662 2004 τὴν
705 1952 933 2005 φλόγωσιν
978 1950 1145 2004 ὁπόσην
1189 1957 1280 1999 τοϊς
1328 1948 1451 1999 ἐντὸς

102 2023 357 2076 προσετίθει
407 2021 487 2075 τὴν
528 2020 739 2074 κάκωσιν,
785 2021 930 2075 <169>
975 2020 1188 2075 ἐπιθυμία
1233 2017 1281 2061 δὲ
1325 2021 1448 2074 δεινὴ

102 2096 180 2133 τοῦ
201 2090 451 2142 ὀδάξασθαί
472 2106 513 2132 τι
540 2089 612 2132 ἀπ’
644 2091 798 2134 αὐτοῦ·
831 2091 884 2134 οὐ
904 2092 986 2147 γὰρ
1012 2088 1067 2146 ἧν
1094 2091 1152 2145 μὴ
1179 2090 1258 2146 οὐχ
1284 2089 1449 2145 ὑπουρ-

103 2169 208 2214 γεῖν.
250 2160 322 2203 καὶ
360 2160 562 2211 ἑλκώσεις
599 2168 687 2203 τῶν
723 2157 760 2203 τ’
808 2161 1009 2218 ἐντέρων,
1043 2159 1116 2203 καὶ
1147 2161 1333 2216 μάλιστα
1370 2167 1448 2203 τοῦ

49 2243 83 2268 30
103 2233 238 2274 κόλου
271 2230 411 2274 δειναὶ
443 2231 696 2286 ἀλγηδόνες,
729 2230 800 2274 καὶ
832 2231 1004 2288 φλέγμα
1035 2232 1174 2288 ὑγρὸν
1211 2230 1310 2287 περὶ
1348 2233 1450 2281 τοὺς

199 2316 218 2354 ξ
246 2315 314 2346 164
341 2311 386 2348 ef.
413 2311 505 2347 Bell.
531 2311 610 2348 Iud.
636 2312 653 2346 I
679 2316 734 2358 33,
761 2315 793 2348 4.

1192 2370 1236 2404 7ss
