1732 2526
503 66 783 103 ADNOTATIO
809 66 1008 102 CRITICA.
1271 66 1426 101 XXXIII

76 183 98 222 ἓ
119 181 186 212 270
207 177 472 222 διαχειρίσαιτο
492 175 532 219 Ε,
557 175 848 219 μεταχειρίσαιτο
870 173 1039 214 οοᾶίί.,-
1062 178 1080 215 ξ
1101 177 1168 208 272
1189 177 1264 214 τοῖς
1283 175 1422 208 αὑτῶν·

77 237 124 272 τὰ
149 238 270 271 αὑτῶν
290 236 330 270 Ε.
357 255 400 260 -
427 238 446 277 ἓ
467 237 534 268 272
561 233 715 278 ἄμηνιν·
743 232 940 277 ἀμνήμονα
961 232 1063 266 Coeo.
1093 253 1134 257 -—
1162 237 1180 274 ξ
1208 236 1275 266 273
1302 246 1423 276 παρα-

78 296 245 336 λύοντός·
279 294 507 333 ἀπολύοντος
532 292 571 327 Ε.
606 313 650 318 -
682 296 701 334 ξ
733 295 802 326 276
835 292 1047 335 Λυσίμαχον
1075 291 1158 326 add.
1186 292 1334 336 MWE,
1368 305 1421 336 γρ.

78 356 290 400 Λυσίμαχον
321 365 394 397 mg.
426 352 468 387 A.
508 352 764 398 Lysimachum
790 350 869 385 Lat.
903 350 947 384 ef.
978 350 1041 384 XX
1069 354 1087 390 ξ
1116 354 1193 385 100.
1231 372 1270 375 -
1303 356 1321 393 ξ
1355 354 1422 385 276

79 411 413 458 ἐπιτροπεύσαντα·
452 407 770 454 ε’πιτροπεύσασαν
797 411 836 443 Ε.
865 430 906 434 ——
934 414 953 451 ξ
981 412 1048 442 276
1075 407 1291 453 δεδεμένον·
1320 411 1425 444 δεδε-

79 471 194 518 μένην
219 472 259 508 Ε.
293 492 336 496 -
370 474 388 513 ξ
415 473 481 504 277
505 468 758 513 Ἀλεξάνδρου·
794 467 1008 513 Λυσιμάχου
1034 468 1074 502 Ε.
1109 489 1152 493 —
1186 472 1204 509 ξ
1232 471 1298 501 277
1327 467 1424 502 εἶναι

79 543 150 567 om.
172 531 209 566 Ε.
233 551 276 556 -
297 534 315 573 ξ
336 533 402 564 278
419 528 627 564 Ἰουδαίων·
645 527 840 567 Ἰουδαίοις
859 527 898 562 Ε.
921 548 961 552 -—
985 531 1003 569 ξ
1024 530 1090 560 278
1113 525 1241 566 ἔθνος·
1262 525 1368 571 γένος
1384 527 1422 561 Ε.

79 612 123 616 -
139 595 158 633 ξ
177 593 244 624 278
268 586 501 636 ὑβρισμένον·
525 589 743 634 βιαζόμενον
758 587 795 620 Μ
806 586 900 621 WE.
922 607 964 611 -—
987 590 1005 627 ξ
1026 589 1093 620 279
1115 583 1339 631 ἐπαρχοῦντι
1352 586 1424 630 Df.‚

80 647 326 693 ἴππαρχοῦντι
362 647 486 691 codd,
524 647 752 691 ὑπαρχοῦντι
783 645 847 680 Ns.
885 666 925 670 ——
965 648 983 687 §-
1020 648 1087 679 279
1124 644 1308 690 διάταγμα
1343 645 1422 688 Bk„

76 706 293 752 διάγραμμα
313 706 387 751 vlg.
414 727 458 731 —
485 710 504 747 ἓ
525 708 592 740 279
618 702 873 749 γεγραμμένον
894 725 935 729 --
957 705 1110 748 τρόπον’
1138 703 1251 744 οὕτως
1278 702 1361 749 ἕχον
1382 704 1423 738 Ε.

78 788 122 792 -
158 770 177 809 ξ
213 769 282 800 280
314 766 506 810 ἀρχιερεὺς
538 763 704 809 μέγιστος
731 763 815 799 add.
843 763 957 798 Huds.
985 775 1029 797 ex
1060 767 1079 805 ξ
1106 766 1184 798 287.
1222 783 1265 788 -—
1301 767 1319 805 §a
1355 766 1422 798 281

76 824 190 871 λέγει·
222 825 362 865 ὕπατος
386 823 482 868 λέγει
508 824 547 858 Ε.
583 844 624 849 —
658 827 676 865 ξ
703 827 771 857 283
798 822 874 868 ἅμα
905 823 986 858 loeo
1013 822 1319 867 motumyiunge
1346 822 1423 868 ἅμα

76 898 114 920 τε
142 886 326 930 μηδεμίαν
352 884 431 918 Hw.
466 905 509 909 —
542 888 560 926 ξ
588 887 657 917 284
678 881 884 917 Ἰουδαίων·
914 881 1106 917 Ἰουδαίων
1134 883 1212 926 ι”σης
1237 884 1424 922 πολιτείας

77 949 154 984 τοῖς
179 944 301 984 ἄλλοις
323 942 595 987 Ἀλεξανδρεῦσι
620 940 870 986 τετυχηκότων
896 942 936 976 Ε.
971 963 1012 967 -
1047 946 1066 984 ξ
1092 945 1159 975 285
1187 940 1318 986 μηδέν·
1357 940 1423 976 οὖν

77 1002 195 1048 μηδέν
221 1003 261 1038 Ε.
295 1024 336 1028 -
370 1007 389 1045 ξ
415 1005 482 1036 285
511 1001 634 1042 ι’δίοις·
662 1000 856 1051 Ἰουδαίων
881 1001 1023 1036 MWE.
1057 1022 1100 1026 ——
1133 1005 1152 1043 ξ
1184 1004 1252 1035 286
1283 1000 1324 1035 τὸ
1357 999 1423 1046 μέν

78 1084 122 1088 -
150 1062 258 1098 οὕτω·
286 1062 350 1097 καὶ
377 1060 428 1102 εἰς
452 1061 519 1105 τὴν
540 1061 653 1105 ἄλλην
675 1059 897 1105 οἰκουμένην
918 1059 1051 1095 ἔστειλε
1073 1060 1287 1105 διάγραμμα
1308 1065 1423 1094 ταῦτα

77 1121 221 1166 φράζον
242 1121 282 1157 Ε.
310 1143 353 1146 -
381 1125 399 1164 ξ
427 1124 494 1154 290
523 1119 635 1165 ἔχειν·
665 1119 739 1165 ἔχει
762 1119 825 1154 Ns.
855 1141 897 1144 —
924 1123 943 1162 ξ
969 1123 1035 1153 292
1063 1118 1157 1164 ἔχοι·
1186 1118 1262 1164 ἔχει
1281 1119 1422 1154 MWE.

80 1183 121 1206 —'
149 1185 168 1222 ξ
194 1184 263 1215 293
290 1180 400 1215 ὁσίων
422 1181 461 1223 Ε,
486 1182 630 1214 θυσιῶν
652 1179 693 1223 A,
720 1190 789 1214 om.
811 1179 915 1213 MW.
942 1199 987 1203 —
1013 1182 1032 1220 ξ
1059 1182 1127 1212 294
1154 1176 1215 1213 ἐπὶ
1239 1179 1279 1214 τὸ
1306 1184 1424 1223 κρεῖτ-

76 1253 142 1275 τον
167 1240 213 1284 Ε,
251 1236 312 1274 ἐπὶ
337 1239 382 1274 τὰ
409 1240 558 1283 κρείττω
585 1239 626 1272 A.
661 1259 704 1263 —-
738 1242 756 1280 ἓ
783 1241 852 1272 294
879 1239 934 1281 εἰη
961 1238 1007 1282 Ε,
1043 1233 1065 1284 ᾖ
1091 1238 1198 1273 codd.
1232 1259 1275 1263 —
1309 1242 1327 1281 ξ
1355 1242 1422 1272 296

76 1299 142 1334 διὰ
167 1298 322 1334 τούτων·
350 1297 413 1333 διὰ
439 1296 537 1332 τοῦτ’
568 1295 634 1332 οὗν
661 1298 724 1331 Ns.
753 1319 796 1322 —
823 1301 842 1339 ξ
869 1301 937 1331 296
962 1302 1076 1332 πᾶσιν
1102 1297 1207 1342 MW,
1232 1302 1360 1332 πεσεῖν
1380 1299 1422 1332 A.

77 1380 122 1384 —
150 1362 168 1401 ξ
195 1361 263 1392 299
289 1357 358 1402 γάρ
384 1357 427 1401 Ε,
461 1362 551 1401 γοῦν
578 1356 682 1392 codd.
711 1377 754 1381 —
783 1360 802 1398 ἓ
829 1359 896 1390 299
924 1354 1103 1400 ἔπαρχον·
1137 1357 1323 1401 ἵππαρχον
1349 1357 1423 1401 vlg.

78 1439 122 1443 —
149 1422 167 1460 ξ
194 1420 262 1451 300
288 1416 505 1450 παντάπασι
531 1437 573 1440 -
601 1414 833 1455 διελθόντος·
868 1415 992 1460 ὀλίγου
1024 1415 1064 1450 δὲ
1098 1415 1314 1456 διελθόντος
1337 1415 1425 1467 χρό-

77 1490 144 1512 νου
165 1477 206 1511 Ε.
228 1498 271 1502 -
293 1480 311 1518 ξ
338 1479 406 1510 300
432 1475 496 1510 καὶ
522 1474 746 1519 πεφυκότες·
774 1476 907 1519 καίπερ
934 1474 994 1509 ἀεὶ
1019 1474 1227 1518 πεφυκότες
1252 1475 1355 1510 MW.
1381 1497 1420 1500 --

76 1540 97 1579 ξ
123 1540 189 1570 302
217 1536 414 1570 ἀποστᾶσι·
450 1540 653 1579 προεστῶσι
678 1533 742 1569 Ns.
770 1555 814 1559 —
842 1538 860 1576 ἓ
887 1537 954 1568 305
988 1535 1136 1569 δικαίου
1164 1534 1268 1574 ὄντος
1294 1534 1422 1578 Huds,⁷

78 1596 312 1634 δικαιοῦντος
338 1593 445 1628 codd.
474 1615 514 1618 ——
543 1598 562 1636 ξ
589 1596 656 1627 307
683 1594 890 1640 Σεβαστοῦ·
922 1593 1006 1628 add.
1034 1593 1062 1627 Ε
1089 1595 1276 1637 Καίσαρος
1301 1596 1426 1628 Κλαυ-

76 1654 161 1688 δίου
187 1666 236 1688 τε.
270 1674 311 1678 -
346 1657 365 1695 ἓ
397 1656 464 1687 307
498 1651 778 1696 τετολμηκότας·
816 1651 868 1692 εἰς
898 1652 965 1696 τὴν
987 1647 1179 1687 Ἰουδαίων
1206 1653 1423 1698 συναγωγὴν

77 1711 387 1758 μετατεθεικότας
412 1711 476 1746 τὸν
502 1710 709 1755 ἀνδριάντα
735 1711 820 1744 add.
841 1711 880 1746 E.
903 1732 947 1736 —
968 1716 986 1753 ξ
1010 1714 1078 1745 307
1105 1708 1260 1756 ἐξέχειν·
1289 1708 1424 1754 ἐξεκεί-

76 1784 144 1815 νου
170 1771 212 1815 Α,
240 1767 377 1813 ἐξελεῖν
403 1770 507 1814 MW‚
535 1766 704 1814 ἐξάρχειν
730 1770 792 1805 Nr.
820 1791 863 1795 —
891 1774 910 1812 ἓ
936 1773 1004 1804 307
1031 1770 1265 1815 ἀναχθῆναι·
1303 1772 1424 1816 ἀχθῆ-

77 1844 141 1865 ναι
166 1830 207 1864 Ε.
240 1851 283 1855 -
316 1834 335 1872 ἓ
367 1832 434 1863 307
461 1829 740 1869 ἀποδώσοντας·
776 1834 1087 1874 παρανομοῦντας
1118 1830 1184 1864 οὐκ
1211 1829 1263 1870 εἰς
1288 1829 1424 1875 μόνους

73 1887 295 1933 Ἰουδαίους,
330 1888 423 1923 ἀλλὰ
457 1888 521 1922 καὶ
556 1887 607 1928 εἰς
641 1888 706 1923 τὸν
737 1887 992 1933 αὐτοκράτορα
1025 1889 1109 1924 add.
1142 1889 1183 1923 E.
1219 1910 1262 1915 —
1299 1894 1318 1932 ξ
1354 1893 1422 1924 307

77 1947 232 1993 ἄρχουσι
258 1948 318 1982 del
344 1947 424 1983 HW.
450 1967 494 1972 ——
521 1951 539 1990 ξ
566 1950 634 1981 309
660 1949 814 1992 μᾶλλον·
847 1944 956 1990 ἦττον
982 1948 1023 1982 Ε.
1052 1970 1091 1973 -
1121 1952 1140 1990 ξ
1167 1951 1235 1982 309
1262 1949 1420 1994 ἀμύνης·

76 2007 149 2042 ’ὑπὸ
181 2012 244 2052 τῆς
275 2007 418 2052 ἀμύνης
449 2006 572 2050 codd.‚
607 2006 700 2050 ὑπὲρ
732 2011 796 2051 τῆς
827 2006 969 2051 ἀμύνης
994 2007 1034 2042 Ε.
1072 2028 1114 2032 —-
1151 2011 1170 2050 ξ
1203 2011 1270 2042 309
1306 2013 1421 2054 χωρῇ·

77 2065 224 2113 χωρήσῃ
244 2066 284 2101 Ε.
306 2087 349 2091 —-
371 2070 390 2109 ξ
411 2069 476 2100 311
506 2065 630 2110 (κατὰ)
656 2065 701 2100 τὰ
728 2066 807 2100 ἴδια
827 2065 907 2100 Hw.
929 2066 1047 2102 Herw.
1077 2087 1121 2091 —
1148 2071 1166 2109 ξ
1187 2070 1253 2100 312
1275 2068 1423 2112 Πετρώ-

77 2138 158 2165 νιος
191 2146 231 2150 —
266 2125 414 2165 αὐτούς·
451 2125 661 2169 Πετρώνιος
695 2124 761 2169 μὲν
796 2131 912 2159 ταῦτα
948 2124 1112 2170 ε”γραψεν
1143 2126 1183 2160 Ε.
1221 2147 1261 2151 -
1300 2131 1318 2169 ξ
1353 2131 1421 2161 313

79 2182 298 2230 ἱερωσύνην·
337 2183 613 2229 ἀρχιερωσύνην
647 2184 691 2219 A.
727 2205 770 2209 —
807 2188 826 2226 ἓ
861 2187 930 2218 314
965 2185 1117 2219 δίδωσιν
1152 2184 1174 2228 ἡ
1211 2184 1254 2229 σὴ
1291 2186 1420 2232 βουλή·

78 2244 209 2278 δίδωσι
239 2243 410 2291 βουλήσει
434 2243 544 2287 MW,
581 2248 624 2289 σῇ
657 2244 768 2283 δίδως
799 2243 969 2290 βουλήσει
999 2244 1047 2288 Ε,
1083 2248 1126 2289 σῇ
1159 2245 1305 2279 δίδοται
1338 2246 1421 2292 βου-

77 2302 179 2346 λήσει
210 2303 349 2338 Lowth.
383 2324 426 2328 —
459 2306 478 2345 ξ
510 2306 578 2337 314
612 2300 720 2355 ἐνδύς
746 2323 789 2327 —
816 2303 1018 2348 ἀρκοῦμαι·
1052 2300 1207 2338 ἐνδῦναι
1239 2325 1283 2329 -
1315 2304 1427 2349 ἀρκεῖ

149 2369 316 2395 Ioszrncs.
347 2370 400 2394 lv.
1190 2373 1208 2397 c
