1732 2526
249 483 693 537 ΙΟΤΔΑΙΚΗΣ
730 482 1313 538 ΑΡΧΑΙΟΛΟΓΙΑΣ

433 599 652 641 ΒΙΒΛοΣ
691 599 1135 642 ΕΚΚΑΙΔΕΚΑΤΗ.

194 729 279 783 <1>
309 727 398 771 -Ἐν
443 727 489 771 δὲ
535 736 584 784 τῇ
630 730 842 783 διοικήσει
885 736 973 770 τῶν
1022 730 1138 771 ὅλων
1187 732 1496 785 πραγμτὲτωνΙ

106 799 386 850 ἐσπουδακὼς
412 800 434 842 ὁ
455 802 663 854 βασιλεὺς
682 801 757 849 τὰς
776 800 883 841 κατὰ
910 799 1040 855 μέρος
1065 800 1236 850 ἀδικιάς
1256 801 1454 844 ἀναστεῖ-

104 873 176 912 λαι
201 878 288 912 τῶν
313 869 411 924 περὶ
439 871 518 925 τὴν
544 873 674 913 πόλιν
695 869 766 912 καὶ
792 872 872 925 τὴν
892 872 1039 926 χώραν
1066 870 1452 927 ἁμαρτανομένων,

102 942 253 994 τίθησι
292 943 431 996 νόμον
469 939 602 984 οὐδὲν
641 941 813 984 ἐοικότα
850 949 941 991 τοῖς
978 943 1187 996 πρώτοις,
1232 943 1283 984 ὃν
1324 943 1453 994 αὐτὸς

64 1029 81 1054 5
103 1010 322 1065 ἐβεβαίου,
353 1014 455 1061 τοὺς
480 1013 777 1067 τοιχωρύχους
802 1011 1125 1066 ἀποδιδόμενον
1155 1011 1220 1054 ἐπ’
1257 1013 1450 1069 ἐξαγωγῇ

101 1088 175 1136 τῆς
205 1085 447 1136 βασιλείας,
492 1083 597 1137 ὅπερ
636 1080 691 1137 ἧν
733 1083 813 1125 οὐκ
851 1084 912 1132 εἰς
949 1085 1161 1137 τιμωρίαν
1193 1086 1331 1137 μόνον
1363 1093 1450 1126 τῶν

99 1155 357 1208 πασχόντων
383 1155 611 1208 φορτικόν,
643 1153 753 1195 ἀλλὰ
786 1152 857 1195 καὶ
883 1153 1122 1195 κατάλυσιν
1147 1162 1335 1210 περιεῖχε
1362 1163 1450 1197 τῶν

98 1226 296 1277 πατρίων
334 1224 463 1267 ἐθῶν.
527 1226 612 1279 <2>
649 1227 697 1267 τὸ
736 1225 818 1279 γὰρ
859 1224 1126 1279 ἀλλοφύλοις
1165 1224 1236 1266 καὶ
1274 1227 1331 1280 μὴ
1370 1227 1450 1280 τὴν

99 1294 238 1349 αὐτὴν
263 1297 413 1351 ἔχουσι
440 1296 612 1338 δίαιταν
639 1301 717 1338 τοῦ
745 1297 819 1349 ζῆν
848 1296 1094 1349 δουλεύειν,
1122 1295 1193 1337 καὶ
1219 1296 1449 1350 βιάζεσθαι

46 1383 79 1408 10
98 1364 233 1407 πάνθ’
261 1366 341 1408 ὅσα
361 1366 654 1422 προσέταττον
674 1366 716 1416 ἐξ
738 1365 931 1420 ἀνάγκης
951 1365 1110 1408 ἐκεῖνοι
1133 1375 1293 1421 ποιεῖν,
1314 1366 1449 1421 ἁμαρ-

98 1439 170 1478 τία
200 1438 309 1492 πρὸς
338 1438 420 1491 τὴν
450 1439 695 1493 θρησκείαν
734 1434 810 1491 ἧν,
851 1437 904 1478 οὐ
935 1439 1114 1486 κόλασις
1150 1445 1237 1479 τῶν
1275 1437 1449 1480 ἁλισκο-

99 1505 266 1561 μένων,
309 1507 646 1563 πεφυλαγμένης
687 1506 734 1549 ἐν
776 1514 866 1557 τοῖς
905 1509 1093 1562 πρώτοις
1132 1514 1205 1562 τῆς
1244 1510 1448 1563 τοιαύτης

97 1580 319 1633 τιμωρίας.
375 1579 459 1632 <3>
493 1577 696 1620 ἐκέλευον
723 1579 806 1632 γὰρ
840 1578 885 1620 οἶ
913 1580 1043 1632 νόμοι
1075 1582 1288 1631 τετραπλᾶ
1320 1595 1447 1621 κατα-

98 1648 278 1702 βάλλει-ν
322 1650 399 1690 τὸν
441 1648 650 1703 κλέπτην,
701 1648 780 1690 οὐκ
824 1651 978 1703 ἔχοντα
1030 1646 1077 1690 δὲ
1120 1649 1447 1703 πιπράσκεσθαι

45 1735 78 1761 15
97 1717 193 1773 μέν,
224 1717 319 1761 ἀλλ’
351 1720 445 1761 οὔτι
477 1735 525 1773 γε
558 1727 649 1769 τοῖς
681 1719 962 1774 ἀλλοφύλοις,
994 1718 1089 1761 οὐδ’
1125 1720 1233 1761 ὥστε
1266 1721 1444 1775 διηνεκῆ

95 1790 176 1843 τὴν
208 1791 416 1832 δουλείαν
446 1789 701 1844 ὑπομένειν·
741 1791 830 1832 ἔδει
861 1790 944 1844 γὰρ
977 1790 1188 1844 ἀφεῖσθαι
1221 1788 1320 1844 μεθ’
1359 1790 1445 1842 ἑξε-

95 1862 206 1902 τίαν.
272 1861 356 1914 <4>
394 1862 441 1903 τὸ
481 1859 541 1913 δ’,
586 1861 731 1915 ὥσπερ
771 1861 943 1915 ὡρίσθη
982 1862 1098 1914 τότε,
1141 1862 1334 1915 χαλεπὴν
1372 1861 1445 1903 καὶ

95 1931 353 1985 παράνομον
385 1931 593 1985 γενέσθαι
630 1933 712 1986 τὴν
748 1933 930 1973 κόλασιν
968 1931 1269 1986 ὑπερηφανίας
1302 1931 1444 1974 ἐδόκει

95 2000 241 2056 μέρος,
273 2002 326 2044 οὐ
358 2005 592 2057 βασιλικῶς
623 2002 732 2044 ἀλλὰ
763 2010 1034 2057 τυραννικῶς
1065 2002 1201 2044 αὐτοῦ
1233 2002 1305 2044 καὶ
1336 2006 1444 2058 πρὸς

43 2089 76 2114 20
95 2072 148 2112 τὰ
180 2073 306 2113 κοινὰ
337 2080 425 2114 τῶν
458 2071 714 2128 ἀρχομένων
753 2073 976 2126 ὀλιγώρως
1011 2077 1160 2115 θεῖναι
1201 2074 1281 2127 τὴν
1313 2090 1441 2127 τιμω-

95 2145 196 2196 ρίαν
227 2145 519 2198 νενομικότος.

183 2214 267 2268 <5>
309 2221 443 2256 ταῦτα
487 2212 566 2269 μὲν
608 2211 690 2256 οὗν
733 2213 833 2256 καθ’
883 2215 1117 2269 ὁμοιότητα
1161 2221 1240 2257 τοῦ
1285 2219 1411 2258 λοιπο

94 2284 258 2337 τρόπου
303 2287 541 2339 γιγνόμενα
586 2284 715 2340 μέρος
758 2282 813 2339 ἦν
856 2292 943 2327 τῶν
986 2286 1208 2339 διαβολῶν
1252 2284 1322 2326 καὶ
1367 2292 1416 2339 τῆ

165 2359 334 2386 ΙοεΒΡΗσε,
372 2361 424 2385 IV.
1211 2357 1228 2386 1

1416 2221 1442 2256 ee

1421 2302 1441 2335 ‘so
