1732 2526
186 58 211 99 8
679 58 1044 91 ΑΡΧΑΙΟΛΟΓΙΑΣ

183 181 253 215 τες
285 162 398 206 εἶναι
432 161 490 206 δι’
528 160 589 206 ὧν
621 165 702 219 οὐχ
741 164 1096 219 ἁμαρτησόμεθα.
1159 164 1274 218 <44>
1312 165 1424 207 καλὰ
1455 162 1534 219 μὲν

184 232 288 289 οὖν,
327 235 403 277 ἐὰν
437 234 606 290 ἐξετάζῃ
638 249 722 288 τις,
763 233 836 276 καὶ
868 232 970 276 καθ’
1008 235 1117 276 αὑτὰ
1148 235 1200 276 τὰ
1232 236 1336 288 ἔθη,
1373 235 1535 276 παλαιὰ

184 304 224 348 δ’
263 306 389 361 ἡμῖν,
426 305 509 348 κᾶν
547 307 606 360 μή
636 317 723 347 τισι
764 306 888 360 δοκῇ
940 303 1039 346 ὥστ’
1078 305 1223 347 αὐτῶν
1261 304 1333 346 καὶ
1370 307 1420 347 τὸ
1457 309 1565 347 τοῦ”

183 379 347 433 χρόνου
373 377 556 431 τιμητὸν
583 376 966 418 δυσαποδίδακτον
989 372 1102 417 εἶναι
1122 382 1213 425 τοῖς
1238 375 1369 425 ὁσίως
1387 389 1536 431 παρει-

183 450 346 504 ληφόσι
376 446 448 490 καὶ
481 447 868 501 διαφυλάττουσιν.
923 447 1038 501 <45>
1069 447 1238 489 τούτων
1264 446 1376 500 ἡμᾶς
1407 445 1535 501 ἀφαι-

183 525 366 574 ροῦνται
385 516 477 560 κατ’
505 518 725 573 ἐπήρειαν,
751 520 947 572 χρήματα
967 514 1048 572 μὲν
1068 517 1094 558 ἃ
1120 523 1180 574 τῷ
1200 521 1292 574 θεῷ
1315 516 1535 572 συμφέρο-

183 605 264 645 μεν
292 589 498 644 ἐπώνυμα
525 589 837 644 διαρπάζοντες
861 587 933 630 καὶ
959 595 1162 643 φανερῶς
1188 589 1536 642 ἱεροσυλοῦντες,

184 660 283 714 τέλη
329 658 368 702 δ’
419 658 707 713 ἐπιτιθέντες,
757 658 839 700 κάν
888 666 983 709 ταῖς
1027 657 1197 713 ἑορταῖς
1241 660 1422 713 ἄγοντες
1466 656 1538 700 ἐπὶ

184 732 442 786 δικαστήρια
485 729 557 772 καὶ
601 732 896 785 πραγματείας
938 730 1092 783 ἄλλας,
1137 729 1191 771 οὐ
1235 730 1343 771 κατὰ
1386 730 1537 785 χρείαν

182 809 271 843 τῶν
304 800 680 855 συναλλαγμάτων
707 799 818 842 ἀλλὰ
843 798 935 842 κατ’
966 799 1173 854 ἐπήρειαν
1199 806 1274 854 τῆς
1297 803 1537 854 θρησκείας

183 872 239 926 ἣν
272 874 506 914 συνίσασιν
537 870 658 926 ἡμῖν,
684 878 812 925 μῖσος
843 871 896 913 οὐ
926 872 1099 913 δίκαιον
1126 869 1220 913 οὐδ’
1252 870 1537 922 αὐτεξούσιον

183 942 333 992 αὐτοῖς
363 944 653 991 πεπονθότες·
697 942 812 996 <46>
844 941 870 996 ἡ
903 942 986 995 γὰρ
1012 941 1199 996 ὑμετέρα
1225 943 1333 984 κατὰ
1359 942 1536 984 πάντων

182 1013 292 1069 ἀρχὴ
331 1013 546 1068 γενομένη
586 1016 662 1068 μία
698 1014 780 1067 τὴν
818 1010 898 1067 μὲν
936 1013 1116 1055 εὔνοιαν
1155 1013 1336 1067 ἐνεργὸν
1375 1013 1456 1067 τὴν
1489 1010 1537 1055 δὲ

183 1085 399 1126 δύσνοιαν
439 1084 577 1138 ἀργὸν
614 1091 734 1126 ποιεῖ
767 1091 860 1133 τοῖς
898 1085 946 1126 τὸ
984 1090 1188 1126 τοιοῦτον
1227 1082 1321 1126 ἀντ’
1365 1083 1537 1126 ἐκείνου

181 1154 563 1210 προαιρουμένοις.
622 1155 736 1208 <47>
768 1151 885 1196 ταῦτ’
925 1151 1007 1197 οὖν
1040 1154 1263 1209 ἀξιοῦμεν,
1295 1151 1328 1196 ὦ
1362 1154 1535 1209 μέγιστε

178 1222 405 1280 Ἀγρίππα,
438 1227 495 1280 μὴ
522 1232 663 1275 κακῶς
694 1225 893 1280 πάσχειν,
924 1224 1025 1280 μηδ’
1049 1225 1394 1280 Ιἐπηρεάζεσθαι,
1425 1223 1537 1281 μηδὲ

181 1297 435 1338 κωλύεσθαι
472 1305 563 1346 τοῖς
601 1299 723 1338 ἔθεσι
768 1301 963 1351 χρῆσθαι
1006 1303 1097 1346 τοῖς
1140 1296 1386 1351 ἡμετέροις,
1429 1294 1531 1351 μηδ’

182 1366 470 1422 ἀφαιρεῖσθαι
511 1375 600 1408 τῶν
642 1369 807 1421 ὄντων,
851 1365 953 1422 μηδ’
997 1367 1023 1409 ἃ
1061 1368 1118 1422 μὴ
1157 1369 1399 1422 βιαζόμεθα
1435 1369 1535 1410 τού-

180 1453 300 1491 τους,
325 1438 411 1480 ὑπὸ
438 1439 608 1480 τούτων
634 1438 876 1492 βιάζεσθαι.
933 1437 1006 1480 καὶ
1032 1438 1116 1492 γὰρ
1142 1439 1196 1480 οὐ
1223 1440 1370 1480 δίκαια
1396 1441 1536 1493 μόνον

181 1508 322 1562 ἐστίν,
360 1508 470 1551 ἀλλὰ
501 1508 574 1550 καὶ
606 1507 682 1564 ὑφ’
719 1509 844 1564 ὑμῶν
883 1508 1098 1563 δεδομένα
1135 1511 1351 1565 πρότερόν
1386 1509 1533 1563 [ἐστι]·

179 1579 297 1633 <48>
328 1578 400 1620 καὶ
434 1575 668 1634 δυναίμεθ’
699 1579 754 1621 ἂν
786 1581 928 1622 πολλὰ
956 1581 1151 1635 δόγματα
1180 1587 1255 1635 τῆς
1286 1582 1534 1635 συγκλήτου

179 1649 253 1692 καὶ
285 1651 360 1700 τὰς
393 1649 440 1692 ἐν
471 1656 530 1707 τῷ
558 1652 828 1708 Καπετωλίῳ
855 1650 1057 1706 κειμένας
1084 1651 1263 1701 δέλτους
1291 1649 1402 1707 ὑπὲρ
1434 1653 1534 1694 τού-

179 1737 269 1763 των
301 1720 665 1776 ἀναγιγνώσκειν,
698 1721 724 1763 ἂ
757 1723 893 1776 δῆλον
925 1719 1006 1776 μὲν
1039 1722 1097 1771 ὡς
1127 1723 1233 1776 μετὰ
1271 1729 1428 1778 πεῖραν
1458 1729 1535 1777 τῆς

178 1791 388 1847 ἡμετέρας
425 1793 487 1841 εἰς
524 1793 637 1846 ὑμᾶς
673 1794 860 1842 πίστεως
898 1792 1059 1847 ἐδόθη,
1103 1794 1233 1848 κύρια
1278 1791 1327 1834 δὲ
1370 1793 1453 1835 κᾶν
1494 1794 1536 1835 εἰ

179 1864 367 1917 μηδενὸς
398 1861 671 1915 ὑπάρξαντος
705 1863 980 1918 ἐχαρίσασθε.
1036 1864 1149 1918 <49>
1183 1864 1341 1919 σχεδὸν
1367 1865 1450 1919 γὰρ
1477 1865 1531 1907 οὐ

179 1935 332 1988 μόνοις
363 1933 469 1987 ἡμῖν
502 1932 611 1974 ἀλλὰ
642 1939 777 1975 πᾶσιν
809 1933 1064 1986 ἀνθρώποις
1101 1935 1152 1976 τὰ
1191 1932 1271 1989 μὲν
1310 1935 1417 1976 ὄντα
1447 1951 1532 1989 φυ-

178 2002 398 2057 λάξαντες,
431 2004 559 2057 μείζω
594 2000 642 2044 δὲ
667 2010 756 2045 τῶν
783 2003 1084 2047 ἐλπισθέντων
1110 2003 1380 2059 προσθέντες
1410 2005 1532 2061 εὐερ-

178 2081 340 2128 γετεῖτε
380 2079 439 2130 τῷ
481 2081 672 2128 κρατεῖν·
717 2073 790 2116 καὶ
832 2074 1002 2116 δύναιτ’
1039 2077 1094 2117 ἄν
1134 2091 1199 2125 τις
1237 2074 1418 2126 ἐπεξιὼν
1455 2077 1532 2127 τὰς

179 2143 373 2186 ἑκάστων
406 2144 627 2199 εὐτυχίας,
670 2145 719 2194 ἃς
752 2142 810 2187 δι’
847 2146 972 2200 ὑμῶν
1005 2147 1204 2202 ἔχουσιν,
1235 2145 1530 2200 ἀπερίληπτον

177 2221 356 2269 ποιῆσαι
404 2217 482 2258 τὸν
532 2217 678 2270 λόγον.
741 2217 868 2270 <50>
918 2218 992 2259 ἵνα
1041 2216 1191 2272 μέντοι
1234 2215 1306 2259 καὶ
1351 2217 1530 2267 δικαίως

178 2285 384 2327 ἁπάντων
440 2285 585 2328 αὐτῶν
641 2286 937 2341 τυγχάνοντας
993 2285 1176 2337 ἑαυτοὺς
1230 2286 1529 2343 ἐπιδείξωμεν,

1558 815 1592 840 10

1557 1168 1611 1194 15’

1551 1875 1586 1902 25

1549 2229 1584 2255 30
