1732 2526
264 67 348 107 233
755 67 1117 99 APXAIOAOPIAE

262 175 478 227 πρότερον
511 172 536 227 ἢ
563 177 898 228 τυραννηθῆναι
924 174 1003 227 τὴν
1029 175 1158 215 πόλιν
1185 173 1332 227 κύριοι
1362 180 1450 214 τῶν
1483 170 1609 227 στρα-

261 250 476 285 τιωτικῶν
509 240 633 297 ἦσαν.
696 244 841 298 <188>
869 242 1055 298 Χαιρέας
1087 241 1134 284 δὲ
1166 244 1214 284 τὸ
1248 250 1428 297 σημεῖον
1461 244 1609 297 λαβὼν

261 315 504 368 παρεδίδου
536 330 624 355 των
665 321 940 368 στρατιωτῶν
972 321 1063 363 τοῖς
1099 315 1208 368 πρὸς
1244 314 1324 367 τὴν
1363 313 1608 367 σύγκλητον

262 386 597 438 συνεστηκόσιν·
636 381 749 437 ἦσαν
790 382 827 425 δ’
872 386 934 434 είς
973 386 1151 437 σπείρας
1193 382 1416 439 τέτταρας,
1455 377 1520 433 οἷς
1559 384 1607 425 τὸ

261 454 550 508 ἀβασίλευτον
612 470 870 509 τιμιωτερον
920 462 994 509 τῆς
1044 455 1309 509 τυραννίδος
1362 454 1607 509 προύκειτο.

262 526 405 578 (189)
436 524 507 566 καὶ
541 526 633 567 οἵδε
666 524 746 580 μὲν
779 525 951 580 ἀπῇσαν
983 526 1087 579 μετὰ
1113 533 1201 567 τῶν
1227 525 1479 580 χιλιάρχων,
1511 525 1608 566 ἀνε-

260 596 390 650 χώρει
424 594 465 636 δ’
502 596 585 649 ἤδη
618 594 689 637 καὶ
722 595 744 638 ὁ
779 596 916 649 δῆμος
946 596 1182 651 περιχαρὴς
1222 594 1294 637 καὶ
1327 594 1504 644 ἐλπίδος
1535 593 1607 637 καὶ

259 667 541 720 φρονήματος
567 664 759 721 (μεστὸς)
786 664 856 707 ἐπὶ
881 672 939 722 τςό
965 665 1222 722 κτησαμένῳ
1256 667 1335 720 τὴν
1367 665 1608 720 ἡγεμονίαν

260 736 427 788 αὑτοῖς,
467 735 611 777 οὐκέτι
645 734 714 777 ἐπὶ
746 742 804 792 τῷ
837 735 1102 791 ἐφεστηκότι.
1164 735 1235 778 καὶ
1268 737 1318 778 τὰ
1343 733 1470 777 πάντ’
1501 733 1556 790 ἦν
1583 736 1606 778 ὁ

262 805 447 861 Χαιρέας
479 807 639 856 αὐτοῖς.

349 877 490 930 (190)
531 876 718 930 Χαιρέας
762 873 804 917 δ’
853 877 900 919 ἐν
939 878 1069 934 δεινῷ
1118 876 1348 931 τιθέμενος
1391 885 1605 932 περιεῖναι

258 949 337 1000 τήν
381 963 425 988 τε
466 946 690 1002 θυγατέρα
736 949 778 988 Γ
774 949 873 989 α’ίόυ
914 947 986 989 καὶ
1027 949 1107 1002 τὴν
1144 955 1352 1002 γυναῖκα,
1397 946 1506 988 ἀλλὰ
1547 948 1604 1001 μὴ

257 1015 435 1058 πανοικὶ
466 1019 542 1059 τὸν
575 1019 765 1072 ὄλεθρον
798 1018 914 1075 αὐτῷ
948 1024 1196 1073 συντυχεῖν,
1236 1016 1328 1059 ἐπεὶ
1359 1016 1430 1059 καὶ
1462 1023 1549 1059 πᾶν
1581 1018 1605 1059 ὅ

257 1104 298 1128 τι
324 1087 604 1130 ὑπολείποιτο
637 1089 782 1131 αὐτῶν
816 1085 880 1130 ἐπ’
917 1088 1088 1146 ὀλέθρῳ
1121 1094 1196 1142 τῆς
1221 1090 1388 1138 πόλεως
1420 1091 1604 1143 λειφθή-

259 1162 416 1199 σεσθαι
449 1157 520 1200 καὶ
552 1167 639 1200 τῶν
671 1162 836 1214 νόμων,
874 1161 1016 1208 ἄλλως
1053 1175 1096 1201 τε
1134 1161 1353 1214 πρόθεσιν
1391 1159 1603 1201 ἐσπουδα-

256 1229 342 1277 κὼς
373 1230 690 1271 τελειώσασθαι
722 1231 802 1284 τὴν
834 1230 970 1272 αὑτοῦ
996 1229 1068 1271 καὶ
1093 1230 1210 1271 πάνυ
1236 1229 1452 1284 εὐφρᾶναι
1478 1237 1604 1283 μῖσος

256 1300 304 1339 τὸ
344 1301 452 1354 πρὸς
490 1301 648 1354 Γάιον,
683 1297 870 1343 Ἰούλιον
902 1299 1106 1354 ἐκπέμπει
1149 1303 1353 1353 Λοῦπον,
1398 1299 1475 1341 ἕνα
1516 1307 1603 1341 τῶν

257 1370 510 1424 χιλιάρχων,
536 1377 773 1412 κτενοῦντα
800 1373 878 1425 τήν
899 1387 943 1412 τε
963 1378 1149 1424 γυναῖκα
1172 1372 1212 1411 Γ
1209 1373 1308 1412 αι”ου
1329 1369 1402 1411 καὶ
1421 1371 1500 1424 τὴν
1520 1374 1603 1412 θυ-

256 1440 428 1494 γατέρα.
473 1441 615 1493 (191)
637 1443 890 1495 Κλήμεντος
922 1440 962 1482 δ’
997 1443 1091 1483 ὄντι
1118 1448 1325 1495 συγγενεῖ
1352 1446 1411 1497 τῷ
1436 1442 1601 1498 Λούπῳ

255 1511 335 1564 τὴν
369 1509 438 1551 ἐπὶ
469 1513 660 1554 τοιοῖσδε
697 1513 956 1567 προύθεσαν
994 1514 1287 1565 λειτουργίαν,
1319 1511 1435 1560 ὅπως
1475 1526 1601 1566 μετα-

256 1582 373 1635 σχὼν
405 1597 487 1623 καν
521 1581 589 1623 ἐπὶ
621 1583 835 1632 τοιούτοις
866 1599 940 1636 της
965 1598 1335 1637 τυραννοκτονιας
1366 1581 1599 1635 ἀγαλλοιτο

255 1651 384 1705 ἀρετῇ
417 1653 525 1705 πρὸς
556 1660 643 1694 τῶν
675 1657 866 1695 πολιτῶν
902 1653 991 1706 [ὡς]
1026 1652 1098 1694 καὶ
1122 1659 1200 1694 τοῦ
1232 1654 1392 1702 παντὸς
1425 1651 1600 1706 ἐπιβου-

255 1722 467 1775 λεύματος
505 1723 642 1773 δόξειε
681 1731 914 1765 κοινωνεῖν
959 1731 1044 1765 τῶν
1082 1731 1255 1778 πρῶτον
1301 1722 1598 1776 συνθεμένων.

254 1792 396 1845 <192>
431 1792 563 1842 ἐνίοις
595 1791 642 1834 δὲ
675 1802 762 1835 τῶν
795 1801 1062 1847 συνωμοτῶν
1100 1792 1172 1834 καὶ
1212 1793 1332 1847 ὠμὸν
1371 1793 1511 1834 ἐδόκει
1548 1794 1597 1834 τὸ

254 1861 324 1903 ἐπὶ
355 1868 405 1917 τῇ
432 1863 608 1916 γυναικὶ
633 1865 790 1917 θράσει
817 1864 1108 1919 χρησάμενον,
1136 1865 1208 1905 διὰ
1235 1865 1282 1906 τὸ
1304 1863 1440 1905 Γάιον
1465 1863 1597 1917 φύσει

253 1939 304 1987 τῇ
336 1933 472 1975 αὑτοῦ
510 1935 735 1989 χρώμενον
773 1934 976 1990 (μᾶλλον)
1010 1934 1035 1988 ἣ
1075 1937 1302 1989 συμβουλῇ
1341 1939 1390 1988 τῇ
1429 1933 1598 1987 ἐκείνης

251 2004 304 2044 τὰ
335 2004 476 2044 πάντα
508 2004 681 2058 πρᾶξαι,
714 2004 755 2055 ἐξ
790 2001 851 2046 ὧν
882 2005 908 2058 ἥ
942 2021 985 2046 τε
1027 2006 1151 2054 πόλις
1189 2004 1475 2059 ἀπηγορεύκει
1506 2011 1597 2053 τοῖς

252 2077 534 2128 κατειληφόσι
567 2083 715 2125 κακοῖς
747 2074 817 2116 καὶ
856 2083 942 2117 τῶν
985 2079 1176 2117 πολιτῶν
1215 2075 1237 2116 ὅ
1275 2091 1316 2116 τι
1352 2072 1424 2115 καὶ
1455 2074 1596 2124 ἄνθος

252 2141 307 2197 ἧν
339 2144 552 2186 ἀπώλετο·
598 2145 741 2199 (193)
779 2148 824 2187 οἳ
859 2143 905 2187 δὲ
943 2144 1014 2187 καὶ
1046 2146 1125 2199 τὴν
1167 2143 1245 2200 μὲν
1279 2143 1348 2186 ἐπὶ
1378 2145 1596 2193 τοιούτοις

1627 822 1659 844 10

1624 1172 1658 1196 15

1617 1876 1650 1900 25

252 2214 490 2256 ἐνεκάλουν
523 2215 630 2270 αὐτῇ
658 2217 851 2270 γνώμην,
878 2218 926 2258 τὸ
955 2213 1002 2257 δὲ
1027 2222 1115 2257 πᾶν
1140 2214 1211 2257 καὶ
1237 2222 1323 2256 τῶν
1349 2215 1434 2257 ὑπὸ
1456 2216 1498 2255 Γ
1493 2217 1594 2257 αΐου
1613 2225 1647 2251 30

250 2285 568 2341 πεπραγμένων
600 2293 745 2328 κακῶν
779 2286 922 2342 ἐκείνῃ
954 2288 1033 2340 τὴν
1060 2287 1203 2328 αἰτίαν
1230 2283 1458 2342 ἐπέφερον,
1483 2285 1594 2340 φάρ-
