1732 2526
239 72 324 114 150
728 72 1091 106 APXAIOAOPIAZ

237 177 305 235 ἐφ’
355 174 420 230 οἷς
462 180 805 235 προυκαλούμην
856 179 936 222 οὐκ
986 178 1190 229 ἐνέλιπες.
1253 179 1279 221 ἃ
1329 177 1478 233 μέντοι
1525 181 1586 229 εἰς
1617 220 1622 224 .

236 251 456 292 Μοῦνδον
499 250 693 306 ὑβρίζειν
739 249 915 305 ἐπειρῶ,
960 249 1098 305 μηδέν
1143 266 1216 305 μοι
1262 253 1456 304 μελῆσαν
1497 257 1585 292 τῶν

237 321 467 376 ὀνομάτων
495 321 604 363 ἀλλὰ
629 327 705 375 τῆς
731 320 778 362 ἐκ
803 327 882 363 τοῦ
908 321 1160 376 πράγματος
1185 319 1585 375 ἡδονῆς,”Ανουβιν

236 392 376 447 ὄνομα
409 390 573 448 ἐθέμην
606 391 803 449 ἐμαυτῷ.’
866 392 981 447 <78>
1019 391 1090 434 καὶ
1124 391 1145 433 ὃ
1179 389 1259 446 μὲν
1301 390 1431 448 ἀπῄει
1462 391 1581 434 ταῦτ’

234 464 386 505 εἰπών·
432 463 458 517 ἣ
505 462 544 505 δ’
593 464 655 513 εἰς
698 465 875 505 ἔννοιαν
913 465 1008 505 τότε
1041 462 1229 519 ζπρῶτον
1275 461 1469 505 ἐλθοῦσα
1506 469 1585 506 τοῦ
1622 478 1637 503 5

233 537 521 589 τολμήματος,
553 535 901 590 περιρρήγνυταί
928 549 971 575 τε
1003 535 1084 589 τὴν
1117 535 1293 588 στολήν,
1324 532 1396 575 καὶ
1428 533 1583 589 τάνδρὶ

235 606 469 660 δηλώσασα
519 612 597 647 τοῦ
657 607 820 654 παντὸς
869 604 1236 659 ἐπιβουλεύματος
1291 606 1339 647 τὸ
1396 603 1585 659 μέγεθος

234 675 374 718 ἐδεῖτο
414 677 472 731 μὴ
516 680 767 731 περιῶφθαι
805 678 1018 730 βοηθείας
1060 676 1306 732 τυγχάνειν.
1369 675 1391 718 ὃ
1435 674 1482 718 δὲ
1522 682 1582 733 τῷ

234 746 524 802 αὐτοκράτορι
557 746 805 801 ἀπεσήμηνε
837 748 917 801 τὴν
949 746 1119 802 πρᾶξιν.
1159 747 1274 802 <79>
1305 745 1377 788 καὶ
1411 747 1432 789 ὁ
1460 746 1583 802 Τιβέ-

233 834 341 873 ριος,
361 820 597 872 μαθήσεως
628 816 837 873 ἀκριβοῦς
863 816 979 874 αὐτῷ
1007 815 1244 872 γενομένης
1278 816 1466 868 ἐξετάσει
1494 826 1583 860 τῶν
1604 832 1636 857 10

233 886 406 943 ἱερέων,
446 887 641 938 ἐκείνους
680 886 715 929 τ’
760 887 1066 943 ἀνεσταύρωσε
1098 886 1170 929 καὶ
1209 888 1288 942 τὴν
1310 887 1448 942 Ἴδην,
1490 887 1584 930 ὀλέ-

230 963 348 1015 θρου
381 958 628 1014 γενομένην
660 960 804 1001 αἰτίαν
836 957 908 1000 καὶ
945 959 996 1000 τὰ
1037 957 1162 1000 πάντ’
1207 956 1274 1014 ἐφ’
1311 958 1438 1014 ὕβρει
1480 970 1583 1001 συν-

232 1033 394 1072 θεῖσαν
438 1035 514 1084 τῆς
554 1031 778 1084 γυναικός·
823 1031 900 1072 τόν
943 1045 987 1071 τε
1029 1031 1140 1072 ναὸν
1183 1033 1378 1084 καθεῖλε,
1422 1028 1493 1071 καὶ
1534 1032 1582 1072 τὸ

234 1101 408 1155 ἄγαλμα
434 1100 681 1156 τῆςἼσιδος
706 1102 768 1151 εἰς
792 1102 870 1143 τὸν
892 1101 1094 1157 Θύμβριν
1125 1102 1321 1155 ποταμὸν
1355 1100 1582 1143 ἐκέλευσεν

231 1171 452 1226 ἐμβαλεῖν.
514 1172 630 1226 <80>
662 1172 882 1214 ΑΜοῦνδον
911 1169 959 1213 δὲ
986 1178 1129 1227 φυγῆς
1154 1171 1372 1226 ἐτίμησεν,
1404 1172 1585 1226 κώλυμα
1606 1186 1639 1212 15

231 1248 310 1284 τοῦ
342 1243 400 1296 μὴ
433 1245 642 1297 μειζόνως
673 1243 854 1285 κολάσαι
889 1243 937 1284 τὸ
971 1240 1060 1297 μετ’
1100 1244 1260 1297 ἔρωτος
1297 1242 1413 1300 αὐτῷ
1447 1242 1585 1298 ἡμαρ-

231 1317 394 1367 τῆσθαι
426 1315 478 1355 τὰ
510 1312 791 1369 ἡμαρτημένα
823 1313 1106 1368 ἡγησάμενος.

321 1383 394 1426 καὶ
426 1384 478 1426 τά
511 1381 590 1439 μὲν
621 1382 721 1439 περὶ
752 1385 800 1425 τὸ
835 1384 956 1439 ἱερὸν
988 1390 1066 1439 τῆς
1084 1383 1246 1434 Ἴσιδος
1271 1390 1362 1434 τοῖς
1390 1385 1583 1439 ἱερεῦσιν

230 1454 476 1511 ὑβρισμένα
507 1453 671 1497 τοιαῦτ’
716 1452 791 1509 ἦν·
835 1454 1034 1509 ἐπάνειμι
1069 1453 1106 1496 δ’
1146 1453 1216 1496 ἐπὶ
1248 1455 1329 1509 τὴν
1362 1454 1584 1510 ἀφήγησιν

230 1533 319 1569 τῶν
353 1525 399 1568 ἐν
424 1524 566 1581 Ῥώμῃ
587 1523 819 1576 Ἰουδαίοις
844 1526 952 1567 κατὰ
984 1531 1142 1568 τοῦτον
1168 1527 1246 1567 τὸν
1281 1527 1444 1580 χρόνον
1477 1537 1582 1569 συν-
1602 1541 1636 1566 20

232 1598 473 1653 τυχόντων,
506 1598 563 1646 ὥς
595 1613 669 1651 μοι
701 1594 774 1638 καὶ
805 1598 1171 1652 προαπεσήμηνεν
1204 1596 1226 1638 ὁ
1263 1598 1403 1650 λόγος.

323 1669 436 1723 <81>
469 1664 524 1722 ἦν
557 1667 668 1721 ἀνὴρ
697 1665 924 1721 Ἰουδαῖος,
955 1666 1100 1722 φυγὰς
1126 1663 1206 1721 μὲν
1237 1672 1313 1721 τῆς
1345 1666 1482 1709 αὑτοῦ
1507 1683 1582 1709 κα-

231 1741 414 1795 τηγορία
439 1754 484 1780 τε
510 1738 797 1794 παραβάσεως
821 1739 973 1792 νόμων
998 1745 1132 1779 τινῶν
1158 1735 1230 1779 καὶ
1259 1735 1347 1778 δέει
1374 1739 1583 1793 τιμωρίας

229 1816 306 1864 τῆς
338 1807 403 1851 ἐπ’
440 1809 602 1864 αὐτοῖς,
633 1810 826 1864 πονηρὸς
859 1805 898 1849 δ’
935 1809 996 1858 εἰς
1027 1809 1079 1850 τὰ
1105 1808 1257 1850 πάντα.
1307 1806 1380 1850 καὶ
1408 1808 1461 1862 δὴ
1487 1805 1574 1850 τότ’

231 1879 279 1922 ἐν
310 1886 361 1936 τῇ
387 1878 527 1936 Ῥώμῃ
560 1880 848 1934 διαιτώμενος
878 1886 1182 1934 προσεποιεῖτο
1215 1876 1294 1934 μὲν
1328 1877 1579 1933 ἐξηγεῖσθαι
1601 1893 1633 1919 25

232 1953 394 2006 σοφίαν
434 1953 587 2005 νόμων
628 1957 715 1992 τῶν
747 1949 977 2003 Μωυσέος,
1021 1951 1136 2004 <82>
1168 1944 1581 2004 προσποιησάμενος

233 2019 281 2063 δὲ
318 2029 435 2078 τρεῖς
472 2022 637 2077 ἄνδρας
678 2022 738 2071 εἰς
775 2022 826 2062 τὰ
857 2022 998 2063 πάντα
1037 2021 1369 2075 ὁμοιοτρόπους,
1409 2021 1581 2070 τούτοις

233 2092 581 2147 ἐπιφοιτήσασαν
622 2093 864 2146 Φουλείαν,
902 2098 989 2134 τῶν
1030 2090 1077 2133 ἐν
1115 2090 1323 2145 ἀξιώματι
1355 2098 1580 2144 γυναικῶν

232 2161 305 2205 καὶ
331 2164 534 2217 νομίμοις
559 2165 948 2217 προσεληλυθυῖαν
974 2168 1065 2211 τοῖς
1080 2159 1351 2214 Ἰουδαϊκοῖς,
1370 2163 1579 2204 πείθουσι

232 2234 469 2289 πορφύραν
513 2231 583 2274 καὶ
621 2234 787 2287 χρυσὸν
825 2234 886 2282 εἰς
923 2232 971 2274 τὸ
1011 2231 1058 2274 ἐν
1090 2231 1414 2286 Ἱεροσολύμοις
1460 2233 1579 2287 ἱερὸν
1599 2247 1634 2272 30

233 2302 583 2358 διαπέμψασθαι,
614 2302 682 2345 καὶ
720 2305 928 2358 λαβόντες
960 2301 1025 2344 ἐπὶ
1061 2305 1225 2358 χρείαις
1257 2303 1436 2352 οἰκείαις
1474 2303 1579 2345 ἀνά-
