1732 2526
556 96 961 128 ΕΠΤΑΚΑΙΔΕΚΑΤΠ
1377 95 1430 136 79

175 203 288 256 <60>
329 200 444 244 τοῦτ’
484 198 748 259 Ἀντιπάτρῳ
790 203 930 244 καίτοι
973 201 1011 255 γ’
1056 202 1123 243 ἐπὶ
1158 201 1320 257 Ῥώμης
1359 217 1430 244 πε-

84 275 290 315 πλευκότι
315 280 460 314 κακῶν
487 271 658 326 ἐγένετο
686 272 810 327 ἀρχή,
835 279 909 327 τῆς
935 272 1276 328 ἀδελφοκτονίας
1297 273 1430 315 αὐτὸν

84 342 321 397 τινυμένου
359 350 437 386 τοῦ
473 347 597 385 θεοῦ.
661 344 924 397 διηγήσομαι
964 341 1011 385 δὲ
1052 345 1128 385 τὸν
1159 344 1301 385 πάντα
1332 343 1432 398 περὶ

84 414 220 456 αὐτοῦ
253 416 401 468 λόγον,
432 413 707 468 παράδειγμα
738 420 796 470 τῷ
831 413 1100 472 ἀνθρωπίνῳ
1133 413 1250 468 γένει
1283 413 1431 468 ἐσόμε-

48 503 64 520 ›
83 500 165 525 νον
196 490 274 526 τοῦ
307 483 436 539 ἀρετῇ
467 485 778 526 πολιτεύεσθαι
811 483 880 526 ἐπὶ
912 491 1055 526 πᾶσιν.

28 850 61 874 10

27 1203 60 1229 15

24 1558 57 1582 20

25 1910 58 1935 25

25 2261 58 2287 30

172 554 286 609 <61>
325 553 474 608 ἐπειδὴ
513 555 594 610 γὰρ
637 556 844 610 Φερώρας
881 558 1059 611 τελευτᾷ
1097 557 1234 609 ταφαί
1267 550 1302 595 τ’
1341 553 1478 608 §ys-4

82 627 269 678 γόνεσαν
301 625 439 681 αὐτῷ,
480 624 769 680 ἀπελεύθεροι
803 626 883 667 δύο
925 633 1012 667 τῶν
1049 627 1232 680 Φερώρα
1273 627 1429 679 τιμίων

81 697 403 750 προσελθόντες
439 694 618 752 “Ηρώδῃ
664 695 816 750 ἠξίουν
867 698 924 751 μὴ
971 696 1257 751 ἀνεκδίκητον
1302 712 1429 737 κατα-

82 769 225 807 λιπεῖν
256 765 478 820 τάδελφοῦ
510 768 586 809 τὸν
625 769 804 821 νεκρόν,
844 765 953 808 ἀλλὰ
994 769 1168 821 ζήτησιν
1206 770 1429 808 ποιεῖσθαι

80 843 155 890 τῆς
187 836 349 891 ἀλόγου
382 853 425 879 τε
458 835 529 879 καὶ
563 838 806 893 δυστυχοῦς
838 838 1147 891 μεταστάσεως.
1207 838 1319 892 <62>
1350 844 1429 879 τοῦ

81 905 120 948 δ’
159 906 496 963 ἐπιστραφέντος
533 915 624 957 τοῖς
662 910 809 962 λόγοις
849 907 997 963 (πιστὰ
1030 909 1111 963 γὰρ
1146 906 1307 964 ἐδόκει)
1341 909 1427 949 δει-

79 984 241 1032 πνῆσαι
282 976 362 1032 μὲν
404 978 538 1020 αὐτὸν
580 981 732 1032 ἔλεγον
772 979 888 1033 παρὰ
930 984 979 1033 τῇ
1022 977 1198 1032 γυναικὶ
1235 985 1284 1034 τῇ
1323 993 1428 1033 προ-

79 1051 228 1106 τεραίᾳ
277 1055 351 1103 τῆς
399 1052 561 1103 νόσου,
617 1050 848 1105 φάρμακόν
904 1065 947 1091 τε
998 1047 1329 1104 προσκομισθὲν
1379 1048 1427 1090 ἐν

78 1120 274 1174 βρώματι
307 1121 364 1174 μὴ
396 1122 610 1174 πρότερον
643 1121 821 1161 εἰωθότι
862 1119 1112 1175 ἐμφαγόντα
1152 1120 1235 1162 ὑπὸ
1267 1120 1427 1161 τούτου

79 1194 352 1246 τελευτῆσαι·
402 1191 612 1245 κομιστὸν
656 1189 805 1244 μέντοι
849 1190 1059 1244 γενέσθαι
1103 1192 1151 1232 τὸ
1196 1190 1428 1245 φάρμακον

77 1261 163 1304 ὑπὸ
206 1251 414 1315 γυναικὸς
455 1261 501 1303 ἐκ
542 1267 617 1315 τῆς
651 1259 874 1315 Ἀραβίας,
915 1262 1030 1318 λόγῳ
1069 1258 1149 1315 μὲν
1189 1259 1256 1302 ἐπὶ
1294 1272 1427 1316 προσ-

77 1334 305 1386 ποιήσεσιν
337 1332 512 1387 ἐρώτων
540 1330 743 1388 (φίλτρον
776 1332 858 1386 γὰρ
886 1332 939 1386 δὴ
973 1330 1096 1385 ὄνομ’
1128 1331 1243 1389 αὐτῷ
1277 1328 1429 1387 εἶναι),

78 1404 126 1445 τὸ
171 1399 211 1444 δ’
259 1401 422 1458 ἀληθὲς
465 1401 535 1444 ἐπὶ
579 1408 629 1457 τῇ
679 1392 862 1458 Φερώρα
906 1406 1095 1457 τελευτῇ.
1160 1403 1273 1456 <63>
1317 1419 1426 1457 φαρ-

78 1476 384 1528 μακιστόταται
418 1471 456 1515 δ’
494 1472 578 1515 εἰσὶ
610 1480 834 1527 γυναικῶν
868 1474 916 1514 αἱ
952 1472 998 1515 ἐκ
1029 1479 1103 1527 τῆς
1130 1471 1347 1528 Ἀραβίας·
1398 1468 1425 1529 ἧ

79 1542 128 1586 δὲ
168 1543 286 1586 ταῦτ’
325 1543 588 1599 ἐπεκάλουν,
630 1543 702 1585 καὶ
743 1550 817 1598 τῆς
855 1546 1082 1586 Συλλαίου
1121 1543 1341 1599 ἐρωμένης
1379 1542 1426 1585 ἐν

78 1623 170 1665 ταῖς
220 1616 404 1670 μάλιστα
455 1615 707 1669 ὡμολόγητο
758 1612 871 1656 εἶναι
920 1616 1038 1669 φίλη.
1100 1616 1334 1656 πείσουσαί
1380 1612 1420 1655 τ’

78 1686 215 1740 αὐτὴν
248 1684 317 1727 ἐπὶ
349 1685 505 1740 πράσει
537 1691 615 1727 τοῦ
646 1685 879 1740 φαρμάκου
912 1687 974 1735 εἰς
1005 1687 1106 1734 τοὺς
1136 1687 1298 1735 τόπους
1330 1684 1425 1740 ἐλη-

78 1757 274 1798 λύθεσαν
318 1757 344 1810 ἤ
396 1771 439 1798 τε
490 1758 629 1811 μήτηρ
679 1762 754 1810 τῆς
801 1757 985 1811 Φερώρα
1035 1757 1242 1810 γυναικὸς
1284 1755 1356 1797 καὶ
1400 1756 1425 1809 ἡ

78 1826 268 1882 ἀδελφή,
312 1825 384 1868 καὶ
436 1826 654 1880 ἐπανῆκον
696 1826 832 1880 αὐτὴν
874 1826 1082 1881 ἀγόμεναι
1123 1832 1201 1868 τοῦ
1243 1827 1426 1869 δείπνου

77 1900 292 1951 πρότερον
335 1895 473 1954 ἡμέρα
515 1904 602 1954 μιᾷ.
663 1897 777 1952 <64>
818 1897 903 1939 ὑπὸ
945 1898 1113 1939 τούτων
1155 1897 1177 1939 ὁ
1221 1899 1426 1950 βασιλεὺς

76 1976 164 2010 τῶν
197 1970 341 2022 λόγων
372 1967 669 2023 παροξυνθεὶς
701 1969 862 2018 δούλας
893 1966 928 2010 τ’
967 1967 1190 2021 ἐβασάνιζε
1229 1975 1318 2010 τῶν
1349 1984 1425 2022 γυ-

76 2046 242 2081 ναικῶν
280 2041 357 2080 καί
390 2055 511 2088 τινας
549 2037 805 2094 ἐλευθέρας,
845 2037 916 2081 καὶ
956 2040 1082 2089 ὄντος
1119 2038 1316 2094 ἀφανοῦς
1347 2045 1426 2081 τοῦ

77 2109 327 2165 πράγματος
371 2110 444 2151 διὰ
488 2110 535 2151 τὸ
578 2111 793 2164 μηδεμίαν
835 2108 1040 2164 ἐξειπεῖν,
1083 2112 1308 2151 τελευταία
1347 2126 1425 2163 τις,

77 2187 324 2235 περιουσῶν
350 2180 484 2234 αὐτῆς
508 2187 597 2222 τῶν
622 2179 896 2235 ἀλγηδόνων,
927 2181 1034 2222 ἄλλο
1062 2178 1142 2235 μὲν
1168 2182 1249 2236 ἔφη
1278 2180 1425 2233 οὐδέν,

77 2251 188 2293 θεὸν
232 2248 270 2292 δ’
319 2250 568 2293 ἐπεκαλεῖτο
613 2249 797 2293 τοιαῖσδ’
846 2252 1006 2301 αἰκίαις
1049 2254 1302 2306 περιβαλεῖν
1346 2251 1426 2304 τὴν

172 2335 191 2374 ξ
218 2334 259 2365 61
288 2330 333 2366 cf.
359 2330 451 2366 Bell.
478 2330 556 2365 Iud.
583 2331 599 2365 I
626 2333 681 2375 30,
710 2334 740 2365 1.
