1732 2526
621 88 1029 123 OKTQKAIAEKATH
1421 85 1503 126 149

157 203 235 239 τοῦ
266 197 517 252 πράγματος
548 194 679 252 ἑτέρῳ
711 195 891 251 τοσῷδε,
925 195 1135 248 διασαφεῖ
1160 200 1239 236 τοῦ
1271 195 1504 235 νεανίσκου

131 269 234 310 Ᾰτὸν
267 269 405 322 ἔρωτα
437 267 605 320 αὐτοῖς,
642 266 883 307 κελεύουσα
921 266 1138 314 παντοίως
1177 263 1246 305 ἐπὶ
1279 270 1337 321 τῷ
1371 267 1506 318 ληψο-

158 337 274 396 μένῳ
318 339 398 392 τὴν
441 339 682 392 ἄνθρωπον
727 335 986 378 σπουδάσαι.
1055 335 1180 389 <72>
1225 337 1270 377 οἳ
1312 332 1359 375 δὲ
1404 333 1504 393 (τῷ)

156 410 318 462 πλήθει
360 414 440 451 τοῦ
484 409 669 463 χρυσίου
712 404 1011 461 παραχθέντες
1054 406 1362 459 ὑπισχνοῦντο.
1433 403 1506 446 καὶ

120 493 136 518 5
157 478 301 521 αὐτῶν
334 479 356 521 ὁ
389 481 639 534 γεραίτατος
677 478 734 527 ὡς
771 479 850 532 τὴν
883 480 1117 519 Παυλῖναν
1156 476 1400 531 ὠσάμενος,
1437 491 1506 530 γε-

156 549 356 604 νομένων
388 550 575 591 εἰσόδων
607 549 714 590 κατὰ
746 550 883 603 μόνας
915 548 987 589 διὰ
1014 549 1158 601 λόγων
1186 546 1335 588 ἐλθεῖν
1367 545 1505 600 ἠξίου,

155 619 228 662 καὶ
260 618 550 676 συγχωρηθὲν
582 620 773 674 πεμπτὸς
805 621 952 672 ἔλεγεν
983 619 1106 673 ἥκειν
1138 618 1222 660 ὑπὸ
1255 623 1335 659 τοῦ
1356 615 1506 659 Ἀνού-

155 685 318 745 βιδος,
345 692 471 745 ἔρωτι
509 690 641 744 αὐτῆς
678 688 922 744 ἡττημένου
960 695 1039 732 τοῦ
1076 693 1207 742 θεοῦ,
1252 688 1508 736 κελεύοντός

154 757 200 803 θ’
237 761 296 811 ὡς
326 761 461 803 αὐτὸν
495 759 657 802 ἐλθεῖν.
719 760 834 814 <73>
871 765 922 815 τῇ
955 757 993 801 δ’
1032 759 1182 809 εὐκτὸς
1221 759 1243 802 ὁ
1276 761 1407 812 λόγος
1436 754 1506 812 ἧν,

103 846 135 871 10
154 831 226 873 καὶ
270 839 362 881 ταῖς
404 847 449 873 τε
491 834 640 885 φίλαις
684 830 1045 881 ἐνεκαλλωπίζετο
1087 836 1138 884 τῇ
1182 828 1252 871 ἐπὶ
1292 829 1508 877 τοιούτοις

155 901 330 953 ἀξιώσει
366 907 444 944 τοῦ
478 899 754 955 Ἀνούβιδος,
796 899 867 942 καὶ
910 900 1062 955 φράζει
1100 901 1209 954 πρὸς
1248 901 1325 942 τὸν
1366 899 1507 954 ἄνδρα

156 975 338 1015 δεῖπνόν
376 971 411 1014 τ’
449 973 555 1027 αὐτῇ
595 970 666 1014 καὶ
703 972 840 1025 εὐνὴν
878 978 956 1013 τοῦ
983 968 1241 1025 Ἀνούβιδος
1282 968 1508 1024 εἰσηγγέλ-

154 1047 245 1085 θαι.
309 1044 547 1099 συνεχώρει
581 1041 619 1085 δ’
659 1042 842 1095 ἐκεῖνος,
879 1043 961 1096 τὴν
993 1042 1293 1096 σωφροσύνην
1325 1047 1400 1095 τῆς
1432 1056 1508 1094 γυ-

156 1115 307 1164 ναικὸς
338 1113 681 1168 ἐξεπιστάμενος.
729 1114 843 1167 <74>
875 1120 1007 1167 χωρεῖ
1038 1109 1120 1154 οὗν
1153 1113 1213 1162 εἰς
1240 1113 1289 1154 τὸ
1315 1110 1508 1166 τέμενος,

104 1198 136 1224 15
155 1182 228 1226 καὶ
255 1184 540 1238 δειπνήσασα,
573 1184 631 1234 ὡς
655 1183 799 1225 ὕπνου
826 1184 978 1237 καιρὸς
1002 1179 1074 1238 ἦν,
1104 1185 1394 1224 κλεισθεισῶν
1420 1188 1508 1223 τῶν

153 1259 310 1310 θυρῶν
353 1255 439 1297 ὑπὸ
484 1261 562 1297 τοῦ
609 1253 777 1310 ἱερέως,
828 1254 959 1296 ἔνδον
1004 1253 1052 1295 ἐν
1095 1260 1154 1310 τῷ
1200 1257 1291 1309 ναῷ
1336 1250 1408 1294 καὶ
1457 1252 1508 1293 τὰ

154 1326 292 1380 λύχνα
325 1324 523 1367 ἐκποδὼν
548 1322 619 1379 ἦν,
651 1323 723 1367 καὶ
749 1325 771 1367 ὁ
797 1326 1014 1374 ὲΜοῦνδος
1046 1323 1398 1380 (προυκέκρυπτο
1424 1323 1508 1377 γὰρ

154 1394 277 1452 τῇδε)
309 1395 389 1451 οὐχ
420 1396 670 1451 ἡμάρτανεν
709 1396 894 1450 ὁμιλιῶν
931 1402 1020 1437 τῶν
1057 1396 1166 1450 πρὸς
1203 1395 1364 1448 αὐτήν,
1400 1408 1509 1435 παν-

154 1467 310 1521 νύχιόν
340 1465 376 1508 τ’
415 1467 531 1522 αὐτῷ
572 1467 885 1521 διηκονήσατο,
926 1466 1195 1520 ὑπειληφυῖα
1233 1466 1343 1507 θεὸν
1382 1461 1509 1505 εἶναι.

103 1551 136 1576 20
156 1537 273 1591 <75>
315 1535 388 1579 καὶ
432 1537 703 1586 ἀπελθόντος
744 1539 960 1592 πρότερον
1004 1535 1029 1590 ἢ
1070 1538 1246 1590 κίνησιν
1290 1535 1508 1590 ἄρξασθαι

155 1615 242 1649 τῶν
277 1606 428 1663 ἱερέων
462 1610 507 1650 οἳ
534 1608 615 1662 τὴν
653 1607 895 1662 ἐπιβουλὴν
927 1606 1067 1661 <οὐκ>
1100 1605 1287 1662 ᾔδεσαν,
1325 1606 1351 1660 ἡ
1384 1609 1509 1648 Παυ-

156 1681 256 1720 λῖνα
287 1677 382 1735 πρῲ
417 1678 474 1728 ὡς
505 1679 583 1720 τὸν
615 1678 756 1733 ἄνδρα
794 1677 991 1720 ἐλθοῦσα
1029 1678 1109 1732 τὴν
1148 1676 1408 1730 ἐπιφάνειαν
1442 1676 1509 1718 ε’κ-

156 1749 369 1802 διηγεῖται
401 1754 480 1791 τοῦ
506 1746 783 1803 Ἀνούβιδος,
816 1747 888 1790 καὶ
919 1750 1029 1803 πρὸς
1059 1748 1135 1797 τὰς
1165 1750 1297 1803 φίλας
1329 1746 1508 1801 ἐνελαμ-

155 1820 343 1874 πρύνετο
382 1821 530 1873 λόγοις
566 1826 656 1869 τοῖς
697 1817 762 1861 ἐπ’
804 1819 934 1876 αὐτῷ.
995 1819 1122 1872 <76>
1166 1820 1212 1860 οἳ
1250 1815 1298 1859 δὲ
1340 1818 1391 1859 τὰ
1429 1814 1509 1871 μὲν

105 1903 138 1929 25
158 1890 374 1945 ἠπίστουν
411 1891 473 1939 εἰς
510 1890 590 1944 τὴν
629 1890 767 1943 φύσιν
803 1890 884 1932 τοῦ
921 1889 1175 1944 πράγματος
1212 1888 1420 1943 ὁρῶντες,
1457 1888 1509 1929 τὰ

158 1959 199 2002 δ’
234 1959 281 2003 ἐν
313 1960 508 2015 θαύματι
539 1962 829 2015 καθίσταντο,
861 1960 941 2002 οὐκ
974 1962 1145 2016 ἔχοντες
1175 1966 1267 2009 πῶς
1297 1959 1379 2014 χρὴ
1412 1959 1509 2000 ἄπι-

158 2042 237 2073 στα
274 2031 384 2073 αὐτὰ
416 2032 606 2086 κρίνειν,
645 2026 767 2073 ὁπότ’
803 2032 865 2081 εἰς
896 2031 976 2085 τὴν
1015 2030 1313 2085 σωφροσύνην
1350 2028 1423 2071 καὶ
1460 2031 1508 2071 τὸ

158 2101 325 2157 ἀξίωμα
362 2101 563 2144 ἀπίδοιεν
601 2101 746 2155 αὐτῆς.
813 2102 938 2156 <77>
978 2103 1100 2158 τρίτῃ
1140 2099 1180 2143 δ’
1222 2099 1362 2156 ἡμέρᾳ
1404 2100 1510 2154 μετὰ

158 2173 238 2226 τὴν
275 2172 434 2227 πρᾶξιν
470 2171 740 2222 ὑπαντιάσας
781 2172 917 2226 αὐτὴν
959 2172 982 2215 ὁ
1019 2172 1234 2222 Μοῦνδος
1272 2170 1508 2212 ρΠαυλῖνα’

104 2255 139 2281 30
157 2244 308 2298 φησίν,
341 2243 444 2298 ’ἅμα
475 2258 550 2298 μοι
580 2241 653 2284 καὶ
685 2247 824 2286 εἴκοσι
862 2243 1077 2299 μυριάδας
1116 2243 1336 2295 διεσώσω,
1377 2242 1510 2282 δυνα-

157 2312 264 2368 μένη
311 2316 415 2371 οἴκῳ
460 2312 742 2367 προσθέσθαι
786 2319 845 2370 τῷ
889 2319 1070 2368 σαυτῆς,
1115 2313 1424 2356 διακονεῖσθαί
1463 2307 1503 2352 τ’
