1732 2526
230 54 314 95 126
720 55 1084 89 ΑΡΧΑΙΟΛΟΓΙΑΣ

228 161 440 216 ἡγοῦντο,
481 161 529 203 έν
569 163 754 218 αἰσχύνῃ
792 168 842 217 τῇ
882 162 1027 204 αὐτῶν
1074 162 1270 216 οἰόμενοι
1311 163 1578 216 γενήσεσθαι

227 232 343 287 παρὰ
384 234 575 286 Καίσαρι
618 231 708 275 κατ’
760 232 923 288 ἀνδρὸς
967 233 1132 274 οἰκείου
1182 232 1329 274 τοιάδε
1373 233 1579 288 πράττειν
1618 253 1623 257 ·

227 307 571 357 προθυμεῖσθαι.
639 304 785 359 <303>
830 309 975 359 παρῆν
1021 300 1059 344 δ’
1108 304 1192 357 ἤδη
1244 302 1315 345 καὶ
1362 306 1580 354 Φίλιππος

227 373 310 415 ἀπὸ
345 376 529 428 Συρίας,
562 374 877 430 ἐξοτρύναντος
908 374 1042 416 αὐτὸν
1070 371 1239 428 ’ὅάρου,
1264 375 1312 416 τὸ
1339 371 1420 428 μὲν
1445 374 1578 428 κεφά-

227 447 353 486 λαιον
381 443 450 486 ἐπὶ
476 448 719 502 συνηγορίᾳ
744 444 965 500 τάδελφοῦ
991 442 1128 501 (πάνυ
1156 445 1238 499 γὰρ
1266 444 1412 486 εὐνόει
1434 442 1578 500 ’ὅᾶρος

227 514 384 571 αὐτῷ),
423 514 663 570 γενομένης
707 513 755 557 δὲ
793 521 843 570 τῇ
887 518 1088 572 βασιλείᾳ
1132 515 1442 570 μεταπτώσεως
1486 513 1578 571 (καὶ

225 585 329 627 τάδε
374 586 456 641 γὰρ
501 587 758 628 ὑπώπτευεν
792 583 953 640 ’ὅᾶρος,
996 585 1180 640 νέμησιν
1225 586 1357 640 αὐτῆς
1401 586 1578 639 γενήσε-

226 660 334 698 σθαι
367 657 441 698 διὰ
472 658 520 699 τὸ
558 658 750 705 πολλοὺς
788 653 901 698 εἶναι
939 658 1041 706 τοὺς
1082 656 1347 711 αὐτονομίας
1377 655 1577 711 γλιχομέ-

225 726 351 782 νους)
380 727 459 782 οὐχ
492 727 706 782 ὑστεριῶν
737 734 817 769 τοῦ
848 726 931 768 κᾶν
963 726 1094 777 αὐτὸς
1123 735 1282 782 μοῖραν
1316 727 1448 781 αὐτῆς
1478 728 1577 769 τινὰ

225 796 455 853 φέρεσθαι.

149 861 280 910 ΤΧ
317 868 460 922 <304>
493 869 629 921 λόγου
668 864 750 910 οὖν
787 874 878 917 τοῖς
911 865 1141 909 Ἰουδαίων
1173 866 1380 922 πρέσβεσι
1418 867 1576 911 δοθέν-

224 953 319 992 τος,
358 940 404 979 οἳ
439 936 509 979 ε’πὶ
545 938 779 980 καταλύσει
816 943 891 992 τῆς
934 940 1158 992 βασιλείας
1196 939 1376 992 ἤλπιζον
1417 937 1576 994 λέγειν,

225 1008 295 1050 ἐπὶ
332 1012 597 1064 κατηγορίαν
635 1017 724 1051 τῶν
756 1007 962 1063 Ἡρώδου
1000 1017 1287 1064 παρανομιῶν
1328 1008 1574 1065 τρέπονται,

224 1079 406 1134 βασιλέα
437 1077 518 1135 μὲν
556 1080 739 1135 ὀνόματι
777 1079 1098 1135 ἀποφαίνοντες
1136 1080 1285 1133 αὐτόν,
1323 1087 1411 1122 τῶν
1449 1079 1489 1122 δ’
1527 1079 1574 1122 ἐν

225 1158 318 1200 ταῖς
350 1153 608 1206 τυραννίσιν
642 1149 841 1201 ἑκάσταις
876 1153 925 1193 τὸ
964 1150 1206 1205 ἀνήκεστον
1247 1150 1574 1205 ἀναδεξάμενον

226 1222 287 1271 εἰς
319 1221 455 1263 αὑτὸν
487 1220 551 1263 ἐπ’
590 1221 763 1279 ὀλέθρῳ
796 1228 884 1263 τῶν
913 1219 1139 1263 Ἰουδαίων
1173 1221 1394 1264 συνθέντα
1423 1227 1571 1277 κεχρῆ-

225 1296 347 1346 σθαι,
378 1298 457 1334 τοῦ
489 1293 629 1334 πολλὰ
661 1290 734 1333 καὶ
765 1293 897 1347 φύσει
929 1298 979 1347 τῇ
1013 1291 1150 1334 αὑτοῦ
1175 1300 1573 1347 προσκαινουργεῖν

226 1362 307 1404 οὐκ
352 1361 698 1417 ἀπηλλαγμένον.
772 1362 917 1416 <305>
961 1365 1138 1404 πολλῶν
1183 1369 1293 1416 γοῦν
1344 1364 1486 1404 ὄντων
1531 1365 1576 1405 οἳ

226 1432 429 1487 ὀλέθροις
462 1432 733 1475 ἀπολώλοιεν
767 1433 888 1482 οἴους
919 1433 1000 1488 οὐχ
1028 1433 1294 1489 ἰστορῆσθαί
1321 1447 1387 1474 πω
1419 1435 1572 1488 πρότε-

225 1520 320 1559 ρον,
357 1507 505 1560 πολλῷ
545 1502 916 1559 δυστυχεστέρους
947 1510 1027 1546 τοῦ
1052 1504 1227 1553 πάθους
1258 1503 1438 1546 ἐκείνων
1469 1506 1572 1554 τοὺς

227 1575 386 1624 ζῶντας
411 1571 538 1628 εἶναι,
572 1573 625 1616 οὐ
663 1576 802 1628 μόνον
842 1570 904 1616 ὧν
942 1576 1042 1625 ὄψει
1072 1574 1144 1616 καὶ
1178 1575 1354 1630 διανοίᾳ
1392 1572 1456 1616 ἐπ’
1494 1575 1571 1616 αὐ-

225 1653 314 1694 τοῖς
334 1645 577 1701 ἀνιαθεῖεν,
597 1644 707 1687 ἀλλὰ
732 1643 804 1687 καὶ
837 1641 898 1687 ὧν
918 1653 1011 1695 ταῖς
1036 1645 1217 1695 οὐσίαις.
1250 1645 1394 1700 <306>
1424 1647 1572 1696 πόλεις

225 1731 268 1756 τε
302 1716 377 1765 τὰς
408 1714 487 1770 μὲν
519 1717 789 1771 περιοικίδας
815 1715 886 1757 καὶ
912 1715 985 1758 ὑπ’
1016 1715 1280 1771 ἀλλοφύλων
1313 1715 1572 1771 οἰκουμένας

224 1794 474 1840 κοσμοῦντα
517 1787 574 1841 μὴ
617 1788 874 1828 παύσασθαι
930 1787 1034 1841 μετὰ
1084 1787 1361 1835 καταλύσεώς
1409 1802 1454 1828 τε
1498 1786 1571 1829 καὶ

225 1856 478 1912 ἀφανισμοῦ
503 1865 591 1899 τῶν
618 1857 665 1899 ἐν
690 1863 741 1912 τῇ
770 1856 877 1912 ἀρχῇ
905 1857 1040 1899 αὐτοῦ
1066 1856 1399 1915 κατῳκημένων,
1426 1858 1570 1912 <3οῖ>

223 1930 373 1977 πενίας
400 1926 439 1969 δ’
470 1927 640 1981 ἀπόρου
665 1929 714 1969 τὸ
741 1929 873 1977 ἔθνος
899 1927 1265 1981 ἀναπεπληκέναι,
1292 1929 1376 1969 σὺν
1405 1928 1570 1982 ὀλίγοις

224 1999 437 2052 εὔδαιμον
461 2000 776 2053 παρειληφότα,
803 2005 891 2040 τῶν
916 1997 950 2040 τ’
984 1999 1272 2053 εὐπατριδῶν,
1299 1998 1426 2040 ὁπότε
1458 2001 1569 2040 κτεί-

224 2084 341 2110 νειεν
373 2069 534 2118 αὐτοὺς
566 2066 628 2110 ἐπ’
668 2069 846 2122 ἀλόγοις
877 2070 1049 2123 αἰτίαις,
1074 2070 1150 2118 τὰς
1176 2068 1326 2118 οὐσίας
1351 2067 1568 2124 ἀποφερό-

224 2154 373 2193 μενον,
405 2137 476 2180 καὶ
509 2132 575 2188 οἷς
601 2140 894 2195 συγχωρήσειε
921 2140 1000 2194 τὴν
1027 2140 1182 2181 ἄδειαν
1207 2145 1285 2181 τοῦ
1314 2141 1403 2193 ζῆν,
1432 2142 1568 2190 ψίλω«

1597 808 1630 832 10

1595 1161 1626 1186 15

1591 1515 1625 1540 20

1590 1869 1622 1895 25

225 2221 296 2251 σιν
339 2209 571 2265 χρημάτων
614 2210 965 2260 καταδικάζοντα.
1026 2210 1170 2265 <308>
1207 2208 1279 2251 καὶ
1317 2208 1448 2265 χωρὶς
1488 2207 1568 2265 μὲν
1587 2222 1621 2247 30

318 2294 337 2332 ξ
363 2293 431 2325 304
458 2289 501 2325 cf.
529 2288 621 2325 Bell.
648 2289 725 2325 Iud.
752 2290 786 2323 Π
813 2293 843 2333 6,
873 2294 902 2325 2.

1717 579 1723 582 .
1687 0 1732 551 &qm-ees*
