1732 2526
578 98 987 131 EHTAKAIAEKATH
1375 98 1393 138 1
1404 98 1457 139 19

112 206 278 248 ἄοπλον
321 208 508 260 βοηθεῖν
553 203 810 259 δυναμένης.
881 205 1035 259 <264>
1083 205 1230 261 ἐσώθη
1278 204 1325 248 δὲ
1370 214 1460 248 τῶν

112 275 394 318 ἀνελθόντων
427 274 496 318 ἐπὶ
528 276 575 317 τὸ
608 273 731 329 τέγος
763 273 856 317 οὐδ’
895 275 1115 318 ὁστισοῦν.
1178 275 1249 318 καὶ
1292 278 1338 319 οἱ
1358 275 1458 318 Ῥω-

110 354 232 400 μαῖοι
271 347 344 388 διὰ
381 352 459 388 τοῦ
496 347 633 400 πυρὸς
670 341 697 402 ᾗ
741 349 939 400 παρείκοι
983 345 1202 396 ὠσθέντες
1246 347 1458 402 ἐκράτουν

110 423 188 459 τοῦ
213 421 461 471 θησαυροῦ,
487 414 589 458 καθ’
620 416 672 458 ὃν
700 417 793 472 ι”ερὰ
819 413 874 470 ἣν
900 419 1116 471 χρήματα·
1148 416 1221 459 καὶ
1248 417 1456 471 διεκλάπη

73 500 90 524 ε’»
110 485 189 541 μὲν
214 488 354 530 πολλὰ
379 486 464 528 ὑπὸ
491 494 578 528 τῶν
606 494 897 542 στρατιωτῶν,
930 489 1126 541 Σαβῖνος
1158 485 1206 529 δὲ
1238 490 1457 542 περιεποί-

108 569 214 612 ησεν
247 559 307 608 εἰς
337 559 386 599 τὸ
418 558 612 612 φανερὸν
644 559 899 613 τετρακόσια
931 558 1133 600 τάλαντα.

198 628 342 682 <265>
369 624 611 678 Ἰουδαίους
643 626 682 669 δ’
720 627 867 670 ἐλύπει
900 626 979 683 μὲν
1011 630 1059 671 τὸ
1091 628 1237 679 πάθος
1268 636 1355 670 τῶν
1387 631 1457 684 φί-
1485 639 1504 669 3

107 703 198 741 λων
236 701 282 741 οἳ
317 697 364 740 ε”ν
402 699 505 753 τῇδε
544 700 700 740 ἔπεσον
738 705 788 754 τῇ
827 699 961 755 μάχῃ,
1001 698 1149 741 ἐλύπει
1182 697 1229 741 δὲ
1261 698 1333 741 καὶ
1371 706 1459 740 τῶν

108 768 406 824 ἀναθημάτων
444 769 469 823 ἡ
508 768 748 824 ἀφαίρεσις.
812 770 864 812 οὐ
903 770 990 824 μὴν
1029 768 1124 811 ἀλλ’
1166 769 1271 824 ὅπερ
1314 769 1458 811 αὐτῶν

55 853 89 878 10
110 839 315 895 ἐτύγχανε
344 838 728 894 συνεστραμμένον
760 839 831 882 καὶ
864 841 1183 895 μαχιμώτατον,
1214 841 1354 897 τούτῳ
1387 839 1459 894 ἐμ-

107 909 381 965 περιέχοντες
405 912 453 952 τὸ
481 912 705 964 βασίλειον
731 910 941 963 ἠπείλουν
967 916 1054 966 πῦρ
1078 909 1111 952 τ’
1139 909 1314 965 ἐνήσειν
1341 909 1457 967 αὐτῷ

108 980 179 1023 καὶ
210 981 374 1031 πάντας
411 987 599 1034 κτενεῖν,
638 982 888 1031 κελεύοντες
927 977 954 1035 ᾗ
994 981 1122 1036 τάχος
1154 979 1349 1035 ἀπιέναι,
1386 979 1459 1022 καὶ

107 1050 388 1107 πειθομένοις
430 1052 776 1106 ὑπισχνούμενοι
821 1052 993 1106 ἄδειαν,
1038 1050 1110 1093 καὶ
1149 1054 1330 1108 Σαβίνῳ
1376 1053 1460 1093 σὺν

108 1123 268 1172 αὐτοῖς.
331 1122 477 1177 <266>
509 1120 581 1163 καὶ
613 1129 700 1164 τῶν
732 1124 972 1176 βασιλικῶν
1004 1123 1052 1164 τὸ
1093 1125 1299 1164 πλεῖστον
1332 1122 1460 1176 ηὐτο-

27 1205 88 1236 .15
109 1195 305 1249 μόλησαν
335 1194 444 1246 πρὸς
476 1191 650 1242 αὐτούς·
689 1190 874 1245 Ῥοῦφος
913 1189 961 1233 δὲ
991 1190 1065 1233 καὶ
1098 1194 1265 1247 Γρᾶτος
1296 1204 1459 1247 τρισχι-

109 1266 232 1313 λιόυς
286 1264 335 1306 τὸ
392 1263 697 1317 μαχιμώτατον
753 1269 832 1304 τοῦ
882 1260 1088 1317 (Ηρώδου
1140 1263 1459 1318 στρατεύματος

110 1336 292 1390 ἔχοντες,
335 1334 501 1389 ἄνδρας
538 1340 629 1383 τοῖς
674 1333 842 1388 σώμασι
885 1333 1197 1388 δραστηρίους,
1235 1332 1460 1387 Ῥωμαίοις

110 1406 433 1458 προστίθενται.
495 1406 572 1446 καί
605 1419 644 1445 τι
682 1402 753 1445 καὶ
788 1403 966 1446 ἱππικὸν
997 1400 1053 1457 ἦν
1084 1404 1170 1445 ὑπὸ
1203 1409 1261 1460 τῷ
1288 1402 1458 1462 Ῥούφῳ

110 1474 395 1530 τεταγμένον,
451 1474 473 1516 ὃ
529 1473 602 1516 καὶ
658 1474 764 1516 αὐτὸ
820 1476 1052 1528 προσθήκη
1105 1481 1193 1516 τῶν
1236 1472 1460 1528 Ῥωμαίων

57 1559 91 1584 20
111 1547 316 1601 ἐγεγόνει.
382 1546 537 1600 <267>
576 1542 809 1594 Ἰουδαίοις
853 1543 894 1586 δ’
945 1544 1024 1586 οὐκ
1068 1543 1267 1599 ἠμελεῖτο
1312 1544 1338 1598 ἡ
1383 1559 1460 1587 πο-

111 1620 307 1672 λιορκία,
357 1616 466 1658 ἀλλὰ
515 1614 587 1657 καὶ
636 1615 687 1656 τὰ
737 1617 855 1670 τείχη
906 1617 1193 1669 μετήλλευον,
1248 1613 1319 1657 καὶ
1369 1623 1461 1666 τοῖς

111 1685 505 1743 μεταβαλλομένοις
548 1685 751 1728 ἐκέλευον
795 1686 852 1740 μὴ
899 1684 1178 1740 ἐμποδισταῖς
1223 1683 1337 1728 εἶναι
1381 1693 1459 1729 τοῦ

111 1756 451 1813 ἀποληψομένου
483 1759 626 1814 χρόνῳ
653 1762 882 1811 παροῦσαν
909 1755 1058 1806 αὐτοῖς
1090 1755 1349 1811 ἐλευθερίαν
1380 1758 1460 1811 τὴν

110 1830 307 1885 πάτριον.
370 1828 514 1881 <268>
547 1829 728 1884 Σαβίνῳ
767 1824 848 1881 μὲν
887 1823 968 1868 οὖν
1007 1826 1162 1868 εὐκτὸν
1199 1824 1255 1881 ἧν
1287 1826 1462 1869 ἀπιέναι

58 1911 91 1937 25
111 1901 216 1955 μετὰ
241 1907 329 1941 τῶν
356 1905 647 1953 στρατιωτῶν,
672 1898 894 1939 πιστεύειν
927 1893 966 1938 δ’
998 1897 1078 1952 οὐχ
1110 1890 1202 1946 οἷός
1231 1896 1267 1938 τ’
1300 1895 1354 1952 ἦν
1389 1900 1461 1940 διὰ

110 1971 163 2012 τὰ
193 1967 496 2025 πεπραγμένα,
537 1967 608 2009 καὶ
644 1968 693 2010 τὸ
731 1970 832 2009 λίαν
870 1969 1078 2022 ἄγνωμον
1115 1975 1202 2009 τῶν
1239 1971 1463 2022 πολεμίων

113 2039 178 2083 ἐπ’
214 2040 437 2096 ἀποτροπῇ
477 2045 554 2081 τοῦ
591 2037 972 2093 καταστησομένου
1014 2035 1146 2093 εἶχεν·
1191 2039 1278 2093 ἅμα
1311 2037 1358 2080 δὲ
1390 2041 1462 2081 καὶ

112 2113 189 2154 τὸν
215 2107 366 2165 ’ὃᾶρον
396 2109 517 2164 ἥξειν
548 2109 809 2164 προσδοκῶν
846 2107 1032 2163 ὑπέμενε
1070 2109 1151 2163 τὴν
1187 2112 1459 2165 πολιορκίαν.

201 2182 356 2236 <269>
405 2180 452 2222 ἐν
501 2180 640 2237 τούτῳ
693 2177 741 2221 δὲ
783 2178 855 2221 καὶ
899 2179 1022 2234 ἕτερα
1065 2181 1200 2234 μυρία
1247 2181 1460 2235 θορύβων
1486 2192 1509 2222 4

59 2264 95 2290 30
113 2252 297 2308 ἐχόμενα
336 2252 416 2306 τὴν
456 2246 675 2292 Ἰουδαίαν
718 2251 1036 2305 κατελάμβανε,
1080 2253 1256 2292 πολλῶν
1300 2254 1460 2292 πολλα-

206 2337 224 2375 g
247 2336 314 2368 265
336 2331 380 2367 cf.
402 2330 493 2366 Bell.
514 2330 592 2366 Iud.
613 2330 647 2364 Π
667 2334 698 2375 3,
719 2334 751 2366 4.
851 2335 870 2373 ἓ
891 2334 958 2365 269
980 2330 1024 2365 cf.
1046 2329 1138 2366 Bell.
1160 2329 1237 2365 Iud.
1259 2330 1291 2363 Π
1312 2334 1343 2373 4,
1368 2335 1397 2365 1.
