1732 2526
86 820 118 843 10

36 1168 115 1193 ·15

611 65 1017 98 OKTszKAIAEKATH
1404 65 1423 104 1
1432 64 1487 105 95

142 171 291 226 μένοις
333 170 404 214 καὶ
448 173 621 226 ἄμυναν
658 178 745 213 τῶν
784 170 1034 225 ἀλλαχόθεν
1074 169 1216 214 ποθὲν
1253 176 1489 226 πολεμίων,

142 243 314 296 σφαγὰς
354 240 402 283 δὲ
443 249 531 284 τῶν
571 243 790 295 ποιμνίων
831 241 1107 283 ἀπειθοῦσιν.
1170 243 1314 295 <317>
1357 246 1402 285 οἳ
1440 243 1492 285 δέ

141 312 215 368 (οὐ
256 313 338 366 γὰρ
380 310 436 366 ἦν
473 312 597 365 ἕτερα
637 309 737 365 παρ’
775 311 884 352 αὐτὰ
923 310 1086 365 ποιεῖν)
1127 312 1372 366 ἠκροῶντο,
1416 313 1488 354 καὶ

140 390 227 424 τῶν
258 382 491 437 προβάτων
524 384 728 424 ἔστελλον
769 381 910 423 ὁπόσα
942 384 1235 423 κελευσθεῖεν.
1291 384 1398 424 ὥστε
1432 384 1487 437 δὴ

141 452 214 494 καὶ
238 454 401 495 πλείων
427 452 576 502 αὐτοῖς
602 451 858 505 συνελέγετο
888 453 1025 507 ἰσχύς,
1050 453 1200 504 κύριοί
1221 450 1255 493 τ’
1282 450 1394 506 ἦσαν
1415 452 1481 507 ἐφ’

141 517 206 572 οἷς
236 524 525 577 βουλεύσειαν
564 522 611 564 ἐκ
649 529 726 564 τοῦ
765 522 885 572 ὀξέος
923 522 1180 571 ἐλαύνοντες
1211 531 1488 577 κακουργεῖν,

139 594 404 648 θεραπεύειν
434 589 468 634 τ’
499 593 660 641 αὐτοὺς
690 589 820 646 ἦρκτο
850 599 933 642 πᾶς
962 593 985 634 ὁ
1014 593 1382 648 προστυγχάνων,
1416 592 1488 634 καὶ

140 661 251 717 ἦσαν
282 661 468 717 φοβεροὶ
499 661 572 705 καὶ
598 670 688 712 τοῖς
712 661 1061 717 πειρασομένοις·
1106 661 1204 704 ὥστ’
1236 664 1320 716 ἤδη
1353 663 1488 717 πρού-

138 748 267 776 κοπτε
300 735 430 787 λόγος
460 732 559 786 περὶ
591 733 738 775 αὐτῶν
776 732 880 774 κάπὶ
917 740 996 775 τοῦ
1030 733 1229 786 Πάρθων
1262 733 1487 788 βασιλέως.

229 805 385 858 <318>
436 804 459 846 ὁ
510 802 558 845 δὲ
608 810 683 857 τῆς
726 806 1016 858 Βαβυλωνίας
1066 804 1286 858 σατράπης
1328 804 1486 858 μαθὼν

137 881 294 929 ταῦτα,
335 873 407 916 καὶ
445 873 683 928 βουληθεὶς
723 874 1047 928 ἐπιφυομένους
1085 877 1279 916 κωλῦσαι
1309 877 1414 927 πρίν
1446 891 1488 916 τι

137 947 284 999 μεῖζον
321 946 456 986 κακὸν
497 945 538 994 ἐξ
572 944 717 986 αὐτῶν
755 944 1017 998 ἀναστῆναι,
1059 944 1267 994 συλλέξας
1300 947 1486 998 στρατὸν

137 1015 243 1057 ὅσον
282 1015 469 1057 ἐδύνατο
508 1018 715 1057 πλεῖστον
752 1013 823 1056 καὶ
856 1017 1134 1069 Παρθυαίων
1172 1013 1244 1056 καὶ
1280 1022 1369 1056 τῶν
1399 1018 1486 1056 Βα-

135 1078 370 1139 βυλωνίων
410 1087 543 1139 ἤλασε
588 1087 695 1139 πρὸς
736 1084 915 1137 αὐτούς,
958 1089 1129 1139 φθῆναι
1166 1084 1315 1126 θέλων
1352 1097 1485 1139 προσ-

135 1156 284 1210 βαλὼν
317 1155 516 1208 [ἐξελεῖν]
549 1154 656 1208 πρὶν
687 1154 942 1208 ἐξαγγελτὸς
979 1153 1188 1208 γενέσθαι
1220 1156 1484 1196 κατασκευά-

137 1227 220 1276 ζων
262 1227 340 1268 τὸν
384 1227 582 1279 στρατόν.
659 1226 814 1279 <319>
858 1227 1146 1280 περικαθίσας
1197 1223 1244 1266 δὲ
1288 1226 1336 1266 τὸ
1387 1225 1484 1275 ἕλος

136 1295 368 1351 ἡσύχαζεν,
408 1295 480 1337 καὶ
521 1296 628 1337 κατὰ
669 1296 748 1349 τὴν
790 1295 1000 1338 ἐπιοῦσαν
1043 1293 1116 1349 (ἦν
1158 1293 1206 1337 δὲ
1244 1295 1483 1350 σάββατον,

134 1366 287 1420 ἀργίας
318 1369 480 1415 παντὸς
512 1367 729 1421 χρήματος
749 1365 982 1416 Ἰουδαίοις
1010 1364 1168 1422 ἡμέρα)
1202 1368 1403 1420 οἰόμενος
1429 1367 1482 1408 οὐ

134 1438 368 1490 τολμήσειν
412 1437 742 1491 ἀντιστατήσειν
787 1437 903 1493 αὐτῷ
941 1439 1044 1486 τοὺς
1081 1439 1338 1491 πολεμίους,
1382 1435 1474 1478 ἀλλ’

81 1520 95 1543 2
135 1505 288 1562 ἀμαχεὶ
321 1508 469 1562 λαβὼν
500 1506 620 1557 ἄξειν
653 1506 933 1561 δεδεμένους,
973 1508 1080 1549 κατὰ
1112 1509 1252 1563 βραχὺ
1284 1506 1481 1562 προσῄει,

134 1575 304 1632 χρῄζων
347 1578 574 1632 αἰφνίδιον
618 1582 844 1619 ποιεῖσθαι
887 1578 966 1631 τὴν
1011 1577 1262 1619 ἐπίπτωσιν.
1324 1578 1479 1630 <320>

128 1645 347 1696 Ἀσιναῖος
379 1646 430 1688 δέ
459 1647 685 1703 (ἐτύγχανε
718 1648 800 1703 γὰρ
834 1650 916 1689 σὺν
954 1655 1045 1697 τοῖς
1083 1647 1270 1702 ἑταίροις
1299 1650 1480 1698 καθεζό-

133 1733 283 1772 μενος,
324 1716 396 1759 καὶ
433 1718 484 1758 τὰ
523 1717 634 1758 ὅπλα
671 1714 887 1772 παρέκειτ’
925 1717 1092 1774 αὐτοῖς)
1127 1718 1333 1773 “ἄνδρες’,
1370 1721 1484 1772 φησί

133 1788 429 1842 (χρεμετισμός
456 1803 529 1841 μοι
549 1788 694 1829 ἵππων
713 1787 998 1841 προσέπεσεν,
1025 1788 1077 1830 οὐ
1096 1789 1353 1843 φορβάδων,
1379 1787 1475 1830 ἀλλ’

99 1869 110 1883 ’“
133 1852 225 1907 οἷος
255 1857 413 1911 γένοιτ’
443 1857 498 1898 ἂν
531 1857 707 1911 ἀνδρῶν
740 1858 888 1907 αὐτοῖς
920 1857 1256 1913 ἐπιβεβηκότων,
1289 1859 1380 1901 ἐπεὶ
1405 1861 1483 1901 καί

132 1944 250 1978 τινος
299 1927 603 1981 ἀνακρούσεως
652 1928 920 1982 αἰσθάνομαι
969 1932 1172 1982 χαλινῶν.
1245 1928 1368 1970 δέδια
1418 1931 1476 1983 μὴ

133 1999 372 2051 λελήθασιν
420 1997 527 2051 ἡμᾶς
570 1998 615 2039 οἱ
654 1998 854 2052 πολέμιοι
897 1999 1185 2052 περιστάντες.
1261 1999 1370 2041 ἀλλά
1413 2016 1478 2049 τις

131 2071 295 2123 προίτω
328 2070 560 2122 κατόπτης,
600 2067 867 2122 ἀπαγγελίαν
898 2069 1003 2123 ἡμῖν
1036 2076 1152 2124 σαφῆ
1186 2077 1272 2111 τῶν
1305 2069 1478 2124 ἐνεστη-

132 2140 273 2181 κότων
303 2140 606 2193 ποιησόμενος.
669 2142 734 2192 εἴη
768 2137 806 2180 δ’
846 2138 915 2180 ε’πὶ
946 2139 1128 2189 ψευδέσι
1165 2157 1239 2194 μοι
1272 2139 1477 2195 λελέχθαι

78 2206 113 2245 30
133 2210 183 2250 τὰ
211 2208 443 2265 εἰρημένα.’
500 2209 645 2262 <321>
676 2207 748 2250 καὶ
780 2209 803 2250 ὃ
836 2207 916 2263 μὲν
948 2208 1042 2251 τάδ’
1072 2207 1181 2265 εἷπε,
1212 2210 1285 2252 καὶ
1309 2210 1476 2267 ᾤχοντό

1165 2276 1181 2283 Α,

133 2295 248 2329 τινες
272 2285 624 2335 προσκοποῦντες
648 2280 696 2321 τὸ
723 2282 1000 2335 γιγνόμενον.
1058 2279 1129 2323 καὶ
1155 2284 1183 2336 ᾑ
1215 2281 1342 2336 τάχος
1368 2295 1476 2335 παρ-

1193 2350 1263 2382 13*

1512 815 1532 845 2
