1732 2526
234 104 288 146 88
724 103 1089 137 ΑΡΧΑΙΟΛΟΓΙΑΣ

234 213 411 268 ἐχθροῖς
456 209 512 253 δι’
561 215 710 254 οἴκτου
751 217 1030 265 καταστῆναι,
1067 211 1263 266 φανερὸν
1304 206 1344 251 δ’
1386 210 1471 264 ἤδη
1509 207 1582 251 καὶ

226 283 435 339 ἹῑΙρώδην
474 279 587 324 εἶναι
625 283 932 336 καμπτόμενόν
970 298 1011 323 τι
1048 287 1098 336 τῇ
1137 281 1306 335 γνώμῃ,
1336 282 1490 336 καίπερ
1523 271 1586 335 μὴ’

234 355 508 408 βουλόμενον
553 354 741 407 ἔκδηλον
779 350 935 409 εἶναι),
972 353 1196 402 Νικόλαος
1239 350 1480 406 ἀρξάμενος
1517 345 1584 401 οἷς

233 423 278 466 θ’
321 425 344 467 ὁ
376 426 582 480 βασιλεὺς
624 422 863 479 κατήρξατο
907 424 1054 477 λόγοις
1091 425 1346 476 παλιλλογεῖ
1377 424 1584 476 μειζόνως

235 495 461 549 ἐκδεινῶν,
492 493 564 537 καὶ
597 492 720 537 ὁπόσ’
759 494 806 536 ἐκ
837 494 1046 548 βασάνων
1078 494 1104 548 ἢ
1137 500 1391 549 μαρτυριῶν
1420 499 1583 547 συνῆγε

234 568 314 621 τὴν
347 566 571 617 ἀπόδειξιν
603 572 682 608 τοῦ
715 564 996 620 ἐγκλήματος,
1028 565 1172 619 <107>
1204 564 1390 619 μάλιστα
1423 562 1473 605 δὲ
1503 564 1583 617 τὴν

235 637 394 692 ἀρετὴν
437 636 506 679 ἐπὶ
546 638 660 678 πολὺ
704 635 896 690 ἐξηγεῖτο
937 642 1015 678 τοῦ
1059 634 1287 690 βασιλέως,
1326 631 1366 690 ἧ
1395 637 1501 690 περί
1539 650 1585 676 τε

234 709 399 763 τροφὰς
431 707 503 750 καὶ
541 708 816 762 παιδεύματα
856 707 1129 762 χρησάμενος
1167 713 1254 748 τῶν
1286 704 1420 748 υἱέων
1453 705 1584 748 οὐδα-

235 780 378 833 μόθεν
409 779 581 834 εὕροιτο
615 778 887 833 ὀνησιφόρον
926 777 1079 831 αὐτήν,
1115 779 1384 833 περιπταίων
1422 775 1586 832 ἑτέροις

238 848 306 904 ἐφ’
359 848 530 903 ἑτέρων.
593 848 738 903 <108>
784 851 925 891 καίτοι
969 845 1009 902 γ’
1059 848 1139 904 οὐχ
1183 848 1297 890 οὕτω
1342 847 1586 903 θαυμάζειν

235 927 323 962 τῶν
355 919 584 975 προτέρων
609 921 690 974 τὴν
717 918 952 974 ἀβουλίαν·
979 917 1223 974 νεωτέρους
1248 920 1331 975 γὰρ
1357 917 1430 961 καὶ
1457 919 1586 975 κακίᾳ

236 991 502 1045 συμβούλων
541 988 897 1045 διεφθαρμένους
937 989 1174 1040 ἀπαλεῖψαι
1212 990 1264 1031 τὰ
1301 995 1376 1043 τῆς
1413 990 1588 1042 φύσεως

237 1062 523 1116 δικαιώματα,
550 1059 684 1115 ἀρχῆς
707 1065 875 1101 θᾶττον
900 1059 927 1114 ἦ
953 1065 1064 1115 χρῆν
1090 1065 1427 1114 μεταποιεῖσθαι
1453 1072 1587 1102 σπου-

1607 857 1639 881 10

237 1132 472 1181 δάσαντας·
505 1131 650 1185 (109)
677 1129 964 1186 Ἀντιπάτρου
998 1128 1038 1171 δ’
1075 1129 1130 1172 ἂν
1162 1131 1341 1180 δικαίως
1378 1131 1458 1185 τὴν
1490 1147 1587 1185 μια-
1620 1135 1624 1137 ’

239 1205 339 1258 ρίαν
371 1205 713 1257 καταπλαγῆναι,
755 1202 811 1256 μὴ
851 1203 991 1256 μόνον
1030 1201 1115 1243 ὑπὸ
1154 1208 1233 1243 τοῦ
1274 1203 1436 1256 πατρὸς
1467 1202 1587 1257 εὐερ-

238 1272 479 1328 γετηθέντα
525 1273 602 1314 τὸν
647 1273 859 1326 λογισμὸν
905 1272 1049 1326 ὥσπερ
1093 1272 1144 1313 τὰ
1190 1272 1458 1326 ἰοβολώτατα
1501 1279 1589 1314 τῶν

239 1343 430 1398 ἑρπετῶν
475 1345 532 1398 μὴ
578 1342 894 1398 μαλαχθέντος,
937 1345 1078 1385 καίτοι
1122 1358 1171 1396 γε
1209 1342 1427 1392 κάκείνοις
1470 1345 1590 1393 τινὸς

239 1412 553 1470 ἐγγιγνομένης
572 1415 783 1468 μαλακίας
808 1420 886 1455 τοῦ
907 1413 1076 1455 ἀδικεῖν
1097 1415 1199 1462 τοὺς
1218 1412 1459 1468 εὐεργέτας,
1479 1413 1590 1455 ἀλλὰ

239 1484 349 1541 μηδὲ
391 1486 467 1535 τὰς
509 1486 641 1540 τύχας
683 1492 772 1526 τῶν
816 1484 1021 1539 ἀδελφῶν
1065 1486 1174 1539 πρὸς
1216 1485 1265 1526 τὸ
1305 1484 1358 1526 οὐ
1399 1485 1590 1539 μιμητὴν

240 1557 385 1599 αὐτῶν
422 1561 686 1610 καταστῆναι
724 1562 798 1609 τῆς
836 1556 1056 1610 ὠμότητος
1094 1554 1299 1609 ἐμποδὼν
1338 1556 1588 1609 στήσαντος.

241 1628 386 1682 <110>
413 1627 578 1669 “καίτοι
609 1625 671 1681 γ’,
697 1623 730 1667 ὦ
754 1625 1021 1681 Ἀντίπατρε,
1046 1633 1134 1667 τῶν
1160 1624 1366 1680 ἀδελφῶν
1397 1627 1591 1681 μηνυτής

240 1696 285 1740 θ’
318 1695 379 1740 ὧν
406 1700 669 1752 τολμήσειαν
696 1696 825 1746 αὐτὸς
850 1694 901 1751 ἧς
926 1695 998 1738 καὶ
1024 1696 1260 1752 ἐρευνητὴς
1285 1703 1372 1738 τῶν
1399 1695 1589 1752 ἐλέγχων

240 1768 313 1810 καὶ
344 1770 558 1823 κολαστὴς
588 1766 935 1823 πεφωραμένων,
972 1765 1046 1809 καὶ
1090 1767 1143 1808 οὐ
1181 1773 1261 1809 τοῦ
1299 1765 1362 1808 ἐπ’
1407 1767 1590 1817 ἐκείνοις

241 1840 512 1894 ἐγκαλοῦμεν
550 1843 681 1896 θυμῷ
721 1843 914 1894 χρῆσθαι
950 1839 1008 1893 μὴ
1043 1837 1330 1892 ἐλλείποντος,
1370 1837 1479 1879 ἀλλὰ
1511 1844 1590 1880 τοῦ

241 1915 471 1965 μιμεῖσθαι
511 1911 590 1964 τὴν
636 1908 866 1962 ἀσέλγειαν
910 1908 1055 1950 αὐτῶν
1097 1908 1431 1957 σπουδάσαντος
1468 1907 1589 1950 ἐκπε-

239 1984 490 2036 πλήγμεθα,
521 1980 798 2035 εὑρίσκοντες
827 1978 1008 2021 κάκεῖνά
1049 1991 1118 2021 σοι
1160 1980 1240 2021 οὐκ
1272 1977 1338 2021 ἐπ’
1374 1978 1591 2036 ἀσφαλείᾳ

242 2059 320 2094 τοῦ
345 2053 507 2107 πατρὸς
534 2049 627 2093 ἀλλ’
658 2048 723 2093 ἐπ’
754 2049 927 2107 ὀλέθρῳ
953 2058 1041 2092 τῶν
1067 2049 1273 2105 ἀδελφῶν
1292 2048 1590 2105 πεπραγμένα,

242 2123 358 2173 ’ὅπως
401 2125 695 2178 μισοπονηρία
738 2128 789 2177 τῇ
833 2119 926 2163 κατ’
977 2121 1123 2162 αὐτῶν
1172 2121 1427 2176 φιλοπάτωρ
1478 2118 1591 2163 εἶναι

240 2192 581 2248 πεπιστευμένος
614 2191 875 2247 ἀδεεστέραν
908 2190 972 2233 ἐπ’
1011 2191 1127 2248 αὐτῷ
1158 2199 1422 2246 κακουργεῖν
1453 2205 1590 2244 παρα-

1609 1211 1642 1237 15

1609 1566 1643 1591 20

1610 1919 1643 1945 ‘25

242 2265 392 2319 λάβοις
437 2264 640 2318 δύναμιν.
704 2263 726 2304 ὃ
772 2264 826 2317 δὴ
870 2261 944 2304 καὶ
981 2270 1072 2312 τοῖς
1110 2263 1255 2317 ἔργοις
1297 2261 1643 2317 παρέστησας“30

240 2335 387 2389 <111>
432 2335 519 2389 ἅμα
564 2334 645 2388 γὰρ
690 2331 762 2375 καὶ
798 2334 900 2382 τοὺς
932 2332 1152 2388 ἀδελφοὺς
1188 2330 1365 2388 ἀνῄρεις
1403 2331 1476 2387 ἐφ’
1523 2326 1590 2382 οἷς
