1732 2526
161 1568 203 1598 3?

220 44 307 85 344
780 43 1009 77 ΙΩΣΗΠΟΤ

220 153 395 205 συνήθη
433 150 580 204 πάλαι,
617 150 776 206 γράφει
814 152 922 206 πρὸς
959 157 1116 193 τοῦτον
1154 151 1229 200 τὰς
1259 148 1359 192 καθ’
1404 149 1562 194 ἑαυτὸν

220 222 350 276 τύχας
393 219 699 274 ἀπαγγέλλων,
743 220 815 263 καὶ
863 225 1127 276 παρακαλῶν
1170 222 1222 262 τὰ
1270 219 1370 276 παρ’
1426 221 1562 264 αὐτοῦ

219 290 480 345 πεμφθέντα
512 291 741 345 γράμματα
773 293 881 344 πρὸς
911 293 1014 341 τοὺς
1052 289 1256 345 βασιλέας
1297 290 1559 334 ἀποστεῖλαι.

219 362 376 416 <181>
420 359 491 403 καὶ
533 363 708 411 Μόδιος
752 362 985 416 δεξάμενος
1033 363 1108 411 τὰς
1157 360 1385 411 ἐπιστολὰς
1430 361 1559 418 ἐχάρη

222 433 413 487 σφόδρα,
452 433 667 483 σώζεσθαι
706 434 782 474 τὸν
825 435 1046 474 Φίλιππον
1085 431 1126 481 ἐξ
1161 431 1306 474 αὐτῶν
1343 431 1561 487 ἐπιγνούς,

219 502 290 544 καὶ
327 504 435 556 πρὸς
479 503 580 552 τοὺς
623 502 827 557 βασιλέας
865 504 1026 557 ἔπεμψε
1075 502 1127 543 τὰ
1171 502 1421 556 γράμματα,
1463 501 1562 557 περὶ

220 574 422 627 Βηρυτὸν
461 573 598 621 ὄντας.
660 572 802 626 <182>
841 572 862 614 ὁ
903 570 950 614 δὲ
992 574 1196 626 βασιλεὺς
1229 571 1464 627 Ἀγρίππας
1505 573 1564 622 ὡς

220 644 331 696 ἔγνω
364 643 505 696 ψευδῆ
538 643 618 696 τὴν
649 641 747 697 περὶ
777 645 1000 684 Φιλίππου
1026 645 1177 697 φήμην
1202 640 1444 697 γενομένην
1471 642 1562 699 (λό-

219 728 294 766 γος
338 713 419 768 γὰρ
466 713 651 766 διῆλθεν
694 713 751 762 ὡς
795 715 1055 768 στρατηγοίη
1101 720 1187 754 τῶν
1221 712 1451 754 Ἰουδαίων
1493 711 1562 754 ἐπὶ

218 784 295 824 τὸν
338 784 447 836 πρὸς
483 781 721 836 Ῥωμαίους
762 781 996 838 πόλεμον),
1039 785 1230 837 ἔπεμψεν
1277 783 1418 832 ἱππεῖς
1461 785 1562 832 τοὺς

218 851 587 907 παραπέμψοντας
617 854 694 894 τὸν
738 855 972 895 Φίλιππον.
1034 853 1178 907 <183>
1211 851 1283 895 καὶ
1320 854 1563 907 παραγενό-

219 938 353 977 μενον
385 923 620 973 ἀσπάζεταί
647 938 691 964 τε
717 925 1013 978 φιλοφρόνως,
1039 931 1130 973 τοῖς
1155 939 1199 965 τε
1213 922 1436 977 Ῥωμαίων
1465 922 1564 976 ἡγε-

1583 797 1616 822 10

219 995 348 1047 μόσιν
387 993 666 1035 ἐπεδείκνυεν
711 994 776 1035 ὅτι
815 995 868 1048 δὴ
915 996 1130 1043 Φίλιππος
1173 991 1300 1043 οὗτός
1338 993 1428 1035 ε’στι
1464 992 1564 1047 περὶ
1598 1046 1601 1047 ⁷

219 1060 272 1104 οὗ
305 1062 467 1119 διεξῄει
498 1065 628 1117 λόγος
660 1064 717 1113 ὡς
741 1062 964 1118 Ῥωμαίων
998 1063 1278 1114 ἀποστάντος.
1322 1065 1489 1106 κελεύει
1516 1060 1558 1105 δ’

219 1134 353 1176 αὐτὸν
388 1134 529 1183 ἱππεῖς
560 1150 682 1183 τινας
715 1133 991 1188 ἀναλαβόντα
1022 1139 1187 1176 θᾶττον
1221 1135 1282 1183 εἰς
1308 1135 1488 1189 Γάμαλα
1513 1135 1562 1177 τὸ

218 1205 435 1259 φρούριον
461 1209 751 1260 πορευθῆναι,
778 1206 882 1254 τοὺς
908 1206 1097 1254 οἰκείους
1122 1205 1238 1261 αὐτῷ
1265 1205 1430 1254 πάντας
1456 1204 1563 1246 ε’κεῖ-

219 1278 303 1315 θεν
343 1273 546 1324 ἐξάξοντα
583 1273 656 1315 καὶ
693 1276 795 1323 τοὺς
838 1277 1155 1329 Βαβυλωνίους
1199 1276 1259 1324 εἰς
1303 1275 1382 1328 τὴν
1423 1277 1563 1316 Βατα-

217 1347 347 1385 ναίαν
379 1344 511 1386 πάλιν
544 1343 969 1398 ἀποκαταστήσοντα.
1031 1345 1176 1398 <184>
1208 1346 1471 1399 παρήγγειλε
1515 1343 1563 1386 δὲ

218 1413 290 1455 καὶ
322 1420 467 1456 πᾶσαν
491 1417 761 1468 ποιήσασθαι
787 1416 1002 1468 πρόνοιαν
1028 1412 1138 1470 ὑπὲρ
1165 1422 1243 1457 τοῦ
1269 1416 1326 1469 μὴ
1354 1415 1563 1469 γενέσθαι

217 1486 314 1526 τινὰ
346 1487 639 1540 νεωτερισμὸν
669 1486 784 1538 παρὰ
816 1492 904 1527 τῶν
935 1485 1153 1539 ὑπηκόων.

308 1556 452 1609 <185>
486 1558 703 1605 Φίλιππος
734 1553 814 1609 μὲν
847 1552 944 1608 οὖν,
969 1561 1104 1597 ταῦτα
1129 1561 1208 1597 τοῦ
1233 1555 1446 1610 βασιλέως
1473 1555 1561 1597 ε’πι-

219 1629 482 1680 στείλαντος,
514 1626 696 1667 ἔσπευδε
737 1627 933 1679 ποιήσων
971 1625 997 1667 ἃ
1035 1625 1314 1681 προσέταξεν·
1356 1626 1562 1680 Ἰώσηπος

218 1694 257 1738 δ’
303 1697 324 1738 ὁ
365 1702 440 1750 τῆς
482 1698 677 1751 ἰατρίνης
716 1698 908 1745 πολλοὺς
946 1699 1204 1746 νεανίσκους
1241 1700 1425 1751 θρασεῖς
1456 1711 1561 1750 προ-

217 1767 487 1820 τρεψάμενος
519 1767 636 1823 αὑτςῖ)
669 1766 963 1820 συνάρασθαι,
1001 1765 1073 1807 καὶ
1116 1765 1358 1816 ἐπαναστὰς
1389 1774 1480 1816 τοῖς
1513 1767 1560 1808 ἐν

219 1837 400 1891 Γάμαλα
425 1837 627 1891 πρώτοις,
654 1838 830 1878 ἔπειθεν
857 1837 1015 1885 αὐτοὺς
1035 1836 1307 1890 ἀφίστασθαι
1333 1843 1411 1879 τοῦ
1436 1840 1559 1892 βασι-

218 1906 325 1956 λέως
356 1906 427 1948 καὶ
460 1906 696 1960 ἀναλαβεῖν
722 1908 773 1948 τὰ
800 1907 927 1960 ὅπλα,
953 1907 1010 1956 ὡς
1037 1907 1110 1948 διὰ
1135 1907 1304 1948 τούτων
1335 1908 1414 1962 τὴν
1440 1906 1559 1949 ἐλευ-

220 1979 378 2032 θερίαν
406 1975 780 2031 ἀποληψομένους.
836 1975 908 2018 καὶ
935 1977 1058 2027 τινας
1083 1974 1163 2031 μὲν
1191 1976 1438 2031 ἐβιάσαντο,
1458 1980 1560 2028 τοὺς

219 2045 266 2089 δὲ
300 2048 356 2102 μὴ
391 2046 799 2102 συναρεσκομένους
831 2047 976 2088 αὐτῶν
1007 2055 1099 2097 ταῖς
1123 2048 1318 2101 γνώμαις
1350 2046 1559 2102 ἀνῄρουν.

217 2118 363 2171 <186>
396 2119 614 2159 κτείνουσι
648 2115 695 2158 δὲ
727 2116 799 2159 καὶ
832 2118 1022 2172 Χάρητα,
1055 2117 1126 2159 καὶ
1159 2116 1248 2171 μετ’
1295 2118 1430 2160 αὐτοῦ
1462 2134 1559 2160 τινα

1583 1148 1616 1174 15

1582 1497 1615 1522 20

1580 1850 1614 1876 25

217 2196 305 2230 τῶν
339 2195 566 2241 συγγενῶν
594 2185 781 2241 Ἰησοῦν,
815 2187 886 2229 καὶ
914 2187 1110 2229 Ἰούστου
1144 2186 1191 2229 δὲ
1223 2194 1301 2230 τοῦ
1328 2188 1559 2243 Τιβεριέως
1577 2200 1613 2226 30

218 2259 414 2313 ἀδελφὸν
455 2258 652 2311 ἀνεῖλον,
689 2259 838 2308 καθὼς
878 2260 956 2313 ἤδη
998 2261 1276 2314 προείπομεν.
1338 2259 1558 2314 γράφουσι
