<?xml version="1.0" encoding="UTF-8"?>
<!DOCTYPE html PUBLIC "-//W3C//DTD XHTML 1.0 Transitional//EN"
    "http://www.w3.org/TR/xhtml1/DTD/xhtml1-transitional.dtd">
<html xmlns="http://www.w3.org/1999/xhtml" xml:lang="en" lang="en">
 <head>
  <title>
</title>
<meta http-equiv="Content-Type" content="text/html;charset=utf-8" />
  <meta name='ocr-system' content='tesseract 3.04.00' />
  <meta name='ocr-capabilities' content='ocr_page ocr_carea ocr_par ocr_line ocrx_word'/>
</head>
<body>
  <div class='ocr_page' id='page_1' title='image "./flaviiiosephiope04joseuoft_0116.png"; bbox 0 0 1732 2526; ppageno 0'>
   <div class='ocr_carea' id='block_1_1' title="bbox 255 85 1108 125">
    <p class='ocr_par' dir='ltr' id='par_1_1' title="bbox 255 85 1108 125">
     <span class='ocr_line' id='line_1_1' title="bbox 255 85 1108 125; baseline 0.002 -9"><span class='ocrx_word' id='word_1_1' title='bbox 255 85 312 125; x_wconf 75' lang='lat'><em>64</em></span> <span class='ocrx_word' id='word_1_2' title='bbox 745 86 1108 120; x_wconf 80' lang='grc' dir='ltr'><em>ΑΡΧΑΙοΛοΓΙΑΣ</em></span> 
     </span>
    </p>
   </div>
   <div class='ocr_carea' id='block_1_2' title="bbox 247 188 1608 1099">
    <p class='ocr_par' dir='ltr' id='par_1_2' title="bbox 247 188 1608 1099">
     <span class='ocr_line' id='line_1_2' title="bbox 249 188 1598 250; baseline 0.002 -16"><span class='ocrx_word' id='word_1_3' title='bbox 249 192 415 242; x_wconf 80' lang='grc' dir='ltr'><em>ἐκεῖνος</em></span> <span class='ocrx_word' id='word_1_4' title='bbox 445 199 570 246; x_wconf 90' lang='grc' dir='ltr'><em>νοῦς,</em></span> <span class='ocrx_word' id='word_1_5' title='bbox 605 188 638 250; x_wconf 73' lang='grc' dir='ltr'><em>ᾧ</em></span> <span class='ocrx_word' id='word_1_6' title='bbox 671 194 811 235; x_wconf 82' lang='grc' dir='ltr'><em>πολλὰ</em></span> <span class='ocrx_word' id='word_1_7' title='bbox 843 192 915 235; x_wconf 84' lang='grc' dir='ltr'><em>καὶ</em></span> <span class='ocrx_word' id='word_1_8' title='bbox 946 193 1113 248; x_wconf 88' lang='grc' dir='ltr'><em>μεγάλα</em></span> <span class='ocrx_word' id='word_1_9' title='bbox 1144 193 1421 249; x_wconf 84' lang='grc' dir='ltr'><em>κατώρθους;</em></span> <span class='ocrx_word' id='word_1_10' title='bbox 1462 196 1526 244; x_wconf 89' lang='grc' dir='ltr'><em>τίς</em></span> <span class='ocrx_word' id='word_1_11' title='bbox 1558 192 1598 237; x_wconf 87' lang='grc' dir='ltr'><em>δ’</em></span> 
     </span>
     <span class='ocr_line' id='line_1_3' title="bbox 247 263 1601 320; baseline 0.001 -15"><span class='ocrx_word' id='word_1_12' title='bbox 247 264 274 317; x_wconf 79' lang='grc' dir='ltr'>ἡ</span> <span class='ocrx_word' id='word_1_13' title='bbox 312 271 401 305; x_wconf 89' lang='grc' dir='ltr'><em>τῶν</em></span> <span class='ocrx_word' id='word_1_14' title='bbox 438 266 583 318; x_wconf 83' lang='grc' dir='ltr'><em>φίλων</em></span> <span class='ocrx_word' id='word_1_15' title='bbox 614 263 686 306; x_wconf 87' lang='grc' dir='ltr'><em>καὶ</em></span> <span class='ocrx_word' id='word_1_16' title='bbox 725 271 953 318; x_wconf 81' lang='grc' dir='ltr'><em>συγγενῶν</em></span> <span class='ocrx_word' id='word_1_17' title='bbox 991 263 1166 319; x_wconf 84' lang='grc' dir='ltr'><em>ε’ρήμιά;</em></span> <span class='ocrx_word' id='word_1_18' title='bbox 1211 265 1356 317; x_wconf 82' lang='lat'>&lt;381&gt;</span> <span class='ocrx_word' id='word_1_19' title='bbox 1389 266 1526 320; x_wconf 88' lang='grc' dir='ltr'><em>κρίνω</em></span> <span class='ocrx_word' id='word_1_20' title='bbox 1559 263 1601 307; x_wconf 86' lang='grc' dir='ltr'><em>δ’·</em></span> 
     </span>
     <span class='ocr_line' id='line_1_4' title="bbox 249 332 1608 389; baseline 0.001 -13"><span class='ocrx_word' id='word_1_21' title='bbox 249 332 354 376; x_wconf 76' lang='grc' dir='ltr'><em>οὐδὲ</em></span> <span class='ocrx_word' id='word_1_22' title='bbox 391 336 614 388; x_wconf 78' lang='grc' dir='ltr'><em>παρόντας</em></span> <span class='ocrx_word' id='word_1_23' title='bbox 651 335 811 384; x_wconf 86' lang='grc' dir='ltr'><em>αὐτοὺς</em></span> <span class='ocrx_word' id='word_1_24' title='bbox 848 332 961 376; x_wconf 78' lang='grc' dir='ltr'><em>εἶναι</em></span> <span class='ocrx_word' id='word_1_25' title='bbox 1003 342 1231 389; x_wconf 78' lang='grc' dir='ltr'><em>συγγενεῖς</em></span> <span class='ocrx_word' id='word_1_26' title='bbox 1268 334 1294 389; x_wconf 74' lang='grc' dir='ltr'>ἢ</span> <span class='ocrx_word' id='word_1_27' title='bbox 1337 336 1517 389; x_wconf 85' lang='grc' dir='ltr'><em>φίλους,</em></span> <span class='ocrx_word' id='word_1_28' title='bbox 1561 337 1608 377; x_wconf 82' lang='grc' dir='ltr'><em>οἳ</em></span> 
     </span>
     <span class='ocr_line' id='line_1_5' title="bbox 247 403 1604 462; baseline 0.001 -16"><span class='ocrx_word' id='word_1_29' title='bbox 247 413 487 460; x_wconf 73' lang='grc' dir='ltr'><em>περιορῶσι</em></span> <span class='ocrx_word' id='word_1_30' title='bbox 524 413 727 448; x_wconf 86' lang='grc' dir='ltr'><em>τοιοῦτον</em></span> <span class='ocrx_word' id='word_1_31' title='bbox 765 407 903 460; x_wconf 89' lang='grc' dir='ltr'><em>μύσος</em></span> <span class='ocrx_word' id='word_1_32' title='bbox 942 404 1010 447; x_wconf 84' lang='grc' dir='ltr'><em>ἐπὶ</em></span> <span class='ocrx_word' id='word_1_33' title='bbox 1047 412 1099 460; x_wconf 79' lang='grc' dir='ltr'><em>τῇ</em></span> <span class='ocrx_word' id='word_1_34' title='bbox 1138 404 1459 462; x_wconf 79' lang='grc' dir='ltr'><em>μακαριζομένῃ</em></span> <span class='ocrx_word' id='word_1_35' title='bbox 1499 403 1604 448; x_wconf 77' lang='grc' dir='ltr'><em>ποτὲ</em></span> 
     </span>
     <span class='ocr_line' id='line_1_6' title="bbox 249 475 1602 533; baseline 0 -15"><span class='ocrx_word' id='word_1_36' title='bbox 249 478 459 533; x_wconf 77' lang='grc' dir='ltr'><em>βασιλεία.</em></span> <span class='ocrx_word' id='word_1_37' title='bbox 523 479 578 518; x_wconf 85' lang='grc' dir='ltr'><em>σὺ</em></span> <span class='ocrx_word' id='word_1_38' title='bbox 618 475 655 517; x_wconf 79' lang='grc' dir='ltr'><em>δ’</em></span> <span class='ocrx_word' id='word_1_39' title='bbox 702 477 755 518; x_wconf 92' lang='grc' dir='ltr'><em>οὐ</em></span> <span class='ocrx_word' id='word_1_40' title='bbox 795 475 945 527; x_wconf 79' lang='grc' dir='ltr'><em>σκέψει</em></span> <span class='ocrx_word' id='word_1_41' title='bbox 983 478 1029 517; x_wconf 88' lang='grc' dir='ltr'><em>τί</em></span> <span class='ocrx_word' id='word_1_42' title='bbox 1061 478 1109 518; x_wconf 91' lang='grc' dir='ltr'><em>τὸ</em></span> <span class='ocrx_word' id='word_1_43' title='bbox 1151 477 1452 531; x_wconf 90' lang='grc' dir='ltr'><em>πραττόμενον</em></span> <span class='ocrx_word' id='word_1_44' title='bbox 1491 475 1602 527; x_wconf 86' lang='grc' dir='ltr'><em>ε’στί;</em></span> 
     </span>
     <span class='ocr_line' id='line_1_7' title="bbox 248 546 1604 602; baseline -0.001 -13"><span class='ocrx_word' id='word_1_45' title='bbox 248 547 405 602; x_wconf 81' lang='grc'>&lt;382&gt;</span> <span class='ocrx_word' id='word_1_46' title='bbox 463 548 544 589; x_wconf 90' lang='grc' dir='ltr'><em>δύο</em></span> <span class='ocrx_word' id='word_1_47' title='bbox 595 550 854 596; x_wconf 79' lang='grc' dir='ltr'><em>νεανίσκους</em></span> <span class='ocrx_word' id='word_1_48' title='bbox 904 546 951 588; x_wconf 84' lang='grc' dir='ltr'><em>ἐκ</em></span> <span class='ocrx_word' id='word_1_49' title='bbox 1001 548 1228 601; x_wconf 76' lang='grc' dir='ltr'><em>βασιλίδος</em></span> <span class='ocrx_word' id='word_1_50' title='bbox 1278 558 1348 589; x_wconf 93' lang='grc' dir='ltr'><em>σοι</em></span> <span class='ocrx_word' id='word_1_51' title='bbox 1396 548 1604 601; x_wconf 88' lang='grc' dir='ltr'><em>γυναικὸς</em></span> 
     </span>
     <span class='ocr_line' id='line_1_8' title="bbox 249 616 1604 673; baseline 0 -14"><span class='ocrx_word' id='word_1_52' title='bbox 249 617 618 673; x_wconf 76' lang='grc' dir='ltr'><em>γεγεννημένους,</em></span> <span class='ocrx_word' id='word_1_53' title='bbox 656 620 717 668; x_wconf 84' lang='grc' dir='ltr'><em>εἰς</em></span> <span class='ocrx_word' id='word_1_54' title='bbox 748 624 892 659; x_wconf 82' lang='grc' dir='ltr'><em>πᾶσαν</em></span> <span class='ocrx_word' id='word_1_55' title='bbox 925 616 1084 673; x_wconf 84' lang='grc' dir='ltr'><em>ἀρετὴν</em></span> <span class='ocrx_word' id='word_1_56' title='bbox 1117 618 1298 673; x_wconf 77' lang='grc' dir='ltr'><em>ἄκρους,</em></span> <span class='ocrx_word' id='word_1_57' title='bbox 1337 617 1604 672; x_wconf 82' lang='grc' dir='ltr'><em>ἀναιρήσεις,</em></span> 
     </span>
     <span class='ocr_line' id='line_1_9' title="bbox 249 687 1604 743; baseline 0 -13"><span class='ocrx_word' id='word_1_58' title='bbox 249 690 434 730; x_wconf 91' lang='grc' dir='ltr'><em>σεαυτὸν</em></span> <span class='ocrx_word' id='word_1_59' title='bbox 479 687 526 730; x_wconf 83' lang='grc' dir='ltr'><em>ἐν</em></span> <span class='ocrx_word' id='word_1_60' title='bbox 571 691 702 743; x_wconf 86' lang='grc' dir='ltr'><em>γήραι</em></span> <span class='ocrx_word' id='word_1_61' title='bbox 745 689 997 730; x_wconf 88' lang='grc' dir='ltr'><em>καταλιπὼν</em></span> <span class='ocrx_word' id='word_1_62' title='bbox 1042 687 1111 743; x_wconf 81' lang='grc' dir='ltr'><em>ἐφ’</em></span> <span class='ocrx_word' id='word_1_63' title='bbox 1162 687 1227 730; x_wconf 78' lang='grc' dir='ltr'><em>ἑνὶ</em></span> <span class='ocrx_word' id='word_1_64' title='bbox 1270 690 1416 741; x_wconf 88' lang='grc' dir='ltr'><em>παιδί,</em></span> <span class='ocrx_word' id='word_1_65' title='bbox 1462 696 1604 739; x_wconf 88' lang='grc' dir='ltr'><em>κακῶς</em></span> 
     </span>
     <span class='ocr_line' id='line_1_10' title="bbox 249 758 1603 814; baseline 0.001 -13"><span class='ocrx_word' id='word_1_66' title='bbox 249 760 590 814; x_wconf 80' lang='grc' dir='ltr'><em>οἰκονομήσαντι</em></span> <span class='ocrx_word' id='word_1_67' title='bbox 622 760 706 813; x_wconf 85' lang='grc' dir='ltr'><em>τὴν</em></span> <span class='ocrx_word' id='word_1_68' title='bbox 736 761 798 810; x_wconf 71' lang='grc' dir='ltr'><em>είς</em></span> <span class='ocrx_word' id='word_1_69' title='bbox 830 759 966 801; x_wconf 85' lang='grc' dir='ltr'><em>αὐτὸν</em></span> <span class='ocrx_word' id='word_1_70' title='bbox 1004 759 1179 814; x_wconf 74' lang='grc' dir='ltr'><em>ἐλπίδα,</em></span> <span class='ocrx_word' id='word_1_71' title='bbox 1218 758 1290 801; x_wconf 86' lang='grc' dir='ltr'><em>καὶ</em></span> <span class='ocrx_word' id='word_1_72' title='bbox 1329 759 1603 814; x_wconf 71' lang='grc' dir='ltr'><em>συγγενέσιν,</em></span> 
     </span>
     <span class='ocr_line' id='line_1_11' title="bbox 249 826 1603 886; baseline 0.001 -15"><span class='ocrx_word' id='word_1_73' title='bbox 249 826 311 872; x_wconf 83' lang='grc' dir='ltr'><em>ὧν</em></span> <span class='ocrx_word' id='word_1_74' title='bbox 349 829 480 880; x_wconf 86' lang='grc' dir='ltr'><em>αὐτὸς</em></span> <span class='ocrx_word' id='word_1_75' title='bbox 516 830 776 879; x_wconf 77' lang='grc' dir='ltr'><em>τοσαυτάκις</em></span> <span class='ocrx_word' id='word_1_76' title='bbox 812 831 896 884; x_wconf 74' lang='grc' dir='ltr'><em>ἤδη</em></span> <span class='ocrx_word' id='word_1_77' title='bbox 934 829 1151 884; x_wconf 83' lang='grc' dir='ltr'><em>κατέγνως</em></span> <span class='ocrx_word' id='word_1_78' title='bbox 1193 830 1411 882; x_wconf 82' lang='grc' dir='ltr'><em>θάνατον;</em></span> <span class='ocrx_word' id='word_1_79' title='bbox 1457 831 1603 886; x_wconf 80' lang='lat'>&lt;383&gt;</span> 
     </span>
     <span class='ocr_line' id='line_1_12' title="bbox 249 900 1604 957; baseline 0.001 -15"><span class='ocrx_word' id='word_1_80' title='bbox 249 900 329 942; x_wconf 89' lang='grc' dir='ltr'><em>οὐκ</em></span> <span class='ocrx_word' id='word_1_81' title='bbox 362 900 587 955; x_wconf 80' lang='grc' dir='ltr'><em>ἐννοήσεις</em></span> <span class='ocrx_word' id='word_1_82' title='bbox 619 902 684 943; x_wconf 85' lang='grc' dir='ltr'><em>ὅτι</em></span> <span class='ocrx_word' id='word_1_83' title='bbox 716 902 787 943; x_wconf 87' lang='grc' dir='ltr'><em>καὶ</em></span> <span class='ocrx_word' id='word_1_84' title='bbox 819 909 907 943; x_wconf 84' lang='grc' dir='ltr'><em>τῶν</em></span> <span class='ocrx_word' id='word_1_85' title='bbox 941 903 1086 957; x_wconf 81' lang='grc' dir='ltr'><em>ὄχλων</em></span> <span class='ocrx_word' id='word_1_86' title='bbox 1117 901 1143 955; x_wconf 79' lang='grc' dir='ltr'>ἡ</span> <span class='ocrx_word' id='word_1_87' title='bbox 1177 902 1317 956; x_wconf 84' lang='grc' dir='ltr'><em>σιωπὴ</em></span> <span class='ocrx_word' id='word_1_88' title='bbox 1355 902 1436 956; x_wconf 88' lang='grc' dir='ltr'><em>τὴν</em></span> <span class='ocrx_word' id='word_1_89' title='bbox 1468 900 1604 956; x_wconf 81' lang='grc' dir='ltr'><em>ἀμαρ-</em></span> 
     </span>
     <span class='ocr_line' id='line_1_13' title="bbox 248 971 1604 1029; baseline 0.001 -16"><span class='ocrx_word' id='word_1_90' title='bbox 248 974 346 1013; x_wconf 87' lang='grc' dir='ltr'><em>τίαν</em></span> <span class='ocrx_word' id='word_1_91' title='bbox 379 971 496 1026; x_wconf 84' lang='grc' dir='ltr'><em>ὅμως</em></span> <span class='ocrx_word' id='word_1_92' title='bbox 522 973 604 1029; x_wconf 79' lang='grc' dir='ltr'><em>ὁρᾷ</em></span> <span class='ocrx_word' id='word_1_93' title='bbox 630 971 702 1014; x_wconf 82' lang='grc' dir='ltr'><em>καὶ</em></span> <span class='ocrx_word' id='word_1_94' title='bbox 728 980 848 1026; x_wconf 77' lang='grc' dir='ltr'><em>μισεῖ</em></span> <span class='ocrx_word' id='word_1_95' title='bbox 870 974 918 1014; x_wconf 92' lang='grc' dir='ltr'><em>τὸ</em></span> <span class='ocrx_word' id='word_1_96' title='bbox 945 973 1104 1027; x_wconf 88' lang='grc' dir='ltr'><em>πάθος,</em></span> <span class='ocrx_word' id='word_1_97' title='bbox 1135 973 1161 1026; x_wconf 93' lang='grc' dir='ltr'><em>ή</em></span> <span class='ocrx_word' id='word_1_98' title='bbox 1189 988 1233 1014; x_wconf 91' lang='grc' dir='ltr'><em>τε</em></span> <span class='ocrx_word' id='word_1_99' title='bbox 1265 973 1446 1028; x_wconf 82' lang='grc' dir='ltr'><em>στρατιὰ</em></span> <span class='ocrx_word' id='word_1_100' title='bbox 1471 979 1604 1028; x_wconf 79' lang='grc' dir='ltr'><em>πᾶσα,</em></span> 
     </span>
     <span class='ocr_line' id='line_1_14' title="bbox 247 1040 1602 1099; baseline 0.001 -15"><span class='ocrx_word' id='word_1_101' title='bbox 247 1041 320 1084; x_wconf 88' lang='grc' dir='ltr'><em>καὶ</em></span> <span class='ocrx_word' id='word_1_102' title='bbox 357 1044 515 1096; x_wconf 79' lang='grc' dir='ltr'><em>ταύτης</em></span> <span class='ocrx_word' id='word_1_103' title='bbox 553 1044 599 1085; x_wconf 76' lang='grc' dir='ltr'><em>οἱ</em></span> <span class='ocrx_word' id='word_1_104' title='bbox 626 1044 944 1098; x_wconf 86' lang='grc' dir='ltr'><em>πρωτεύοντες,</em></span> <span class='ocrx_word' id='word_1_105' title='bbox 984 1044 1107 1085; x_wconf 82' lang='grc' dir='ltr'><em>ἔλεον</em></span> <span class='ocrx_word' id='word_1_106' title='bbox 1145 1040 1226 1097; x_wconf 73' lang='grc' dir='ltr'><em>μὲν</em></span> <span class='ocrx_word' id='word_1_107' title='bbox 1263 1050 1352 1085; x_wconf 88' lang='grc' dir='ltr'><em>τῶν</em></span> <span class='ocrx_word' id='word_1_108' title='bbox 1390 1042 1602 1099; x_wconf 83' lang='grc' dir='ltr'><em>ἀτυχούν-</em></span> 
     </span>
    </p>
   </div>
   <div class='ocr_carea' id='block_1_3' title="bbox 1625 845 1657 870">
    <p class='ocr_par' dir='ltr' id='par_1_3' title="bbox 1625 845 1657 870">
     <span class='ocr_line' id='line_1_15' title="bbox 1625 845 1657 870; baseline 0.031 -1"><span class='ocrx_word' id='word_1_109' title='bbox 1625 845 1657 870; x_wconf 87' lang='grc'><em>10</em></span> 
     </span>
    </p>
   </div>
   <div class='ocr_carea' id='block_1_4' title="bbox 248 1112 1625 1169">
    <p class='ocr_par' dir='ltr' id='par_1_4' title="bbox 248 1112 1625 1169">
     <span class='ocr_line' id='line_1_16' title="bbox 248 1112 1625 1169; baseline 0.001 -14"><span class='ocrx_word' id='word_1_110' title='bbox 248 1129 336 1156; x_wconf 89' lang='grc' dir='ltr'><em>των</em></span> <span class='ocrx_word' id='word_1_111' title='bbox 368 1121 495 1169; x_wconf 80' lang='grc' dir='ltr'><em>μῖσος</em></span> <span class='ocrx_word' id='word_1_112' title='bbox 527 1112 575 1155; x_wconf 73' lang='grc' dir='ltr'><em>δὲ</em></span> <span class='ocrx_word' id='word_1_113' title='bbox 606 1121 696 1156; x_wconf 88' lang='grc' dir='ltr'><em>τῶν</em></span> <span class='ocrx_word' id='word_1_114' title='bbox 734 1121 867 1156; x_wconf 93' lang='grc' dir='ltr'><em>ταῦτα</em></span> <span class='ocrx_word' id='word_1_115' title='bbox 907 1112 1292 1169; x_wconf 80' lang='grc' dir='ltr'><em>διαπραττομένων</em></span> <span class='ocrx_word' id='word_1_116' title='bbox 1332 1113 1625 1169; x_wconf 44' lang='grc' dir='ltr'><em>ἐσχήκασινςῗ</em></span> 
     </span>
    </p>
   </div>
   <div class='ocr_carea' id='block_1_5' title="bbox 247 1181 1602 2372">
    <p class='ocr_par' dir='ltr' id='par_1_5' title="bbox 247 1181 1602 2087">
     <span class='ocr_line' id='line_1_17' title="bbox 249 1181 1602 1241; baseline 0 -14"><span class='ocrx_word' id='word_1_117' title='bbox 249 1186 395 1241; x_wconf 82' lang='lat'>&lt;384&gt;</span> <span class='ocrx_word' id='word_1_118' title='bbox 426 1186 559 1240; x_wconf 74' lang='grc' dir='ltr'><em>ἤκουε</em></span> <span class='ocrx_word' id='word_1_119' title='bbox 591 1185 759 1227; x_wconf 87' lang='grc' dir='ltr'><em>τούτων</em></span> <span class='ocrx_word' id='word_1_120' title='bbox 792 1185 814 1228; x_wconf 88' lang='grc' dir='ltr'>ὁ</span> <span class='ocrx_word' id='word_1_121' title='bbox 847 1187 1053 1240; x_wconf 85' lang='grc' dir='ltr'><em>βασιλεὺς</em></span> <span class='ocrx_word' id='word_1_122' title='bbox 1085 1184 1133 1227; x_wconf 86' lang='grc' dir='ltr'><em>ἐν</em></span> <span class='ocrx_word' id='word_1_123' title='bbox 1159 1184 1268 1240; x_wconf 74' lang='grc' dir='ltr'><em>ἀρχῇ</em></span> <span class='ocrx_word' id='word_1_124' title='bbox 1295 1181 1375 1239; x_wconf 75' lang='grc' dir='ltr'><em>μὲν</em></span> <span class='ocrx_word' id='word_1_125' title='bbox 1408 1184 1462 1227; x_wconf 84' lang='grc' dir='ltr'><em>οὐ</em></span> <span class='ocrx_word' id='word_1_126' title='bbox 1493 1199 1602 1228; x_wconf 88' lang='grc' dir='ltr'><em>παν-</em></span> 
     </span>
     <span class='ocr_line' id='line_1_18' title="bbox 248 1254 1602 1310; baseline 0 -13"><span class='ocrx_word' id='word_1_127' title='bbox 248 1255 435 1297; x_wconf 89' lang='grc' dir='ltr'><em>τάπασιν</em></span> <span class='ocrx_word' id='word_1_128' title='bbox 468 1255 752 1310; x_wconf 81' lang='grc' dir='ltr'><em>ἀγνωμόνως,</em></span> <span class='ocrx_word' id='word_1_129' title='bbox 785 1255 909 1310; x_wconf 90' lang='grc' dir='ltr'><em>ἀλλά,</em></span> <span class='ocrx_word' id='word_1_130' title='bbox 941 1258 988 1297; x_wconf 88' lang='grc' dir='ltr'><em>τί</em></span> <span class='ocrx_word' id='word_1_131' title='bbox 1016 1256 1086 1297; x_wconf 78' lang='grc' dir='ltr'><em>δεῖ</em></span> <span class='ocrx_word' id='word_1_132' title='bbox 1114 1254 1186 1297; x_wconf 88' lang='grc' dir='ltr'><em>καὶ</em></span> <span class='ocrx_word' id='word_1_133' title='bbox 1218 1255 1378 1309; x_wconf 82' lang='grc' dir='ltr'><em>λέγειν,</em></span> <span class='ocrx_word' id='word_1_134' title='bbox 1411 1256 1602 1310; x_wconf 86' lang='grc' dir='ltr'><em>διεκίνη-</em></span> 
     </span>
     <span class='ocr_line' id='line_1_19' title="bbox 250 1325 1602 1382; baseline 0 -14"><span class='ocrx_word' id='word_1_135' title='bbox 250 1338 325 1368; x_wconf 89' lang='grc' dir='ltr'><em>σεν</em></span> <span class='ocrx_word' id='word_1_136' title='bbox 369 1326 505 1369; x_wconf 81' lang='grc' dir='ltr'><em>αὐτὸν</em></span> <span class='ocrx_word' id='word_1_137' title='bbox 550 1326 779 1381; x_wconf 77' lang='grc' dir='ltr'><em>ἁψαμένου</em></span> <span class='ocrx_word' id='word_1_138' title='bbox 822 1333 900 1369; x_wconf 90' lang='grc' dir='ltr'><em>τοῦ</em></span> <span class='ocrx_word' id='word_1_139' title='bbox 951 1329 1146 1382; x_wconf 90' lang='grc' dir='ltr'><em>Τίρωνος</em></span> <span class='ocrx_word' id='word_1_140' title='bbox 1192 1325 1387 1381; x_wconf 83' lang='grc' dir='ltr'><em>ἐναργῶς</em></span> <span class='ocrx_word' id='word_1_141' title='bbox 1433 1332 1512 1368; x_wconf 87' lang='grc' dir='ltr'><em>τοῦ</em></span> <span class='ocrx_word' id='word_1_142' title='bbox 1556 1342 1602 1368; x_wconf 88' lang='grc' dir='ltr'><em>τε</em></span> 
     </span>
     <span class='ocr_line' id='line_1_20' title="bbox 247 1396 1602 1453; baseline 0.001 -15"><span class='ocrx_word' id='word_1_143' title='bbox 247 1397 423 1447; x_wconf 78' lang='grc' dir='ltr'><em>πάθους</em></span> <span class='ocrx_word' id='word_1_144' title='bbox 459 1396 533 1439; x_wconf 85' lang='grc' dir='ltr'><em>καὶ</em></span> <span class='ocrx_word' id='word_1_145' title='bbox 570 1403 645 1452; x_wconf 81' lang='grc' dir='ltr'><em>τῆς</em></span> <span class='ocrx_word' id='word_1_146' title='bbox 681 1396 780 1453; x_wconf 86' lang='grc' dir='ltr'><em>περὶ</em></span> <span class='ocrx_word' id='word_1_147' title='bbox 817 1400 921 1447; x_wconf 84' lang='grc' dir='ltr'><em>τοὺς</em></span> <span class='ocrx_word' id='word_1_148' title='bbox 962 1399 1150 1447; x_wconf 84' lang='grc' dir='ltr'><em>οἰκείους</em></span> <span class='ocrx_word' id='word_1_149' title='bbox 1183 1396 1394 1446; x_wconf 81' lang='grc' dir='ltr'><em>ἀπιστίας.</em></span> <span class='ocrx_word' id='word_1_150' title='bbox 1457 1397 1602 1452; x_wconf 83' lang='lat'>&lt;385&gt;</span> 
     </span>
     <span class='ocr_line' id='line_1_21' title="bbox 249 1465 1602 1525; baseline -0.001 -15"><span class='ocrx_word' id='word_1_151' title='bbox 249 1465 381 1518; x_wconf 82' lang='grc' dir='ltr'><em>αὖθις</em></span> <span class='ocrx_word' id='word_1_152' title='bbox 426 1466 469 1510; x_wconf 83' lang='grc' dir='ltr'><em>δ’</em></span> <span class='ocrx_word' id='word_1_153' title='bbox 519 1468 541 1510; x_wconf 87' lang='grc' dir='ltr'><em>ὃ</em></span> <span class='ocrx_word' id='word_1_154' title='bbox 587 1466 667 1524; x_wconf 76' lang='grc' dir='ltr'><em>μὲν</em></span> <span class='ocrx_word' id='word_1_155' title='bbox 711 1469 917 1510; x_wconf 82' lang='grc' dir='ltr'><em>ἐπεδίδου</em></span> <span class='ocrx_word' id='word_1_156' title='bbox 961 1469 1069 1510; x_wconf 76' lang='grc' dir='ltr'><em>κατὰ</em></span> <span class='ocrx_word' id='word_1_157' title='bbox 1113 1469 1272 1523; x_wconf 89' lang='grc' dir='ltr'><em>μικρὸν</em></span> <span class='ocrx_word' id='word_1_158' title='bbox 1316 1465 1486 1525; x_wconf 80' lang='grc' dir='ltr'><em>ἀμέτρῳ</em></span> <span class='ocrx_word' id='word_1_159' title='bbox 1530 1466 1602 1509; x_wconf 86' lang='grc' dir='ltr'><em>καὶ</em></span> 
     </span>
     <span class='ocr_line' id='line_1_22' title="bbox 249 1537 1600 1596; baseline 0.001 -16"><span class='ocrx_word' id='word_1_160' title='bbox 249 1546 534 1595; x_wconf 75' lang='grc' dir='ltr'><em>στρατιωτικῇ</em></span> <span class='ocrx_word' id='word_1_161' title='bbox 576 1540 799 1595; x_wconf 84' lang='grc' dir='ltr'><em>χρώμενος</em></span> <span class='ocrx_word' id='word_1_162' title='bbox 839 1542 1061 1596; x_wconf 75' lang='grc' dir='ltr'><em>παρρησίᾳ</em></span> <span class='ocrx_word' id='word_1_163' title='bbox 1100 1538 1168 1596; x_wconf 81' lang='grc' dir='ltr'><em>(τὸ</em></span> <span class='ocrx_word' id='word_1_164' title='bbox 1209 1539 1291 1594; x_wconf 82' lang='grc' dir='ltr'><em>γὰρ</em></span> <span class='ocrx_word' id='word_1_165' title='bbox 1334 1537 1600 1581; x_wconf 87' lang='grc' dir='ltr'><em>ἀπαίδευτον</em></span> 
     </span>
     <span class='ocr_line' id='line_1_23' title="bbox 247 1607 1601 1667; baseline -0.001 -15"><span class='ocrx_word' id='word_1_166' title='bbox 247 1609 505 1660; x_wconf 80' lang='grc' dir='ltr'><em>ὑπεξέπιπτε</em></span> <span class='ocrx_word' id='word_1_167' title='bbox 537 1617 616 1652; x_wconf 91' lang='grc' dir='ltr'><em>τοῦ</em></span> <span class='ocrx_word' id='word_1_168' title='bbox 654 1608 851 1667; x_wconf 79' lang='grc' dir='ltr'><em>καιροῦ),</em></span> <span class='ocrx_word' id='word_1_169' title='bbox 889 1616 1076 1665; x_wconf 78' lang='grc' dir='ltr'><em>ταραχῆς</em></span> <span class='ocrx_word' id='word_1_170' title='bbox 1115 1607 1162 1651; x_wconf 77' lang='grc' dir='ltr'><em>δὲ</em></span> <span class='ocrx_word' id='word_1_171' title='bbox 1189 1608 1390 1664; x_wconf 71' lang='grc' dir='ltr'><em>“Ηρώδής</em></span> <span class='ocrx_word' id='word_1_172' title='bbox 1428 1608 1601 1664; x_wconf 82' lang='grc' dir='ltr'><em>ἐνεπίμ-</em></span> 
     </span>
     <span class='ocr_line' id='line_1_24' title="bbox 247 1679 1601 1736; baseline 0.001 -14"><span class='ocrx_word' id='word_1_173' title='bbox 247 1684 405 1735; x_wconf 87' lang='grc' dir='ltr'><em>πλατο,</em></span> <span class='ocrx_word' id='word_1_174' title='bbox 447 1682 594 1736; x_wconf 77' lang='grc'>&lt;386&gt;</span> <span class='ocrx_word' id='word_1_175' title='bbox 626 1680 698 1723; x_wconf 86' lang='grc' dir='ltr'><em>καὶ</em></span> <span class='ocrx_word' id='word_1_176' title='bbox 730 1684 898 1736; x_wconf 79' lang='grc' dir='ltr'><em>μᾶλλον</em></span> <span class='ocrx_word' id='word_1_177' title='bbox 931 1681 1225 1731; x_wconf 80' lang='grc' dir='ltr'><em>ὀνειδίζεσθαι</em></span> <span class='ocrx_word' id='word_1_178' title='bbox 1258 1681 1402 1722; x_wconf 89' lang='grc' dir='ltr'><em>δοκῶν</em></span> <span class='ocrx_word' id='word_1_179' title='bbox 1436 1679 1461 1734; x_wconf 84' lang='grc' dir='ltr'>ἢ</span> <span class='ocrx_word' id='word_1_180' title='bbox 1493 1682 1601 1736; x_wconf 89' lang='grc' dir='ltr'><em>πρὸς</em></span> 
     </span>
     <span class='ocr_line' id='line_1_25' title="bbox 247 1749 1601 1807; baseline 0 -15"><span class='ocrx_word' id='word_1_181' title='bbox 247 1752 296 1792; x_wconf 87' lang='grc' dir='ltr'><em>τὸ</em></span> <span class='ocrx_word' id='word_1_182' title='bbox 324 1750 551 1807; x_wconf 84' lang='grc' dir='ltr'><em>συμφέρον</em></span> <span class='ocrx_word' id='word_1_183' title='bbox 584 1751 764 1794; x_wconf 87' lang='grc' dir='ltr'><em>ἀκούειν</em></span> <span class='ocrx_word' id='word_1_184' title='bbox 796 1758 884 1793; x_wconf 89' lang='grc' dir='ltr'><em>τῶν</em></span> <span class='ocrx_word' id='word_1_185' title='bbox 915 1754 1077 1806; x_wconf 86' lang='grc' dir='ltr'><em>λόγων,</em></span> <span class='ocrx_word' id='word_1_186' title='bbox 1111 1750 1260 1805; x_wconf 80' lang='grc' dir='ltr'><em>ἐπειδὴ</em></span> <span class='ocrx_word' id='word_1_187' title='bbox 1286 1749 1359 1792; x_wconf 83' lang='grc' dir='ltr'><em>καὶ</em></span> <span class='ocrx_word' id='word_1_188' title='bbox 1384 1752 1488 1800; x_wconf 86' lang='grc' dir='ltr'><em>τοὺς</em></span> <span class='ocrx_word' id='word_1_189' title='bbox 1514 1752 1601 1805; x_wconf 86' lang='grc' dir='ltr'><em>(κα-</em></span> 
     </span>
     <span class='ocr_line' id='line_1_26' title="bbox 248 1819 1601 1876; baseline 0.001 -14"><span class='ocrx_word' id='word_1_190' title='bbox 248 1819 352 1876; x_wconf 81' lang='grc' dir='ltr'><em>κῶς)</em></span> <span class='ocrx_word' id='word_1_191' title='bbox 388 1820 691 1876; x_wconf 83' lang='grc' dir='ltr'><em>διακειμένους</em></span> <span class='ocrx_word' id='word_1_192' title='bbox 723 1822 986 1876; x_wconf 85' lang='grc' dir='ltr'><em>στρατιώτας</em></span> <span class='ocrx_word' id='word_1_193' title='bbox 1017 1820 1089 1863; x_wconf 83' lang='grc' dir='ltr'><em>καὶ</em></span> <span class='ocrx_word' id='word_1_194' title='bbox 1120 1823 1223 1871; x_wconf 88' lang='grc' dir='ltr'><em>τοὺς</em></span> <span class='ocrx_word' id='word_1_195' title='bbox 1248 1820 1601 1875; x_wconf 86' lang='grc' dir='ltr'><em>ἀγανακτοῦντας</em></span> 
     </span>
     <span class='ocr_line' id='line_1_27' title="bbox 247 1890 1600 1947; baseline 0.001 -14"><span class='ocrx_word' id='word_1_196' title='bbox 247 1891 465 1946; x_wconf 82' lang='grc' dir='ltr'><em>ἡγεμόνας</em></span> <span class='ocrx_word' id='word_1_197' title='bbox 497 1891 702 1946; x_wconf 81' lang='grc' dir='ltr'><em>ἐπύθετο,</em></span> <span class='ocrx_word' id='word_1_198' title='bbox 734 1892 991 1947; x_wconf 89' lang='grc' dir='ltr'><em>προστάττει</em></span> <span class='ocrx_word' id='word_1_199' title='bbox 1022 1893 1124 1942; x_wconf 91' lang='grc' dir='ltr'><em>τούς</em></span> <span class='ocrx_word' id='word_1_200' title='bbox 1156 1890 1193 1933; x_wconf 80' lang='grc' dir='ltr'><em>τ’</em></span> <span class='ocrx_word' id='word_1_201' title='bbox 1223 1891 1433 1945; x_wconf 85' lang='grc' dir='ltr'><em>ὀνομαστὶ</em></span> <span class='ocrx_word' id='word_1_202' title='bbox 1460 1893 1600 1946; x_wconf 85' lang='grc' dir='ltr'><em>δήλω-</em></span> 
     </span>
     <span class='ocr_line' id='line_1_28' title="bbox 247 1960 1598 2017; baseline 0.001 -14"><span class='ocrx_word' id='word_1_203' title='bbox 247 1960 409 2011; x_wconf 88' lang='grc' dir='ltr'><em>θέντας</em></span> <span class='ocrx_word' id='word_1_204' title='bbox 450 1962 641 2011; x_wconf 78' lang='grc' dir='ltr'><em>ἅπαντας</em></span> <span class='ocrx_word' id='word_1_205' title='bbox 681 1960 752 2004; x_wconf 84' lang='grc' dir='ltr'><em>καὶ</em></span> <span class='ocrx_word' id='word_1_206' title='bbox 794 1964 871 2004; x_wconf 89' lang='grc' dir='ltr'><em>τὸν</em></span> <span class='ocrx_word' id='word_1_207' title='bbox 919 1965 1093 2017; x_wconf 86' lang='grc' dir='ltr'><em>Τίρωνα</em></span> <span class='ocrx_word' id='word_1_208' title='bbox 1135 1963 1353 2016; x_wconf 87' lang='grc' dir='ltr'><em>δήσαντας</em></span> <span class='ocrx_word' id='word_1_209' title='bbox 1393 1964 1508 2017; x_wconf 78' lang='grc' dir='ltr'><em>ἔχειν</em></span> <span class='ocrx_word' id='word_1_210' title='bbox 1551 1962 1598 2005; x_wconf 84' lang='grc' dir='ltr'><em>ἐν</em></span> 
     </span>
     <span class='ocr_line' id='line_1_29' title="bbox 248 2036 433 2087; baseline -0.005 -13"><span class='ocrx_word' id='word_1_211' title='bbox 248 2036 433 2087; x_wconf 75' lang='grc' dir='ltr'><em>φυλακῇ.</em></span> 
     </span>
    </p>

    <p class='ocr_par' dir='ltr' id='par_1_6' title="bbox 249 2102 1600 2302">
     <span class='ocr_line' id='line_1_30' title="bbox 337 2102 1600 2161; baseline 0.001 -17"><span class='ocrx_word' id='word_1_212' title='bbox 337 2103 482 2158; x_wconf 75' lang='grc'>&lt;387&gt;</span> <span class='ocrx_word' id='word_1_213' title='bbox 513 2104 671 2145; x_wconf 85' lang='grc' dir='ltr'><em>τούτου</em></span> <span class='ocrx_word' id='word_1_214' title='bbox 704 2102 970 2158; x_wconf 83' lang='grc' dir='ltr'><em>γενηθέντος</em></span> <span class='ocrx_word' id='word_1_215' title='bbox 997 2102 1237 2146; x_wconf 83' lang='grc' dir='ltr'><em>ἐπιτίθεται</em></span> <span class='ocrx_word' id='word_1_216' title='bbox 1266 2109 1326 2160; x_wconf 76' lang='grc' dir='ltr'><em>τῷ</em></span> <span class='ocrx_word' id='word_1_217' title='bbox 1358 2109 1495 2161; x_wconf 78' lang='grc' dir='ltr'><em>καιρῷ</em></span> <span class='ocrx_word' id='word_1_218' title='bbox 1527 2102 1600 2145; x_wconf 82' lang='grc' dir='ltr'><em>καὶ</em></span> 
     </span>
     <span class='ocr_line' id='line_1_31' title="bbox 255 2173 1599 2230; baseline 0.001 -16"><span class='ocrx_word' id='word_1_219' title='bbox 255 2174 444 2229; x_wconf 84' lang='grc' dir='ltr'><em>Τρύφων</em></span> <span class='ocrx_word' id='word_1_220' title='bbox 477 2190 541 2224; x_wconf 88' lang='grc' dir='ltr'><em>τις</em></span> <span class='ocrx_word' id='word_1_221' title='bbox 572 2177 757 2230; x_wconf 88' lang='grc' dir='ltr'><em>κουρεὺς</em></span> <span class='ocrx_word' id='word_1_222' title='bbox 787 2181 867 2217; x_wconf 90' lang='grc' dir='ltr'><em>τοῦ</em></span> <span class='ocrx_word' id='word_1_223' title='bbox 894 2173 1119 2230; x_wconf 83' lang='grc' dir='ltr'><em>βασιλέως,</em></span> <span class='ocrx_word' id='word_1_224' title='bbox 1153 2173 1199 2224; x_wconf 90' lang='grc' dir='ltr'><em>ὃς</em></span> <span class='ocrx_word' id='word_1_225' title='bbox 1225 2176 1306 2229; x_wconf 81' lang='grc' dir='ltr'><em>ἔφη</em></span> <span class='ocrx_word' id='word_1_226' title='bbox 1337 2176 1599 2230; x_wconf 84' lang='grc' dir='ltr'><em>προσελθὼν</em></span> 
     </span>
     <span class='ocr_line' id='line_1_32' title="bbox 249 2245 1597 2302; baseline 0.001 -16"><span class='ocrx_word' id='word_1_227' title='bbox 249 2245 306 2294; x_wconf 86' lang='grc' dir='ltr'><em>ὡς</em></span> <span class='ocrx_word' id='word_1_228' title='bbox 336 2247 486 2287; x_wconf 90' lang='grc' dir='ltr'><em>πείθοι</em></span> <span class='ocrx_word' id='word_1_229' title='bbox 517 2246 726 2295; x_wconf 89' lang='grc' dir='ltr'><em>πολλάκις</em></span> <span class='ocrx_word' id='word_1_230' title='bbox 758 2246 892 2288; x_wconf 86' lang='grc' dir='ltr'><em>αὐτὸν</em></span> <span class='ocrx_word' id='word_1_231' title='bbox 925 2246 947 2287; x_wconf 87' lang='grc' dir='ltr'>ὁ</span> <span class='ocrx_word' id='word_1_232' title='bbox 986 2248 1145 2301; x_wconf 84' lang='grc' dir='ltr'><em>Τίρων,</em></span> <span class='ocrx_word' id='word_1_233' title='bbox 1180 2245 1343 2288; x_wconf 86' lang='grc' dir='ltr'><em>ὁπόταν</em></span> <span class='ocrx_word' id='word_1_234' title='bbox 1372 2246 1597 2302; x_wconf 87' lang='grc' dir='ltr'><em>θεραπεύῃ</em></span> 
     </span>
    </p>

    <p class='ocr_par' dir='ltr' id='par_1_7' title="bbox 343 2326 936 2372">
     <span class='ocr_line' id='line_1_33' title="bbox 343 2326 936 2372; baseline 0.005 -13"><span class='ocrx_word' id='word_1_235' title='bbox 343 2329 362 2367; x_wconf 67' lang='lat' dir='ltr'>g</span> <span class='ocrx_word' id='word_1_236' title='bbox 389 2329 456 2360; x_wconf 78' lang='lat'><em>380</em></span> <span class='ocrx_word' id='word_1_237' title='bbox 483 2326 527 2362; x_wconf 84' lang='lat' dir='ltr'><em>cf.</em></span> <span class='ocrx_word' id='word_1_238' title='bbox 555 2326 646 2363; x_wconf 80' lang='lat' dir='ltr'>Bell.</span> <span class='ocrx_word' id='word_1_239' title='bbox 674 2327 751 2363; x_wconf 81' lang='lat' dir='ltr'>Iud.</span> <span class='ocrx_word' id='word_1_240' title='bbox 779 2328 795 2361; x_wconf 84' lang='grc' dir='ltr'><strong>Ι</strong></span> <span class='ocrx_word' id='word_1_241' title='bbox 822 2331 876 2372; x_wconf 75' lang='lat'><em>27,</em></span> <span class='ocrx_word' id='word_1_242' title='bbox 905 2332 936 2363; x_wconf 76' lang='lat'><em>4.</em></span> 
     </span>
    </p>
   </div>
   <div class='ocr_carea' id='block_1_6' title="bbox 1623 1197 1654 1224">
    <p class='ocr_par' dir='ltr' id='par_1_8' title="bbox 1623 1197 1654 1224">
     <span class='ocr_line' id='line_1_34' title="bbox 1623 1197 1654 1224; baseline 0.032 -1"><span class='ocrx_word' id='word_1_243' title='bbox 1623 1197 1654 1224; x_wconf 84' lang='lat'><em>15</em></span> 
     </span>
    </p>
   </div>
   <div class='ocr_carea' id='block_1_7' title="bbox 1621 1553 1715 1598">
    <p class='ocr_par' dir='ltr' id='par_1_9' title="bbox 1621 1553 1715 1598">
     <span class='ocr_line' id='line_1_35' title="bbox 1621 1553 1715 1598; baseline 0 -20"><span class='ocrx_word' id='word_1_244' title='bbox 1621 1553 1654 1578; x_wconf 75' lang='lat'><em>20</em></span> <span class='ocrx_word' id='word_1_245' title='bbox 1712 1589 1715 1598; x_wconf 69' lang='lat'><em>,</em></span> 
     </span>
    </p>
   </div>
   <div class='ocr_carea' id='block_1_8' title="bbox 1619 1905 1653 1931">
    <p class='ocr_par' dir='ltr' id='par_1_10' title="bbox 1619 1905 1653 1931">
     <span class='ocr_line' id='line_1_36' title="bbox 1619 1905 1653 1931; baseline 0 0"><span class='ocrx_word' id='word_1_246' title='bbox 1619 1905 1653 1931; x_wconf 80' lang='lat'><em>25</em></span> 
     </span>
    </p>
   </div>
   <div class='ocr_carea' id='block_1_9' title="bbox 1618 2257 1653 2284">
    <p class='ocr_par' dir='ltr' id='par_1_11' title="bbox 1618 2257 1653 2284">
     <span class='ocr_line' id='line_1_37' title="bbox 1618 2257 1653 2284; baseline -0.029 0"><span class='ocrx_word' id='word_1_247' title='bbox 1618 2257 1653 2284; x_wconf 81' lang='lat'><em>30</em></span> 
     </span>
    </p>
   </div>
   <div class='ocr_carea' id='block_1_10' title="bbox 1704 566 1732 2526">
    <p class='ocr_par' dir='ltr' id='par_1_12' title="bbox 1704 566 1732 2526">
     <span class='ocr_line' id='line_1_38' title="bbox 1704 566 1732 2526; baseline 0 0"><span class='ocrx_word' id='word_1_248' title='bbox 1704 566 1732 2526; x_wconf 95' lang='lat' dir='ltr'><em> </em></span> 
     </span>
    </p>
   </div>
  </div>
 </body>
</html>
