1732 2526
546 85 985 117 ENNEAKAIAEKATH
1351 85 1438 127 253

89 195 238 248 τιόχον
289 190 327 233 δ’
387 192 443 245 ἣν
486 189 572 247 εἶχε
623 193 850 245 βασιλείαν
895 190 1184 246 ἀφελόμενος,
1238 195 1440 244 Κιλικίας

89 262 210 318 μέρει
242 261 329 305 τινὶ
355 261 425 304 καὶ
453 265 727 317 Κομμαγηνῇ
755 263 970 317 δωρεῖται.
1021 263 1115 305 λύει
1150 261 1197 304 δὲ
1230 263 1300 305 καὶ
1323 261 1438 306 Ἀλέ-

89 334 280 387 ξανδρον
320 335 614 388 [Λυσίμαχον]
653 334 731 374 τὸν
769 331 1043 388 ἀλαβάρχην,
1083 336 1216 388 φίλον
1255 334 1438 389 ἀρχαῖον

87 404 204 460 αὐτῷ
246 406 455 458 γεγονότα
495 402 566 445 καὶ
602 402 842 445 Ἀντωνίαν
887 402 1023 445 αὐτοῦ
1065 403 1439 459 ἐπιτροπεύσαντα

50 493 66 517 5
86 475 166 528 τὴν
197 474 374 529 μητέρα,
406 475 514 530 ὀργῇ
547 480 597 529 τῇ
626 475 667 515 Γ
664 476 763 516 α’ίόυ
791 473 1044 528 δεδεμένον·
1084 473 1155 516 καὶ
1182 475 1317 517 αὐτοῦ
1342 476 1439 525 υίὸς

85 547 327 599 Βερενίκην
365 546 444 599 τὴν
472 544 686 599 Ἀγρίππα
724 552 855 598 γαμεῖ
888 544 1123 599 θυγατέρα.
1187 546 1331 599 <277>
1364 545 1437 588 καὶ

85 616 246 668 ταύτην
283 614 363 669 μέν
403 614 601 671 (τελευτᾷ
637 616 719 669 γὰρ
752 617 938 669 Μᾶρκος
977 615 998 657 ὁ
1041 622 1120 657 τοῦ
1147 611 1437 671 Ἀλεξάνδρου

83 686 202 739 υἱός,
242 684 470 740 παρθένον
509 687 676 741 λαβών)
715 685 891 742 ἀδελφῷ
930 691 988 742 τῷ
1028 685 1165 728 αὑτοῦ
1200 684 1437 741 Ἀγρίππας

78 754 255 812 “Ηρώδῃ
301 757 479 810 δίδωσι,
524 757 744 806 Χαλκίδος
783 755 899 813 αὐτῷ
939 757 1019 810 τὴν
1057 759 1284 810 βασιλειάν
1323 754 1436 799 εἶναι

31 846 65 871 10
84 827 371 881 αἰτησάμενος
411 827 528 881 παρὰ
573 827 820 869 Κλαυδίου·
870 827 1026 881 <ἓῖ8>
1073 827 1340 878 στασιάζεται
1388 826 1436 869 δὲ

83 898 190 939 κατὰ
235 899 311 940 τὸν
353 898 488 939 αὐτὸν
528 899 691 952 χρόνον
725 895 954 939 Ἰουδαίων
995 898 1046 939 τὰ
1087 899 1195 953 πρὸς
1219 896 1437 952 ’Έλληνας

85 966 155 1009 ἐπὶ
186 975 261 1022 τῆς
286 966 605 1023 Ἀλεξανδρέων
638 970 815 1017 πόλεως.
871 971 1210 1022 τελευτήσαντος
1242 969 1324 1021 γὰρ
1356 975 1435 1010 τοῦ

84 1040 222 1080 Γαΐου
261 1040 308 1080 τὸ
344 1037 573 1081 Ἰουδαίων
614 1041 767 1091 ἔθνος,
811 1037 881 1080 ἐπὶ
922 1045 997 1093 τῆς
1038 1038 1171 1094 ἀρχῆς
1212 1045 1286 1092 τῆς
1328 1038 1436 1081 ἐκεί-

84 1125 166 1151 νου
197 1108 572 1164 τεταπεινωμένον
604 1108 675 1150 καὶ
709 1110 864 1158 δεινῶς
891 1109 977 1151 ὑπὸ
1004 1117 1091 1151 τῶν
1112 1108 1435 1164 Ἀλεξανδρέων

32 1199 64 1223 15
84 1178 373 1235 ὑβρισμένον,
424 1179 699 1235 ἀνεθάρρησε
751 1178 823 1221 καὶ
868 1179 915 1221 ἐν
961 1179 1112 1229 ὅπλοις
1157 1178 1324 1229 εὐθέως
1366 1177 1434 1234 ἦν.

83 1251 228 1305 <279>
266 1249 335 1292 καὶ
377 1251 599 1300 Κλαύδιος
640 1249 880 1292 ἐπιστέλλει
920 1257 980 1307 τῷ
1022 1249 1286 1305 ἐπαρχοῦντι
1326 1252 1434 1292 κατὰ

81 1323 162 1376 τὴν
198 1326 427 1376 Αἴγυπτον
465 1321 573 1363 ὥστε
612 1322 692 1375 τὴν
732 1321 885 1363 στάσιν
926 1325 1213 1362 καταστεῖλαι.
1276 1320 1434 1376 πέμπει

83 1390 131 1433 δὲ
162 1391 235 1434 καὶ
274 1393 508 1446 διάταγμα,
551 1394 943 1447 παρακεκληκότων
981 1391 1116 1433 αὐτὸν
1145 1389 1358 1446 Ἀγρίππα
1388 1408 1434 1434 τε

81 1461 154 1505 καὶ
179 1461 386 1518 “Ηρώδου
416 1470 504 1504 τῶν
536 1462 776 1516 βασιλέων,
819 1467 880 1512 εἵς
915 1478 960 1504 τε
992 1463 1073 1516 τὴν
1100 1460 1433 1516 Ἀλεξάνδρειαν

29 1552 62 1577 20
82 1531 154 1575 καὶ
185 1536 376 1588 Συρίαν,
416 1533 720 1588 γεγραμμένον
751 1539 910 1575 τοῦτον
942 1534 1019 1575 τὸν
1050 1534 1226 1588 τρόπον.
1288 1534 1433 1588 <280>

82 1603 304 1659 (Τιβέριος
331 1605 554 1653 Κλαύδιος
578 1606 752 1657 Καῖσαρ
785 1605 1009 1658 Σεβαστὸς
1042 1605 1084 1645 Γ
1079 1605 1326 1659 ερμανικός,
1357 1603 1433 1658 ἄρ-

81 1676 251 1729 χιερεὺς
270 1675 484 1730 μέγιστος,
512 1675 782 1729 δημαρχικῆς
807 1673 1006 1724 ἐξουσίας
1024 1707 1033 1715 .
1049 1707 1057 1716 .
1074 1706 1105 1728 .,
1125 1673 1252 1728 λέγει.
1289 1675 1432 1728 <281>

82 1745 289 1800 ἐπιγνοὺς
337 1745 554 1787 ἀνέκαθεν
600 1747 702 1794 τοὺς
748 1744 795 1786 ἐν
833 1743 1137 1801 Ἀλεξανδρείᾳ
1177 1742 1432 1799 Ἰουδαίους,

76 1815 377 1870 Ἀλεξανδρεῖς
409 1814 687 1870 λεγομένους,
721 1815 1164 1870 συγκατοικισθέντας
1195 1823 1285 1865 τοῖς
1315 1817 1432 1871 πρώ-

28 1905 62 1930 25
81 1903 173 1938 τοις
208 1887 346 1937 εὐθὺς
385 1894 554 1941 καιροῖς
590 1885 922 1942 Ἀλεξανδρεῦσι
962 1884 1036 1928 καὶ
1078 1891 1173 1941 ἴσης
1211 1889 1432 1936 πολιτείας

80 1958 197 2013 παρὰ
221 1964 310 1999 τῶν
335 1955 552 2011 βασιλέων
572 1959 836 2012 τετευχότας,
863 1957 1012 2006 καθὼς
1035 1958 1231 2012 φανερὸν
1258 1954 1431 2010 ἐγένετο

81 2027 127 2070 ἐκ
157 2035 246 2070 τῶν
272 2027 538 2083 γραμμάτων
563 2035 650 2069 τῶν
675 2025 776 2082 παρ’
808 2027 956 2077 αὐτοῖς
982 2026 1054 2069 καὶ
1078 2034 1166 2069 τῶν
1193 2015 1430 2082 διαταγμά-

79 2114 189 2153 των,
233 2099 374 2152 <282>
415 2097 488 2139 καὶ
528 2098 634 2152 μετὰ
674 2099 722 2140 τὸ
759 2104 811 2153 τῇ
848 2096 1035 2155 ἡμετέρᾳ
1071 2098 1285 2154 ἡγεμονίᾳ
1311 2096 1430 2140 Ἀλε-

80 2168 314 2225 ξάνδρειαν
351 2169 437 2211 ὑπὸ
476 2175 555 2210 τοῦ
593 2171 824 2223 Σεβαστοῦ
861 2169 1189 2225 ὑποταχθῆναι,
1235 2168 1430 2223 πεφυλά-

28 2257 63 2282 30
81 2243 188 2294 χθαι
220 2239 368 2290 αὐτοῖς
398 2240 449 2281 τὰ
483 2240 630 2281 δίκαια
661 2238 746 2282 ὑπὸ
778 2246 866 2281 τῶν
898 2238 1194 2294 πεμφθέντων
1227 2238 1429 2293 ἐπάρχων

80 2310 189 2352 κατὰ
230 2311 471 2366 διαφόρους
510 2311 717 2366 χρόνους,
760 2310 977 2364 μηδεμίαν
1018 2326 1062 2351 τε
1103 2309 1431 2364 ἀμφισβήτησιν

1463 839 1482 869 ‘2

1714 867 1715 870 „
1713 679 1716 827 „—„-„„⁴-*
1711 520 1723 662 βμᾼιᾼω
1713 483 1715 490 .
1714 465 1715 471 ⁴
