1732 2526
531 39 966 73 ENNEAKAIAEKATH
1331 40 1416 82 219

75 143 407 199 ἐπιτελουμένας
438 145 522 186 ὑπὸ
554 150 633 186 τοῦ
660 147 702 186 Γ
697 147 814 198 αΐου,
845 152 988 199 παρῆν
1020 148 1228 197 πολλάκις
1253 150 1418 202 καιρός,

73 214 143 256 καὶ
178 213 285 268 ὑπὲρ
317 223 391 270 τῆς
422 217 649 269 βασιλικῆς
688 215 919 269 ι’στάμενον
959 216 1027 257 καὶ
1070 223 1127 273 τῷ
1161 219 1283 274 δήμῳ
1316 234 1418 273 χρυ-

74 287 172 327 σίου
204 285 275 327 καὶ
308 285 521 340 ἀργυρίου
553 287 748 341 χρήματα
787 286 1128 341 διαρριπτοῦντα
1171 285 1275 329 ὦσαι
1310 291 1417 330 κατὰ

70 359 262 411 κεφαλῆς
307 355 498 412 (ὑψηλὸν
542 354 584 396 δ’
635 354 724 397 ἐστὶ
770 357 816 398 τὸ
861 355 983 410 τέγος
1026 358 1088 405 εἰς
1130 358 1210 410 τὴν
1251 357 1417 412 ἀγορὰν

36 425 246 482 ὀφέρον),
279 426 352 468 ἐπί
379 442 422 468 τε
454 434 541 468 τῶν
572 429 824 480 μυστηρίων
857 433 948 476 ταῖς
985 429 1212 480 ποιήσεσιν
1250 427 1275 468 ἂ
1316 441 1417 470 συν-

71 497 235 538 ίστατο·
286 497 412 549 <ῖ2>
461 497 637 537 πάντων
683 498 764 550 γὰρ
815 497 948 538 αὐτὸν
996 497 1260 552 ἀπερίοπτον
1304 495 1415 540 εἶναι

69 569 259 622 προνοίᾳ
301 573 379 608 τοῦ
424 566 471 608 ἐν
515 567 663 616 αὐτοῖς
706 568 930 621 εὐπρεπῶς
967 557 1416 622 ἀναστραφησομένου

68 635 140 677 καὶ
179 636 423 690 ἀπογνώσει
461 643 540 678 τοῦ
579 636 627 678 ἐν
667 636 927 692 ἐπιχειρήσει
966 639 1063 679 τινὰ
1102 637 1309 691 γενέσθαι
1347 653 1416 680 πι-

69 707 251 749 στεύειν.
302 709 342 749 εἰ
367 705 414 749 δὲ
440 705 578 762 μηδὲν
603 710 748 761 τίμιον
774 708 832 757 ὡς
858 716 944 750 τῶν
971 712 1106 762 θεῶν,
1138 709 1254 764 αὐτῷ
1283 709 1416 749 δύνα-

16 790 48 814 10
68 793 144 831 μιν
181 783 260 819 τοῦ
298 778 496 819 θανάτου
535 779 907 833 παρατυγχάνειν,
952 779 1078 832 <73>
1120 779 1236 834 αὐτῷ
1277 776 1315 819 δ’
1360 778 1415 819 ἂν

69 849 196 902 ἰσχὺν
241 847 498 902 ἐγγενέσθαι
548 847 618 889 καὶ
670 850 726 902 μὴ
773 848 1192 906 σιδηροφορουμένῳ
1238 850 1414 903 διαχρή-

68 922 233 960 σασθαι
265 921 342 961 τὸν
369 919 515 960 Γάιον.
569 918 682 960 οὕτω
717 917 773 960 δι’
806 919 938 973 ὀργῆς
969 916 1054 974 εἶχε
1087 921 1189 969 τοὺς
1215 921 1414 973 συνωμό-

67 1004 142 1037 τας
179 989 201 1031 ὁ
243 988 447 1043 Χαιρέας,
493 989 648 1038 δεδιὼς
692 991 793 1038 τοὺς
834 992 1012 1043 καιροὺς
1055 991 1112 1043 μὴ
1153 991 1414 1044 διαρρυεῖεν.

66 1059 181 1112 <74>
220 1061 264 1101 οἳ
301 1058 338 1100 δ’
378 1058 528 1112 ἑώρων
567 1057 646 1112 μὲν
684 1061 882 1113 νομίμων
920 1075 963 1100 τε
996 1059 1209 1114 χρῄζοντα
1241 1059 1311 1100 καὶ
1345 1058 1407 1101 ἐπ’

11 1141 46 1185 25
67 1128 253 1182 ἀγαθοῖς
284 1136 373 1179 τοῖς
405 1130 550 1171 αὐτῶν
583 1129 888 1183 ἐπειγόμενον,
927 1130 980 1172 οὐ
1011 1131 1097 1184 μὴν
1130 1129 1224 1171 ἀλλ’
1261 1129 1414 1184 ἠξίουν

65 1201 127 1249 εἰς
158 1201 310 1254 ὀλίγον
334 1207 445 1254 γοῦν
471 1200 691 1255 ὑπερβολῇ
718 1202 979 1255 χρήσασθαι,
1012 1203 1069 1255 μὴ
1096 1204 1171 1242 καί
1193 1215 1251 1255 πῃ
1279 1201 1414 1255 σφάλ-

65 1286 198 1324 ματος
222 1277 272 1326 τῇ
300 1271 562 1326 ἐπιχειρήσει
587 1272 881 1320 συνελθόντος
906 1271 1136 1325 ταράξειαν
1162 1272 1242 1324 τὴν
1267 1273 1412 1323 πόλιν,

67 1342 282 1394 ζητήσεων
313 1349 400 1382 τῶν
433 1343 775 1394 συνεγκωκότων
812 1343 892 1395 τὴν
932 1342 1089 1395 πρᾶξιν
1122 1340 1412 1395 γιγνομένων,

64 1409 137 1452 καὶ
186 1419 275 1460 τοῖς
325 1410 432 1465 αὐτῇ
483 1412 777 1464 μελλήσουσι-ν
829 1409 1063 1464 ἐπιχειρεῖν
1113 1411 1280 1462 ἄπορον
1330 1411 1410 1464 τὴν

11 1492 46 1518 20
66 1480 375 1534 ἀνδραγαθίαν
422 1480 739 1534 <ποιήσειαν>,
789 1478 1071 1534 φραξαμένου
1116 1482 1254 1521 Γαΐου
1303 1482 1412 1534 πρὸς

66 1551 225 1600 αὐτοὺς
256 1552 472 1605 μειζόνως.
536 1550 651 1603 <ῗῦ>
689 1553 829 1599 καλῶς
868 1547 949 1591 οὖν
982 1552 1095 1605 ἔχειν
1127 1555 1331 1605 θεωριῶν
1364 1549 1411 1592 ἐν

65 1627 125 1676 τῷ
170 1623 378 1678 Παλατίῳ
424 1619 770 1674 ἐπιτελουμένων
815 1621 1028 1661 ἅπτεσθαι
1071 1627 1150 1661 τοῦ
1194 1623 1412 1675 χρήματος

66 1690 267 1745 (ἄγονται
300 1688 336 1732 δ’
372 1689 440 1732 ἐπὶ
473 1696 571 1744 τιμῇ
606 1697 684 1732 τοῦ
716 1691 891 1744 πρώτου
923 1689 1304 1744 μεταστησαμένου
1330 1692 1411 1744 τὴν

66 1760 205 1815 ἀρχὴν
236 1767 315 1802 τοῦ
348 1761 489 1814 δήμου
523 1762 744 1815 Καίσαρος
775 1761 836 1809 εἰς
868 1760 1023 1814 αὑτόν,
1062 1762 1219 1815 μικρόν
1251 1776 1294 1802 τε
1327 1762 1410 1815 πρὸ

12 1842 47 1869 25
66 1836 144 1873 τοῦ
188 1832 414 1885 βασιλείου
458 1830 650 1884 καλύβης
692 1835 858 1884 πηκτοῦ
902 1829 1160 1884 γενομένης,
1203 1829 1275 1872 καὶ
1312 1828 1412 1872 Ῥω-

66 1902 207 1955 μαίων
249 1899 297 1942 θ’
340 1901 386 1942 οἱ
425 1900 681 1954 εὐπατρίδαι
723 1904 975 1954 θεωροῦσιν
1019 1901 1130 1955 ὁμοῦ
1173 1899 1296 1942 παισὶ
1339 1899 1410 1942 καὶ

66 1969 239 2024 γυναιξὶ
283 1970 354 2012 καὶ
399 1971 421 2012 ὁ
467 1969 680 2026 Καῖσαρ),
731 1971 856 2024 <ἶ6>
902 1971 1131 2026 ῥᾳστώνην
1174 1968 1215 2012 τ’
1263 1971 1412 2020 αὐτοῖς

66 2043 246 2082 ἔσεσθαι
285 2044 460 2083 πολλῶν
499 2040 726 2095 μυριάδων
765 2039 1016 2095 ἀνθρώπων
1053 2042 1115 2091 είς
1147 2042 1298 2095 ὀλίγον
1329 2057 1413 2096 χω-

67 2113 165 2166 ριόν
191 2109 540 2166 καθειργμένων,
567 2109 668 2152 ὥστ’
692 2111 874 2152 εἰσιόντι
899 2112 979 2165 τὴν
1000 2110 1268 2166 ἐπιχείρησιν
1288 2113 1412 2164 ποιή-

11 2192 47 2219 30
67 2185 245 2234 σασθαι,
278 2181 504 2235 δυνάμεως
534 2187 624 2230 τοῖς
654 2180 957 2234 ὑπασπισταῖς,
989 2183 1031 2223 εί
1060 2184 1137 2223 καί
1162 2197 1277 2238 τινες
1308 2197 1413 2235 προ-

65 2255 298 2306 θυμοῖντο,
329 2253 387 2307 μὴ
419 2250 794 2306 παρατευξομένης
827 2251 942 2308 αὐτῷ
976 2254 1175 2306 βοηθεῖν.
