1732 2526
569 67 1006 100 ENNEAKAIAEKATH
1371 65 1458 107 223

115 176 285 230 λουτρῷ
330 173 599 228 χρησάμενος
642 171 714 214 καὶ
754 174 857 229 σίτῳ
902 169 978 214 εἶτ’
1020 172 1190 215 ἐπανίοι
1231 174 1347 215 καθὰ
1387 172 1459 215 καὶ

113 246 350 298 πρότερον,
386 245 677 292 Βινουκιανὸς
714 240 822 296 ὑπὲρ
861 250 940 284 τοῦ
979 245 1020 283 Γ
1017 245 1116 285 αΐου
1154 245 1458 298 καθεζόμενος,

112 313 184 355 καὶ
229 314 384 363 δεδιὼς
425 314 483 368 μὴ
523 314 756 365 διαλυθείη
795 314 847 354 τὰ
883 321 971 355 τῶν
1009 321 1174 365 καιρῶν
1213 315 1273 363 εἰς
1313 317 1457 368 κενόν,

113 383 228 436 (97)
263 383 497 434 ἐξαναστὰς
529 383 677 438 ἐπειδὴ
704 382 775 425 καὶ
804 382 995 437 Χαιρέαν
1028 382 1141 438 ἑώρα
1169 384 1456 437 προεξεληλυ-

77 455 245 507 5θότα,
284 455 485 508 ἠπείγετο
526 454 771 509 θαρρύνειν
809 454 945 496 αὐτὸν
985 454 1230 506 προελθών.
1294 454 1456 508 λαμβά-

110 538 230 565 νεται
263 522 302 565 δ’
339 524 475 566 αὐτοῦ
512 530 587 578 τῆς
625 528 779 578 στολῆς
810 527 852 566 Γ
849 525 943 574 άιος
979 525 1087 566 κατὰ
1118 525 1456 579 φιλοφροσύνην

111 596 271 649 δῆθεν,
312 597 388 636 καί
422 595 521 637 (ποῖ
555 595 630 649 δή’
663 606 819 649 φησιν,
857 591 907 636 (ὦ
947 595 1165 649 μακάριε;’
1216 592 1288 636 καὶ
1319 593 1342 635 ὃ
1374 592 1455 647 μὲν

110 666 232 706 αι’δοῖ
272 665 420 708 δοκεῖν
463 672 542 707 τοῦ
587 667 808 719 Καίσαρος
851 668 1020 716 καθίζει
1065 664 1295 720 (κρείττων
1340 660 1383 705 δ’
1431 664 1454 706 ὁ

108 736 246 788 φόβος
276 732 367 790 ἦν),
399 736 550 788 ὀλίγον
583 733 631 776 δὲ
663 736 877 777 διαλιπὼν
909 732 984 776 εἶτ’
1017 735 1302 785 ἐξανίσταται·
1341 735 1454 787 <98>

57 816 90 842 10
109 803 180 846 καὶ
222 806 245 847 ὁ
287 806 417 855 Γάιος
461 804 593 848 οὐδὲν
635 805 838 860 ἐμποδὼν
880 802 933 859 ἧν
975 805 1155 858 ἐξιόντι,
1199 806 1343 847 δοκῶν
1385 804 1459 846 ἐπί

107 891 194 917 τινι
226 882 313 918 τῶν
345 876 594 930 ἀναγκαίων
623 881 846 918 ποιεῖσθαι
879 878 958 930 τὴν
991 875 1157 926 ἔξοδον.
1208 875 1454 929 Ἀσπρήνας

108 944 160 987 δέ
201 945 385 1001 (μετεῖχε
430 944 478 987 δὲ
522 945 593 987 καὶ
637 946 785 1002 αὐτός)
827 944 1013 1001 παρῄνει
1054 952 1111 1002 τῷ
1152 948 1292 1002 Γαΐῳ,
1335 946 1452 987 καθὰ

106 1018 344 1074 πρότερον,
390 1016 677 1066 ὑπεξελθόντι
720 1019 829 1071 πρός
871 1032 915 1058 τε
960 1020 1130 1072 λουτρῷ
1174 1014 1246 1057 καὶ
1291 1015 1452 1072 ἀρίστῳ

106 1085 334 1140 γενέσθαι,
371 1085 443 1128 καὶ
475 1087 620 1127 ἔπειτα
653 1085 692 1127 δ’
729 1088 967 1139 εἰσελθεῖν,
1010 1084 1179 1141 χρῄζων
1219 1085 1288 1127 ἐπὶ
1319 1085 1452 1138 πέρας

20 1174 24 1177 ·
54 1168 86 1193 15
106 1155 298 1211 ἀχθῆναι
329 1157 380 1198 τὰ
413 1155 676 1211 ἐγνωσμένα.

194 1227 309 1280 <99>
341 1225 412 1268 καὶ
445 1227 490 1269 οἱ
523 1226 622 1281 περὶ
660 1229 737 1269 τὸν
772 1225 961 1282 Χαιρέαν
1001 1228 1177 1268 ἔταττον
1209 1224 1289 1280 μὲν
1322 1226 1450 1280 ἀλλή-

105 1300 211 1346 λους
253 1290 280 1353 ᾗ
322 1299 492 1351 καιρός,
533 1296 605 1339 καὶ
651 1297 782 1352 ἐχρῆν
823 1296 1005 1339 ἕκαστον
1048 1297 1206 1338 στάντα
1247 1290 1273 1352 ᾖ
1316 1308 1450 1350 προσ-

104 1369 284 1421 ταχθείη
329 1368 386 1421 μὴ
431 1367 816 1421 ἀπολιμπάνεσθαι
858 1368 1187 1416 ἐπιπονοῦντας.
1256 1368 1449 1422 ἤχθοντο

106 1437 158 1489 δὴ
192 1443 241 1491 τῇ
276 1437 477 1492 διατριβῇ
509 1436 580 1479 καὶ
612 1444 670 1493 τῷ
702 1437 941 1491 μέλλεσθαι
978 1438 1029 1478 τὰ
1068 1437 1115 1478 ἐν
1147 1439 1315 1491 χερσίν,
1357 1436 1449 1478 ἐπεὶ

51 1519 85 1545 20
104 1505 175 1547 καὶ
219 1505 319 1561 περὶ
361 1508 441 1561 τὴν
485 1507 642 1561 ἐνάτην
688 1508 806 1561 ὥραν
850 1509 934 1561 ἤδη
976 1509 1027 1549 τὰ
1066 1514 1141 1561 τῆς
1182 1507 1341 1562 ἡμέρας
1380 1505 1447 1561 ἦν.

103 1577 247 1630 <100>
279 1575 351 1618 καὶ
385 1575 585 1631 Χαιρέας,
617 1579 915 1631 βραδύνοντος
947 1580 1098 1631 Γαΐου,
1131 1580 1361 1632 πρόθυμος
1392 1575 1448 1631 ἧν

105 1645 373 1688 ἐπεισελθὼν
405 1646 452 1688 ἐν
484 1654 533 1702 τῇ
564 1647 762 1704 καθέδρα
792 1655 1066 1702 προσπεσεῖν.
1129 1646 1314 1703 προῄδει
1346 1646 1446 1702 μέν-

103 1733 169 1758 τοι
213 1724 342 1759 τοῦτο
387 1719 468 1758 σὺν
512 1721 658 1774 πολλῷ
704 1720 827 1775 φόνῳ
871 1717 1081 1772 ἐσόμενον
1124 1726 1211 1760 τῶν
1255 1733 1297 1759 τε
1342 1720 1446 1772 βου-

104 1790 269 1829 λευτῶν
307 1786 379 1828 καὶ
417 1787 571 1830 ὁπόσοι
607 1796 694 1829 τῶν
734 1788 900 1830 ἱππέων
940 1795 1152 1843 παρῆσαν.
1214 1790 1367 1843 καίπερ
1401 1786 1440 1829 δ’

51 1870 83 1894 25
103 1858 248 1909 εἰδώς,
292 1860 523 1912 πρόθυμος
566 1855 639 1911 ἧν,
684 1862 824 1908 καλῶς
868 1860 984 1913 ἔχειν
1030 1859 1269 1912 ἡγούμενος
1312 1865 1446 1899 πᾶσιν

103 1926 344 1981 ἀσφάλειαν
394 1927 466 1969 καὶ
517 1928 773 1983 ἐλευθερίαν
818 1930 1068 1983 ὠνούμενος
1113 1929 1161 1970 ἐν
1206 1929 1340 1986 ὀλίγῳ
1384 1931 1445 1970 τί-

100 2001 264 2039 θεσθαι
305 1999 356 2040 τὰ
396 2000 503 2040 κατὰ
543 2001 646 2047 τοὺς
689 1998 1028 2053 ἀπολουμένους.
1090 2000 1233 2052 <101>
1275 1997 1347 2040 καὶ
1389 2000 1443 2053 δὴ

101 2067 406 2122 τετραμμένων
438 2070 499 2118 εἰς
530 2070 830 2123 τοῦθεάτρου
863 2070 942 2122 τὴν
974 2071 1152 2111 εἴσοδον
1184 2071 1442 2123 σημαίνεται

101 2138 232 2188 Γάιος
263 2138 512 2193 ἐξαναστάς,
542 2138 613 2180 καὶ
641 2141 838 2194 θόρυβος
868 2137 935 2193 ἧν.
991 2138 1260 2194 ἀνέστρεφον
1294 2137 1339 2180 δὲ
1372 2137 1443 2180 καὶ

47 2220 81 2245 30
102 2208 148 2249 oc
176 2211 426 2263 συνωμόται
457 2208 529 2250 καὶ
561 2208 843 2252 ἀνεωθοῦντο
876 2211 955 2264 τὴν
986 2211 1180 2264 πληθύν,
1216 2211 1329 2266 λόγῳ
1363 2206 1442 2262 μὲν

102 2279 174 2320 διὰ
212 2280 260 2321 τὸ
300 2280 604 2335 δυσχεραίνειν
641 2281 717 2322 τὸν
758 2280 914 2334 Γάιον,
954 2281 1066 2337 ἔργῳ
1106 2279 1142 2321 δ’
1188 2277 1251 2321 ἐπ’
1296 2278 1443 2328 ἀδείας

1479 1238 1521 1269 14
