1732 2526
761 63 876 96 ΒΙΟΣ
1407 60 1491 101 357

147 172 208 220 εἰς
240 170 399 225 μέσους
435 171 719 226 προύτεινον,
756 170 830 211 ἰ’να
868 167 1005 224 μηδὲν
1043 169 1321 224 ἀρνήσασθαι
1361 169 1493 222 δυνη-

147 245 312 296 θῶσιν,
357 242 624 296 ἐλεγχόντων
668 241 828 289 αὐτοὺς
868 248 955 282 τῶν
997 240 1274 295 γραμμάτων.
1336 240 1492 293 <2ἦ6>

149 310 235 353 ‘nal
267 313 370 367 μήν’
402 315 528 367 ἔφην,
561 310 766 365 <Ἰωνάθη
798 311 923 365 ὑμεῖς
954 309 1001 352 θ’
1042 312 1088 353 οἱ
1116 309 1420 365 συμπρέσβεις,
1454 311 1495 351 εἰ

145 385 253 436 πρὸς
279 381 489 437 Ἰωάννην
527 385 807 436 κρινόμενος,
847 379 957 435 ὑπὲρ
995 388 1074 423 τοῦ
1112 388 1383 436 παραστῆσαι
1415 381 1492 421 τὸν

109 452 336 507 ὅέμαυτοῦ
380 456 502 508 βιόν,
553 454 633 495 δύο
677 453 798 502 τινὰς
841 452 866 506 ἢ
912 459 1026 507 τρεῖς
1068 452 1289 506 μάρτυρας
1331 452 1492 499 καλοὺς

144 522 368 577 κάγαθοὺς
393 525 574 577 ἤγαγον,
601 524 738 577 δῆλον
765 523 822 572 ὡς
842 522 1036 576 ἀνάγκην
1063 521 1117 563 ἂν
1144 526 1292 576 εἴχετε,
1317 520 1490 575 προεξε-

144 593 350 651 τάσαντες
387 592 457 635 καὶ
496 595 597 642 τοὺς
634 594 803 635 τούτων
841 595 986 647 βίους,
1027 591 1269 642 ἀπαλλάξαι
1310 607 1361 646 με
1404 599 1491 633 τῶν

143 662 435 718 ἐγκλημάτων.
497 664 640 717 <257>
679 660 737 705 ἵν’
774 660 856 705 οὖν
894 671 1031 717 γνῶτε
1069 666 1210 712 καλῶς
1241 664 1496 716 πεπρᾶχθαί

143 749 216 787 μοι
248 735 299 775 τὰ
331 735 438 776 κατὰ
469 735 550 788 τὴν
583 736 843 787 Γαλιλαίαν,
885 741 999 789 τρεῖς
1036 731 1116 787 μὲν
1149 733 1369 789 μάρτυρας
1401 733 1489 774 ὀλί-

90 820 123 844 10
143 820 248 858 γους
292 802 404 846 εἶναι
448 807 608 859 νομίζω
651 799 709 862 τῷ
747 808 889 854 καλῶς
925 806 1178 858 βεβιωκότι,
1221 804 1403 852 τούτους
1442 800 1489 844 δὲ

141 875 306 925 πάντας
344 875 450 929 ὑμῖν
492 875 663 930 δίδωμι.
725 875 879 929 <258>
920 875 1036 929 παρὰ
1077 875 1246 916 τούτων
1288 870 1369 915 οὖν
1409 874 1489 915 πύ-

140 949 279 987 θεσθε
312 948 409 987 τίνα
440 948 605 1000 τρόπον
638 945 812 999 ἐβίωσα,
850 947 892 987 εἰ
921 946 1026 999 μετὰ
1057 945 1198 999 πάσης
1228 946 1490 999 σεμνότητος

140 1014 211 1056 καὶ
242 1017 383 1071 πάσης
408 1016 562 1070 ἀρετῆς
593 1015 755 1058 ἐνθάδε
779 1019 1103 1070 πεπολίτευμαι.
1154 1013 1225 1056 καὶ
1252 1015 1305 1068 δὴ
1333 1015 1487 1069 ὁρκίζω

140 1085 267 1139 ὑμᾶς,
299 1083 332 1128 ὦ
360 1088 602 1140 Γαλιλαῖοι,
635 1084 772 1141 μηδὲν
804 1086 1132 1141 ἐπικρύψασθαι
1164 1092 1238 1139 τῆς
1264 1085 1486 1139 ἀληθείας,

87 1172 120 1197 15
140 1155 284 1210 λέγειν
322 1155 362 1198 δ’
399 1156 468 1198 ἐπὶ
507 1158 694 1211 τούτων,
736 1157 793 1206 ὡς
830 1159 1066 1210 δικαστῶν,
1109 1160 1219 1198 εἴτι
1257 1156 1314 1210 μὴ
1347 1159 1489 1205 καλῶς

138 1225 408 1280 πέπρακταιῖ

227 1299 372 1353 <259>
403 1297 522 1341 ταῦτ’
559 1300 620 1340 ἔτι
653 1297 857 1352 λέγοντός
885 1314 970 1353 μου
996 1296 1141 1340 κοιναὶ
1166 1298 1283 1353 παρὰ
1309 1297 1486 1338 πάντων

140 1367 367 1422 ἐγίγνοντο
393 1372 555 1424 φωναί,
585 1370 839 1411 καλούντων
865 1368 1100 1422 εὐεργέτην
1120 1384 1170 1423 με
1197 1367 1269 1410 καὶ
1296 1373 1487 1422 σωτῆρα·

138 1437 210 1479 καὶ
247 1438 346 1494 περὶ
384 1437 464 1494 μὲν
502 1447 590 1481 τῶν
620 1439 939 1495 πεπραγμένων
973 1440 1268 1494 ἐμαρτύρουν,
1305 1437 1404 1489 περὶ
1438 1436 1485 1479 δὲ

85 1525 118 1550 20
138 1516 225 1550 τῶν
262 1509 643 1564 πραχθησομένων
680 1511 969 1564 παρεκάλουν.
1031 1510 1187 1559 πάντες
1225 1505 1263 1550 δ’
1307 1510 1485 1563 ὤμνυον

138 1579 428 1633 ἀνυβρίστους
465 1578 545 1634 μὲν
584 1583 699 1636 ἔχειν
736 1581 810 1630 τὰς
848 1588 1076 1634 γυναῖκας,
1120 1583 1393 1633 λελυπῆσθαι
1436 1577 1485 1621 δὲ

136 1648 350 1704 μηδέποτε
395 1648 532 1705 μηδὲν
575 1650 647 1692 ὑπ’
697 1650 815 1704 ἐμοῦ.
883 1651 1038 1705 <260>
1080 1651 1184 1704 μετὰ
1227 1656 1356 1692 τοῦτο
1401 1650 1483 1692 δύο

136 1727 223 1761 τῶν
262 1719 502 1763 ἐπιστολῶν
541 1721 590 1771 ἃς
628 1722 674 1763 οἱ
707 1721 1050 1770 κατασταθέντες
1088 1719 1161 1762 ὑπ’
1199 1720 1305 1775 ἐμοῦ
1343 1736 1482 1774 φρου-

137 1792 228 1843 ροί,
265 1794 540 1844 πεμφθείσας
576 1791 661 1833 ὑπὸ
693 1799 781 1833 τῶν
812 1791 910 1846 περὶ
942 1793 1020 1833 τὸν
1047 1789 1263 1846 Ἰωνάθην
1296 1789 1481 1844 ἑλόντες,

83 1875 117 1902 25
137 1859 461 1902 ἀπεστάλκεσαν
499 1863 606 1916 πρὸς
645 1861 738 1916 ἐμέ,
776 1864 1192 1916 παρανεγίγνωσκον
1230 1869 1320 1910 τοῖς
1353 1863 1394 1902 Γ
1390 1865 1481 1903 αλι-

136 1934 296 1985 λαιόις,
335 1935 512 1973 πολλῶν
551 1935 842 1986 βλασφημιῶν
883 1935 1062 1985 πλήρεις
1102 1930 1173 1973 καὶ
1210 1933 1481 1983 καταψευδο-

135 2001 266 2056 μένας
298 2002 364 2043 ὄτι
395 2004 627 2055 τυραννίδι
659 2007 826 2057 μᾶλλον
858 2003 883 2056 ἢ
917 2005 1153 2059 στρατηγίᾳ
1183 2010 1350 2058 χρῶμαι
1382 2000 1475 2043 κατ’

134 2072 297 2114 αὐτῶν·
342 2073 494 2126 <261>
538 2072 660 2127 ἕτερά
704 2089 749 2114 τε
791 2074 931 2115 πολλὰ
974 2074 1082 2126 πρὸς
1124 2074 1295 2122 τούτοις
1339 2072 1480 2126 ἐνεγέ-

134 2158 299 2197 γραπτο
326 2140 463 2197 μηδὲν
489 2145 827 2197 παραλιπόντων
856 2143 1150 2199 ἀναισχύντου
1176 2144 1478 2197 ψευδολογίας.

79 2227 114 2252 30
134 2215 245 2267 ἔφην
291 2211 328 2254 δ’
381 2212 463 2266 ἐγὼ
507 2215 616 2266 πρὸς
658 2215 705 2256 τὸ
749 2218 918 2267 πλῆθος
960 2215 1010 2255 τὰ
1054 2214 1283 2268 γράμματα
1327 2216 1479 2267 λαβεῖν

135 2285 306 2326 δόντων
339 2281 547 2333 ἑκουσίως
577 2291 663 2325 τῶν
696 2287 978 2338 κομιζόντων·
1024 2285 1077 2326 οὐ
1114 2285 1198 2340 γὰρ
1231 2285 1477 2339 ἐβουλόμην

1513 1308 1558 1340 50
