1732 2526
702 72 816 104 ΒῐοΣ
1348 70 1433 111 319

85 183 237 221 πίστει.
302 185 352 233 τῇ
386 178 536 233 γνώμῃ
576 175 614 219 δ’
658 178 712 220 οὐ
751 177 1042 233 συνηρέσκετο
1082 181 1260 231 Πίστος,
1297 192 1434 231 παρα-

85 252 271 304 γόμενος
302 250 386 291 ὑπὸ
415 247 610 290 Ἰούστου
652 255 730 290 τοῦ
767 249 940 298 παιδός·
979 248 1049 290 καὶ
1089 250 1171 303 γὰρ
1210 246 1265 302 ἧν
1303 249 1434 303 φύσει

85 334 176 370 πως
209 320 432 375 ἐπιμανής.
493 319 607 373 <35>
640 318 664 372 ἡ
698 318 880 374 δευτέρα
913 317 959 360 δὲ
993 320 1156 372 στάσις,
1195 318 1237 369 ἐξ
1272 318 1433 373 ἀσημο-

85 390 227 432 τάτων
260 396 565 443 συνεστηκυῖα,
601 392 808 443 πολεμεῖν
849 391 1034 443 ἔκρινεν.
1096 389 1212 442 <36>
1246 388 1434 439 Ἰοῦστος

50 472 66 496 ³
87 459 126 502 δ’
165 461 188 503 ὁ
222 463 392 503 Πίστου
425 467 540 513 παῖς,
572 460 594 502 ὁ
628 466 702 513 τῆς
732 461 879 514 τρίτης
910 461 1088 514 μερίδος
1115 467 1300 514 πρῶτος,
1332 460 1434 501 ὑπε-

86 532 261 585 κρίνετο
303 528 383 585 μὲν
421 529 663 580 ἐνδοιάζειν
699 532 807 583 πρὸς
843 531 920 572 τὸν
961 532 1174 584 πόλεμον,
1206 529 1434 584 νεωτέρων

87 598 126 642 δ’
169 601 380 656 ἐπεθύμει
422 601 714 655 πραγμάτων,
747 600 793 642 ἐκ
833 606 909 655 τῆς
950 603 1191 655 μεταβολῆς
1235 602 1436 655 οἰόμενος

87 673 279 726 δύναμιν
312 670 449 727 ἑαυτῷ
481 673 795 726 περιποιήσειν.
858 673 972 725 <37>
998 672 1236 725 παρελθὼν
1266 668 1348 714 οὗν
1374 673 1436 721 είς

86 741 245 797 μέσους
277 742 503 784 διδάσκειν
536 742 735 796 ἐπειρᾶτο
767 744 815 784 τὸ
848 745 1019 796 πλῆθος
1058 743 1115 792 ὡς
1151 741 1177 795 ἡ
1209 745 1335 791 πόλις
1367 742 1434 784 ἀεὶ

34 825 67 850 10
85 820 160 867 τῆς
203 815 440 863 Γαλιλαίας
479 813 650 868 ἄρξειεν
689 813 762 855 ἐπί
800 829 846 867 γε
885 820 973 855 τῶν
1009 811 1215 868 ῗΗρώδου
1259 815 1434 869 χρόνων

85 891 164 926 τοῦ
209 884 447 939 τετράρχου
491 883 562 926 καὶ
606 887 783 926 κτίστου
827 883 1091 938 γενομένου,
1135 883 1435 938 βουληθέντος

85 954 222 997 αὐτοῦ
247 956 327 1009 τὴν
348 958 651 1010 Σεπφωριτῶν
682 957 812 997 πόλιν
839 961 888 1010 τῇ
916 954 1151 1009 Τιβεριέων
1177 955 1433 1009 ὑπακούειν,

86 1024 325 1079 ἀποβαλεῖν
358 1023 405 1067 δὲ
438 1027 485 1067 τὸ
517 1033 734 1080 πρωτεῖον
767 1026 926 1075 αὐτοὺς
958 1025 1057 1080 μηδ’
1097 1024 1166 1067 ἐπὶ
1201 1032 1279 1068 τοῦ
1311 1028 1434 1080 βασι-

84 1095 193 1146 λέως
231 1095 445 1150 Ἀγρίππα
488 1102 566 1138 τοῦ
606 1098 789 1151 πατρός,
833 1097 1055 1150 διαμεῖναι
1103 1094 1151 1137 δὲ
1195 1095 1268 1138 καὶ
1308 1095 1434 1152 μέχρι

0 1175 3 1180 ’
32 1177 66 1203 15
89 1169 280 1221 Φήλικος
316 1165 645 1221 προεσταμένου
683 1173 758 1221 τῆς
793 1165 1020 1216 Ἰουδαίας.
1092 1167 1219 1220 <38>
1261 1173 1346 1209 νῦν
1389 1165 1427 1208 δ’

85 1239 233 1291 ἔλεγεν
260 1237 420 1287 αὐτοὺς
439 1236 701 1293 ἠτυχηκέναι
727 1243 785 1294 τῷ
812 1236 1010 1295 νεωτέρῳ
1032 1238 1204 1291 δωρεὰν
1220 1235 1434 1294 Ἀγρίππᾳ

86 1307 301 1358 δοθέντας
343 1308 428 1351 ὑπὸ
473 1308 702 1363 Νέρωνος·
755 1308 881 1363 ἄρξαι
925 1310 1007 1362 γὰρ
1054 1308 1190 1358 εὐθὺς
1229 1309 1309 1362 τὴν
1354 1306 1435 1363 μὲν

85 1377 343 1434 Σέπφωριν,
375 1378 523 1433 ἐπειδὴ
549 1378 776 1433 Ῥωμαίοις
806 1379 1045 1433 ὑπήκουσε,
1077 1385 1153 1432 τῆς
1182 1380 1434 1432 Γαλιλαίας,

85 1453 388 1504 καταλυθῆναι
422 1447 469 1490 δὲ
502 1448 602 1504 παρ’
642 1450 790 1499 αὐτοῖς
821 1451 900 1503 τήν
939 1466 982 1491 τε
1016 1450 1247 1504 βασιλικὴν
1279 1449 1434 1502 τράπε-

32 1531 66 1555 20
87 1523 162 1571 ζαν
188 1519 260 1561 καὶ
286 1520 337 1561 τὰ
363 1520 526 1575 ἀρχεῖα.
571 1521 685 1574 <39>
717 1527 851 1562 ταῦτα
883 1519 954 1561 καὶ
979 1522 1088 1574 πρὸς
1114 1521 1284 1569 τούτοις
1312 1520 1435 1575 ἕτερα

84 1591 225 1633 πολλὰ
262 1591 370 1632 κατὰ
407 1597 485 1632 τοῦ
533 1590 745 1645 βασιλέως
777 1589 991 1645 Ἀγρίππα
1025 1590 1166 1644 λέγων
1207 1588 1316 1645 ὑπὲρ
1356 1598 1434 1633 τοῦ

85 1663 162 1704 τὸν
189 1662 331 1716 δῆμον
357 1663 418 1710 εἰς
444 1662 524 1715 τὴν
550 1661 792 1703 ἀπόστασιν
820 1660 1031 1715 ἐρεθίσαι,
1064 1664 1317 1716 προσετίθει
1350 1667 1434 1703 νῦν

85 1728 199 1774 εἶναι
239 1732 394 1787 καιρὸν
432 1730 677 1786 ἀραμένους
715 1731 828 1773 ὅπλα
859 1730 932 1773 καὶ
965 1733 1227 1781 Γαλιλαίους
1266 1733 1434 1786 συμμά-

85 1818 190 1858 χους
221 1804 551 1857 προσλαβόντας
577 1801 746 1858 (ἄρξειν
772 1803 854 1857 γὰρ
882 1802 1027 1843 αὐτῶν
1055 1800 1246 1844 ἑκόντων
1279 1803 1352 1844 διὰ
1384 1804 1433 1845 τὸ

32 1883 66 1909 25
85 1875 193 1928 πρὸς
226 1875 327 1922 τοὺς
359 1875 648 1927 Σεπφωρίτας
679 1880 803 1927 μῖσος
834 1872 1034 1927 ὑπάρχον
1066 1872 1228 1927 αὐτοῖς,
1261 1873 1327 1914 ὅτι
1353 1874 1433 1927 τὴν

85 1946 194 1999 πρὸς
226 1942 463 1997 Ῥωμαίους
499 1944 646 1985 πίστιν
685 1942 1076 1998 διαφυλάττουσιν)
1115 1944 1280 1999 μεγάλῃ
1320 1942 1433 1998 χειρὶ

85 2015 194 2070 πρὸς
218 2015 298 2068 τὴν
325 2011 436 2067 ὑπὲρ
457 2013 602 2055 αὐτῶν
622 2015 835 2068 τιμωρίαν
860 2012 1116 2067 τραπέσθαι.
1161 2014 1274 2067 <40>
1298 2020 1433 2056 ταῦτα

87 2083 227 2139 λέγων
258 2082 562 2138 προυτρέψατο
595 2085 642 2125 τὸ
675 2087 861 2138 πλῆθος·
906 2081 961 2138 ἧν
993 2084 1076 2138 γὰρ
1116 2084 1265 2134 ἱκανὸς
1297 2085 1434 2139 δημα-

86 2162 246 2209 γωγεῖν
278 2153 351 2196 καὶ
382 2162 469 2196 τῶν
501 2153 822 2208 ἀντιλεγόντων
848 2155 899 2196 τὰ
925 2156 1080 2209 βελτίω
1113 2162 1328 2209 περιεῖναι
1360 2171 1434 2209 γο-

34 2237 68 2262 30
85 2227 208 2281 ητείᾳ
238 2224 311 2267 καὶ
343 2224 482 2281 ἀπάτῃ
514 2231 565 2279 τῇ
599 2226 672 2266 διὰ
698 2227 854 2279 λόγων.
911 2224 982 2266 καὶ
1008 2226 1090 2280 γὰρ
1123 2224 1218 2267 οὐδ’
1256 2226 1435 2279 ἄπειρος

85 2293 142 2350 ἦν
172 2297 372 2346 παιδείας
403 2302 478 2350 τῆς
508 2294 607 2351 παρ’
632 2294 858 2350 ’Έλλησιν,
896 2291 923 2352 ᾖ
961 2300 1145 2351 θαρρῶν
1184 2295 1433 2351 ἐπεχείρησε
