1732 2526
394 498 613 541 ΒΙΒΛοΣ
652 480 1218 541 ENNEAKAMEKATHss

219 608 304 662 <1>
343 607 475 656 Γάιος
516 605 557 647 δ’
599 606 680 648 οὐκ
717 607 777 655 εἰς
814 606 978 659 μόνους
1011 604 1253 656 Ἰουδαίους
1293 609 1395 657 τοὺς
1426 607 1472 649 έν
1502 611 1523 649 1

122 677 445 732 Ἱεροσολύμοις
481 675 553 717 καὶ
589 678 692 725 τοὺς
730 676 884 718 ὁπόσοι
915 673 1009 730 τῇδ’
1053 677 1251 718 οἰκοῦσιν
1284 676 1473 719 ἐπεδείκ-

129 763 233 790 νυτο
266 753 340 801 τῆς
371 747 539 801 ὕβρεως
570 748 650 800 τὴν
682 748 858 801 μανίαν,
891 746 999 788 ἀλλὰ
1029 748 1102 788 διὰ
1127 747 1266 801 πάσης
1298 746 1473 802 ε’ρχομέ-

128 834 213 872 νην
253 824 332 871 γῆς
374 816 446 859 καὶ
488 817 714 870 θαλάσσης
757 819 957 859 ἔστελλεν
1001 816 1154 870 αὐτήν,
1198 818 1336 871 ὁπόση
1374 817 1473 860 Ῥω-

93 890 273 943 5μαίοις
303 888 531 941 ὑπακούει,
569 889 739 942 μυρίων
780 885 818 929 τ’
860 887 1105 942 ἀνέπλησεν
1143 887 1280 942 αὐτὴν
1311 896 1472 942 κακῶν,

129 958 268 1001 ὁπόσα
288 959 345 1013 μὴ
368 959 567 1012 ἱστόρητο
587 960 814 1013 πρότερον.
859 959 942 1012 <2>
969 959 1155 1013 μάλιστα
1182 957 1220 1000 δ’
1252 957 1472 1013 ᾐσθάνετο

128 1035 207 1070 τοῦ
228 1030 379 1072 δεινοῦ
404 1037 491 1070 τῶν
517 1027 827 1083 πραττομένων
846 1028 1039 1083 ἡῬώμη,
1059 1027 1150 1070 κατ’
1175 1027 1308 1070 οὐδὲν
1335 1029 1472 1083 αὐτὴν

129 1093 388 1154 τιμιωτέραν
414 1106 502 1141 τῶν
528 1103 694 1141 λοιπῶν
727 1101 900 1140 πόλεων
931 1098 1198 1153 ἡγουμένου,
1229 1099 1339 1140 ἀλλὰ
1370 1100 1474 1148 τούς

33 1197 39 1200 -
69 1217 76 1220 ,
127 1167 164 1211 τ’
185 1170 346 1219 ἄλλους
365 1170 549 1223 ἄγοντος
568 1168 640 1211 καὶ
660 1168 872 1223 φέροντος
890 1168 961 1211 καὶ
982 1170 1166 1224 μάλιστα
1186 1171 1265 1223 τὴν
1286 1170 1473 1223 σύγκλη-

76 1252 109 1278 10
128 1256 206 1282 τον
237 1238 309 1282 καὶ
341 1240 495 1282 ὁπόσοι
526 1240 695 1282 τούτων
721 1240 978 1293 εὐπατρίδαι
1009 1239 1080 1281 καὶ
1117 1242 1350 1294 προγόνων
1383 1239 1472 1282 ε’πι-

128 1313 329 1365 φανείαις
352 1312 602 1365 τιμώμενοι.
664 1312 747 1364 <3>
775 1313 910 1365 μυριά
935 1309 980 1351 θ’
1016 1310 1237 1365 εὑρίσκετο
1265 1310 1337 1352 καὶ
1365 1312 1473 1352 κατὰ

127 1389 215 1422 τῶν
249 1380 413 1423 ἱππέων
445 1379 525 1436 μὲν
551 1380 852 1436 καλουμένων,
878 1380 1087 1436 ἀξιώματι
1115 1379 1162 1423 ὁὲ
1188 1380 1259 1422 καὶ
1287 1381 1473 1434 δυνάμει

128 1451 361 1505 χρημάτων
405 1452 533 1506 ὅμοια
576 1458 668 1501 τοῖς
711 1455 1016 1506 συγκλητικοῖς
1062 1452 1144 1493 ὑπὸ
1189 1458 1264 1505 τῆς
1306 1453 1473 1501 πόλεως

131 1520 360 1576 ἀγομένων
387 1522 459 1563 διὰ
485 1523 532 1563 τὸ
560 1521 606 1563 ἐκ
631 1523 799 1564 τούτων
826 1523 887 1571 εἰς
911 1523 991 1576 τὴν
1017 1523 1186 1576 βουλὴν
1213 1519 1325 1563 εἶναι
1344 1537 1472 1562 κατα-

79 1603 111 1628 15
131 1593 317 1645 κλήσεις,
350 1589 411 1634 ὧν
444 1592 649 1646 ἀτίμωσις
680 1590 735 1646 ἧν
772 1591 844 1634 καὶ
886 1592 1214 1646 μετανάστασις,
1251 1590 1472 1645 κτεινομέ-

128 1678 220 1703 νων
256 1678 302 1704 τε
340 1661 412 1703 καὶ
455 1664 506 1704 τὰ
550 1665 744 1718 χρήματα
783 1662 1050 1716 συλωμένων
1089 1663 1162 1704 διὰ
1200 1664 1247 1704 τὸ
1286 1660 1358 1703 καὶ
1398 1663 1472 1711 τὰς

128 1733 299 1787 σφαγὰς
330 1733 387 1782 ὡς
418 1734 465 1775 τὸ
498 1735 610 1775 πολὺ
644 1731 710 1774 ἐπ’
749 1732 978 1787 ἀφαιρέσει
1010 1741 1097 1775 τῶν
1132 1732 1365 1787 χρημάτων
1396 1732 1472 1773 αὐκ

128 1810 219 1852 τοῖς
250 1803 579 1857 συντυγχάνειν.
643 1805 727 1857 <4>
762 1802 974 1854 ἐξεθείαζε
1008 1802 1047 1845 δ’
1084 1803 1255 1856 ἑαυτόν,
1294 1802 1366 1844 καὶ
1397 1803 1472 1852 τὰς

127 1874 252 1927 τιμὰς
293 1870 434 1914 οὐκέτ’
472 1873 756 1926 ἀνθρωπίνας
795 1873 919 1927 ἠξίου
958 1876 1191 1927 γίγνεσθαι
1222 1873 1339 1925 παρὰ
1383 1880 1471 1914 τῶν

75 1955 109 1979 20
127 1943 333 1996 ὑπηκόων
366 1943 495 1999 αὐτῷ.
557 1947 617 1992 εἴς
648 1959 692 1985 τε
731 1949 808 1985 τοῦ
841 1945 951 1993 Διὸς
988 1951 1153 1998 φοιτῶν
1191 1945 1239 1985 τὸ
1280 1944 1415 1997 ἱερόν,
1447 1942 1469 1983 ὃ

127 2014 414 2055 Καπετώλιον
446 2011 525 2067 μὲν
566 2016 765 2067 καλοῦσι,
803 2015 1062 2068 τιμιώτατον
1095 2011 1143 2055 δὲ
1184 2011 1283 2066 παρ’
1323 2012 1471 2061 αὐτοῖς

127 2082 216 2124 ἐστὶ
247 2090 334 2124 τῶν
367 2084 510 2137 ἱερῶν,
540 2083 732 2137 ἀδελφὸν
767 2083 976 2138 ἐτόλμησε
1011 2084 1357 2139 προσαγορεύειν
1389 2084 1467 2123 τὸν

128 2155 228 2194 Διά.
291 2154 376 2207 <5>
421 2152 493 2195 καὶ
536 2149 672 2195 τᾶλλα
712 2155 891 2209 ἔπραττε
932 2155 1090 2209 μανίας
1133 2152 1265 2196 οὐδὲν
1316 2153 1469 2194 ἀπολε-

128 2222 349 2278 λειμμένα,
392 2222 483 2265 ἐπεὶ
527 2222 599 2264 καὶ
640 2223 723 2266 ἀπὸ
762 2227 1071 2280 Δικαιαρχείας
1107 2231 1181 2279 τῆς
1218 2226 1384 2272 πόλεως
1422 2223 1468 2263 ἐν

76 2305 108 2329 25
129 2295 365 2350 Καμπανίᾳ
402 2292 603 2348 κειμένης
641 2295 701 2344 εἰς
738 2296 984 2350 ᾼΜισηνούς,
1026 2293 1176 2349 ἑτέραν
1217 2296 1348 2335 πόλιν
1380 2292 1469 2334 ε’πι-
