1732 2526
597 108 1005 141 EnTAKAmEKATH
1389 108 1472 150 103

127 212 218 270 μέγ’
254 215 582 270 ἀνακραγόντος
613 215 780 269 οἰμωγή
812 213 848 256 τ’
887 211 1019 265 αὖθις
1050 215 1134 257 ἀνὰ
1166 217 1214 258 τὸ
1247 217 1472 268 βασίλειον

126 283 179 340 ἦν
222 285 293 328 καὶ
336 288 534 341 θόρυβος
574 284 706 340 μέγας
749 286 807 334 ὡς
852 284 1084 340 οἰχομένου
1128 291 1206 327 τοῦ
1250 285 1472 340 βασιλέως.

126 356 268 411 <185>
300 355 372 398 καὶ
405 356 427 398 ὁ
455 354 738 411 Ἀντίπατρος
776 354 988 411 (πιστεύει
1026 356 1108 411 γὰρ
1142 354 1264 406 τέλος
1296 356 1473 410 ἀληθῶς

126 428 203 468 τὸν
232 426 394 482 πατέρα
426 424 560 482 ἔχειν)
599 425 756 481 θράσει
794 423 833 466 τ’
882 425 1034 481 ἐχρῆτο
1073 423 1143 467 ἐπὶ
1182 433 1270 475 τοῖς
1310 429 1470 480 λόγοις,

88 510 104 533 5
126 496 226 547 ὅλος
255 498 312 548 ὡς
342 498 425 552 ἤδη
459 504 548 538 τῶν
581 497 753 551 δεσμῶν
780 495 1015 551 ἀφειμένος
1040 495 1112 538 καὶ
1138 497 1216 550 τὴν
1244 499 1470 551 βασιλείαν

123 566 294 609 ἀκονιτὶ
338 566 569 622 δεξόμενος
617 567 679 616 εἰς
724 573 891 622 χεῖρας,
940 565 1011 608 καὶ
1055 573 1113 622 τῷ
1159 567 1470 622 εἱρκτοφύλακι.

121 636 220 693 περὶ
264 637 459 693 ἀφέσεως
497 635 553 692 ἦν
595 638 731 681 αὐτοῦ
773 638 997 692 διάλογος,
1042 636 1191 692 μεγάλ’
1234 638 1469 694 ὑπισχνου-

121 705 258 761 μένου
291 709 352 757 είς
383 709 430 750 τὸ
463 709 605 764 παρὸν
631 706 703 749 καὶ
729 709 777 750 τὸ
805 704 950 761 αὖθις,
984 707 1042 757 ὡς
1073 707 1127 749 ἂν
1155 707 1253 763 περὶ
1286 710 1469 751 τοιῶνδε

120 783 199 820 τοῦ
225 777 395 832 ἀγῶνος
422 777 710 834 ἐνεστηκότος.
755 779 899 832 <186>
926 778 948 820 ὃ
977 774 1016 820 δ’
1042 778 1094 820 οὐ
1121 781 1259 833 μόνον
1286 778 1471 833 ἀπειθὴς

69 863 101 888 10
121 845 176 902 ἦν
213 849 418 904 πράττειν
456 845 524 904 ἐφ’
560 844 626 899 οἷς
665 848 789 903 ἠξίου
827 845 1127 904 Ἀντίπατρος,
1172 849 1281 892 ἀλλὰ
1312 849 1468 907 καὶτῷ

119 922 293 974 βασιλεῖ
315 919 603 975 ἀποσημαίνει
630 920 833 962 διάνοιαν
858 920 938 974 τὴν
965 919 1151 975 ἐκείνου,
1186 923 1366 970 πολλαῖς
1397 919 1470 962 καὶ

118 998 432 1046 προεισφοραῖς
456 989 557 1046 παρ’
589 990 725 1033 αὐτοῦ
751 991 985 1046 χρώμενος.
1035 990 1179 1045 <187>
1211 991 1233 1033 ὁ
1262 989 1309 1032 δὲ
1329 990 1470 1046 ‘Hych-

119 1061 197 1114 δης
222 1059 293 1103 καὶ
319 1063 534 1116 πρότερον
561 1060 640 1116 οὐχ
666 1061 909 1115 ἡττώμενος
935 1061 1088 1118 εὐνοία
1114 1068 1193 1104 τοῦ
1218 1060 1349 1115 υἶέος,
1377 1060 1470 1103 ἐπεὶ

118 1131 277 1184 ἤκουσε
304 1138 383 1174 τοῦ
409 1132 752 1187 εἱρκτοφύλακος
777 1130 897 1173 ταῦτ’
923 1133 1161 1187 εἰρηκότος,
1188 1130 1404 1186 ἀνεβόησέ
1426 1131 1463 1173 τ’

27 1235 33 1238 .
66 1215 99 1240 15
119 1201 454 1256 ἀνατυψάμενος
485 1203 565 1256 τὴν
597 1203 809 1257 κεφαλήν,
842 1204 996 1257 καίπερ
1030 1201 1077 1244 ἐν
1109 1207 1167 1258 τῷ
1194 1202 1364 1260 ὑστάτῳ
1392 1203 1468 1256 ὥν,

117 1271 190 1314 καὶ
217 1270 286 1314 ἐπὶ
317 1273 394 1315 τὸν
426 1271 601 1326 ἀγκῶνα
632 1272 840 1328 περιάρας
873 1271 1030 1315 ἑαυτὸν
1067 1273 1256 1327 κελεύει,
1296 1271 1469 1327 πέμψας

116 1343 239 1393 τινὰς
278 1350 366 1384 τῶν
408 1344 694 1398 δορυφόρων,
741 1340 879 1397 μηδὲν
920 1344 982 1392 εἰς
1024 1342 1243 1397 ἀναβολὰς
1284 1339 1378 1384 ἀλλ’
1422 1343 1468 1384 ἐκ

118 1419 196 1456 τοῦ
223 1412 342 1465 ὀξέος
367 1415 619 1463 κτείναντας
645 1413 780 1456 αὐτὸν
806 1412 853 1456 ἐν
873 1412 1079 1470 Ὑρκανία
1103 1413 1244 1468 ταφὰς
1270 1413 1468 1468 ἀσήμους

117 1488 354 1526 ποιεῖσθαι.

65 1569 98 1594 20
207 1555 352 1609 (188)
392 1555 468 1604 τὰς
509 1552 556 1596 δὲ
598 1555 815 1609 διαθήκας
856 1551 988 1605 αὖθις
1031 1555 1295 1609 μεταγράφει
1342 1557 1512 1608 μετα-8

117 1628 250 1680 βολῆς
294 1625 410 1682 αὐτῷ
450 1623 550 1681 περὶ
593 1626 674 1679 τὴν
715 1625 919 1668 διάνοιαν
960 1623 1220 1680 γενομένης,
1260 1624 1466 1666 Ἀντίπαν

118 1695 213 1751 μέν,
258 1691 291 1753 ᾧ
336 1696 416 1750 τὴν
461 1697 688 1750 βασιλείαν
737 1699 1058 1749 καταλελοίπει,
1108 1695 1349 1751 τετράρχην
1392 1711 1466 1737 κα-

116 1767 272 1817 θιστὰς
312 1768 549 1817 Γαλιλαίας
588 1782 632 1808 τε
674 1764 746 1808 καὶ
786 1768 998 1821 Περαίας,
1041 1763 1255 1822 Ἀρχελάῳ
1297 1764 1345 1808 δὲ
1386 1767 1466 1820 τὴν

116 1840 344 1892 βασιλείαν
375 1839 678 1894 χαριζόμενος,
720 1837 866 1892 <189>
898 1839 977 1892 τήν
1008 1852 1052 1879 τε
1086 1838 1362 1878 Γαυλωνῖτιν
1393 1835 1466 1878 καὶ

64 1921 97 1947 25
123 1910 392 1964 Τραχωνῖτιν
441 1906 514 1949 καὶ
562 1909 814 1949 Βαταναίαν
862 1906 935 1949 καὶ
984 1906 1192 1949 Πανιάδα
1243 1908 1465 1964 Φιλίππῳ,

116 1978 242 2021 παιδὶ
291 1977 371 2033 μὲν
413 1985 473 2035 τῷ
520 1978 655 2020 αὑτοῦ
696 1974 930 2034 Ἀρχελάου
974 1977 1013 2020 δ’
1063 1978 1238 2034 ἀδελφῷ
1283 1979 1464 2035 γνησίῳ,

117 2051 372 2105 τετραρχίαν
410 2044 535 2090 εἶναι.
594 2045 809 2103 Ἰάμνειαν
851 2046 899 2091 δὲ
935 2047 1008 2091 καὶ
1034 2047 1224 2100 ’Ἀζωτον
1261 2047 1333 2090 καὶ
1376 2050 1465 2089 Φα-

117 2121 304 2174 σαηλίδα
348 2120 543 2174 Σαλώμῃ
591 2125 642 2174 τῇ
687 2118 854 2175 ἀδελφῇ
905 2119 1042 2162 αὑτοῦ
1091 2117 1342 2173 κατανέμει,
1392 2118 1466 2160 καὶ

116 2189 330 2246 ἀργυρίου
357 2189 572 2245 ἐπισήμου
598 2189 815 2244 μυριάδας
839 2191 1120 2244 πεντήκοντα.
1165 2189 1308 2243 <19Ο>
1328 2204 1465 2243 πρου-

63 2273 97 2299 30
115 2262 248 2316 νόησε
275 2258 324 2303 δὲ
349 2259 420 2303 καὶ
446 2268 533 2302 τῶν
560 2263 739 2314 λοιπῶν,
766 2250 920 2302 ὁπόσοι
947 2267 1172 2314 συγγενεῖς
1197 2255 1310 2314 ἦσαν
1331 2259 1465 2315 αὐτῷ,

210 2346 229 2385 ξ
257 2346 323 2377 185
350 2342 394 2377 cf.
422 2341 513 2377 Bell.
540 2341 618 2377 Iud.
646 2341 662 2375 I
688 2344 742 2386 33,
773 2344 803 2376 7.
