1732 2526
228 55 313 96 322
760 56 989 90 ΙῼΣΗΠΟΥ

227 164 469 219 Καισαρείᾳ
501 164 664 217 Σύρων
702 162 860 219 ἐπῆρτο
900 162 1009 218 μέγα
1048 172 1248 219 φρονεῖν,
1286 164 1574 218 ἀναιρεθήσέ-

227 237 334 274 σθαι
365 230 446 287 μὲν
478 235 699 287 λεγόντων
738 234 822 276 ὑπὸ
856 233 1079 289 Ῥωμαίων
1106 233 1351 289 Ἀγρίππαν
1393 235 1466 276 διὰ
1497 236 1574 285 τὰς

226 304 310 345 ὑπὸ
333 301 563 346 Ἰουδαίων
590 303 814 359 ἁμαρτίας,
841 306 1062 358 λήψεσθαι
1090 304 1129 347 δ’
1160 306 1295 348 αὐτὸν
1326 306 1406 360 τὴν
1433 306 1574 362 ἀρχὴν

227 374 273 415 ἐκ
304 373 522 428 βασιλέων
549 376 673 417 ὄντα·
705 374 777 417 καὶ
805 377 886 430 γὰρ
914 373 968 430 ἦν
995 375 1359 430 ὁμολογουμένως
1385 377 1408 419 ὁ
1431 375 1575 433 ’ὃᾶρος

225 446 457 498 βασιλικοῦ
489 443 659 500 γένους,
693 448 873 500 ἔγγονος
893 446 1068 501 Σοέμου
1101 454 1179 489 τοῦ
1211 445 1310 501 περὶ
1343 449 1419 490 τὸν
1441 450 1573 502 Λίβα-

225 531 307 557 νον
334 523 702 571 ,τετραρχοῦντοςκ
777 518 903 571 <53>
948 519 1021 559 διὰ
1064 516 1183 560 τοῦτ’
1235 514 1317 560 οὗν
1362 518 1384 560 ὁ
1431 514 1575 573 ’ὅᾶρος

225 586 502 640 τυφούμενος
540 588 614 637 τὰς
652 586 732 642 μὲν
778 588 1006 638 ἐπιστολὰς
1049 587 1149 642 παρ’
1201 587 1339 646 ἑαυτῷ
1380 587 1575 644 κατέσχε,

226 657 538 710 μηχανώμενος
569 658 627 711 μὴ
661 658 858 713 ἐντυχεῖν
890 667 980 708 τοῖς
1012 659 1234 713 γράμμασι
1267 661 1344 702 τὸν
1376 658 1575 714 βασιλέα,

226 726 301 775 τὰς
333 725 512 776 ἐξόδους
544 725 592 768 δὲ
624 728 763 778 πάσας
796 728 1017 784 ἐφρούρει,
1050 731 1106 784 μὴ
1141 730 1325 784 διαδράς
1348 745 1413 780 τις
1439 729 1575 783 ἀπαγ-

226 798 382 849 γείλειε
409 802 466 853 τῷ
494 799 665 851 βασιλεῖ
690 800 741 840 τὰ
768 801 1055 854 πραττόμενα.
1106 801 1177 841 καὶ
1210 801 1264 853 δὴ
1292 801 1574 855 χαριζόμενος

226 873 316 916 τοῖς
347 868 454 908 κατὰ
491 868 571 921 τὴν
608 869 878 923 Καισάρειαν
919 871 1084 925 Σύροις
1120 872 1311 920 πολλοὺς
1351 877 1440 912 τῶν
1466 868 1575 912 Ἰου-

227 937 365 978 δαίων
397 936 662 980 ἀπέκτεινεν.
725 940 841 994 <54>
882 939 1106 995 ἐβουλήθη
1147 938 1195 982 δὲ
1233 939 1304 982 καὶ
1342 942 1447 995 μετὰ
1488 948 1576 983 τῶν

1596 815 1628 840 10

227 1006 274 1048 ἐν
306 1010 532 1065 Βαταναία
564 1011 856 1065 Τραχωνιτῶν
889 1010 1124 1065 ἀναλαβὼν
1151 1011 1201 1052 τὰ
1228 1011 1340 1052 ὅπλα
1374 1010 1443 1053 ἐπὶ
1474 1014 1598 1061 τοὺς

228 1076 274 1119 ἐν
307 1076 589 1133 Ἐκβατάνοις
625 1082 943 1134 Βαβυλωνίους
981 1080 1226 1131 Ἰουδαίους
1271 1081 1452 1137 (ταύτην
1493 1083 1576 1136 γὰρ

226 1149 306 1202 τὴν
338 1153 640 1204 προσηγορίαν
672 1150 868 1207 ἔχουσιν)
896 1152 1095 1206 ὁρμῆσαι.
1143 1153 1257 1205 <55>
1283 1151 1467 1202 καλέσας
1493 1149 1575 1194 οὖν

226 1226 314 1260 τῶν
345 1220 452 1261 κατὰ
484 1221 564 1275 τὴν
596 1222 867 1276 Καισάρειαν
894 1222 1119 1264 Ἰουδαίων
1153 1223 1324 1264 δώδεκα
1361 1225 1464 1272 τοὺς
1502 1224 1575 1265 δο-

226 1290 511 1344 κιμωτάτους,
540 1290 830 1345 προσέταττεν
857 1292 1005 1342 αὐτοῖς
1037 1292 1319 1348 ἀφικομένοις
1347 1295 1408 1343 εἰς
1424 1291 1575 1348 Ἐκβά-

227 1376 336 1401 τανα
376 1362 484 1415 πρὸς
524 1364 626 1411 τοὺς
670 1362 757 1404 ἐκεῖ
795 1371 1107 1413 κατοικοῦντας
1139 1363 1285 1405 αὐτῶν
1324 1365 1577 1419 ὁμοφύλους

227 1432 365 1472 εἰπεῖν
407 1431 473 1473 ὅτι
509 1429 669 1487 ’ὃᾶρος,
707 1432 897 1483 ἀκούσας
928 1434 1040 1489 ὑμᾶς
1079 1433 1147 1476 ἐπὶ
1186 1433 1368 1489 βασιλέα
1399 1434 1575 1489 μέλλειν

228 1501 391 1556 ὁρμᾶν,
428 1500 500 1543 καὶ
539 1504 596 1557 μὴ
635 1505 889 1558 πιστεύσας,
925 1504 1154 1559 πέπομφεν
1191 1505 1303 1559 ἡμᾶς
1345 1508 1575 1555 πείσοντας

227 1572 338 1626 ὑμᾶς
369 1573 421 1614 τὰ
454 1573 566 1615 ὅπλα
597 1574 890 1616 καταθέσθαι·
923 1581 1052 1617 τοῦτο
1086 1576 1168 1631 γὰρ
1196 1576 1312 1632 αὐτῷ
1340 1578 1575 1630 τεκμήριον

229 1643 410 1684 ἔσεσθαι
440 1642 513 1685 καὶ
545 1651 624 1686 τοῦ
656 1648 796 1694 καλῶς
828 1640 903 1700 μὴ’
924 1651 1152 1688 πιστεῦσαι
1189 1653 1281 1695 τοῖς
1318 1645 1418 1701 περὶ
1448 1646 1574 1701 ὑμῶν

229 1712 448 1767 λέγουσιν.
511 1715 627 1770 <56>
660 1715 828 1758 ἐκέλευε
863 1714 911 1758 δὲ
942 1716 1014 1758 καὶ
1052 1719 1155 1766 τοὺς
1191 1718 1391 1772 πρώτους
1429 1717 1575 1759 αὐτῶν

229 1785 393 1838 ἄνδρας
433 1783 733 1840 ἑβδομήκοντα
770 1786 978 1842 πέμπειν,
1021 1786 1437 1842 ἀπολογησομένους
1475 1785 1575 1842 περὶ

228 1861 304 1909 τῆς
348 1854 692 1911 ἐπενηνεγμένης
729 1858 880 1906 αἰτίας.
942 1857 1149 1908 ἐλθόντες
1193 1854 1274 1900 οὖν
1318 1858 1364 1900 οἱ
1404 1858 1574 1899 δώδεκα

229 1926 337 1980 πρὸς
368 1927 469 1975 τοὺς
501 1925 548 1967 ἐν
576 1925 858 1981 Ἐκβατάνοις
895 1928 1165 1984 ὁμοφύλους,
1195 1927 1267 1970 καὶ
1308 1930 1575 1982 καταλαβόν-

229 2011 298 2046 τες
329 1995 490 2045 αὐτοὺς
521 1995 659 2051 μηδὲν
685 1996 754 2039 ἐπὶ
780 2006 1055 2056 νεωτερισμῷ
1080 2006 1372 2055 φρονοῦντας,
1398 1999 1574 2040 ἔπεισαν

231 2065 301 2108 καὶ
345 2068 447 2116 τοὺς
490 2065 790 2122 ἑβδομήκοντα
834 2068 1031 2124 πέμπειν.
1093 2071 1219 2123 (57)
1264 2072 1310 2111 οἳ
1346 2066 1394 2110 δὲ
1436 2066 1575 2123 μηδὲν

230 2137 550 2187 ὑποπτεύοντες
570 2144 772 2181 τοιοῦτον
793 2134 889 2182 οἷον
911 2142 1089 2194 ἔμελλεν
1110 2140 1429 2194 ἀποβήσεσθαι,
1451 2138 1575 2189 ἐξαπ-

1596 1165 1630 1191 15

1596 1519 1629 1543 20

1595 1868 1628 1895 25

233 2206 440 2250 ἔστειλαν.
514 2211 828 2263 καταβαίνουσι
868 2208 906 2251 δ’
952 2207 1073 2253 οὗτοι
1124 2211 1228 2265 μετὰ
1272 2217 1358 2252 τῶν
1403 2210 1574 2251 δώδεκα
1593 2222 1628 2247 3⁰

231 2277 456 2333 πρέσβεων
482 2279 543 2328 εἰς
568 2279 647 2332 τὴν
668 2279 949 2334 Καισάρειαν.
994 2280 1244 2335 ὑπαντήσας
1273 2277 1354 2322 οὖν
1387 2280 1408 2322 ὁ
1431 2277 1576 2333 ’ὅᾶρος
