1732 2526
216 73 302 114 350
767 72 996 106 ΙῼΣΗΠΟΤ

211 181 363 234 πεδον,
401 186 475 233 τῆς
512 180 657 234 κώμης
694 180 801 222 ὅσον
843 178 1050 233 ἑξήκοντα
1096 179 1301 228 σταδίους
1339 177 1567 233 ἀποσχών.”

211 252 355 305 (215)
393 251 601 300 πολλάκις
638 248 718 304 μὲν
761 246 842 292 οὖν
879 251 955 299 τὰς
993 249 1200 303 δυνάμεις
1247 248 1556 303 προηγάγομεν

211 321 269 370 ὡς
300 322 361 370 εἰς
393 321 548 376 μάχην,
581 319 715 362 πλεόν
749 319 788 362 δ’
830 318 963 362 οὐδὲν
1002 319 1335 374 ἀκροβολισμῶν
1374 318 1555 373 ἐπράξα-

211 404 312 445 μεν·
358 392 380 434 ὁ
413 392 495 446 γὰρ
534 391 757 441 Πλάκιδος
795 391 882 447 ὅσῳ
921 406 999 444 περ
1040 390 1275 444 ἐγίγνωσκε
1309 389 1555 431 σπεύδοντά

211 477 261 514 με
299 464 408 517 πρὸς
445 462 608 516 μάχην,
646 463 776 511 αὐτὸς
813 463 1217 515 καταπληττόμενος
1257 458 1553 501 ὑπεστέλλετο.
1590 471 1607 496 5

210 538 283 586 τῆς
314 531 463 586 μέντοι
496 533 800 586 Πτολεμαΐδος
832 532 912 574 οὐκ
945 531 1179 587 ἐχωρίζετο.

150 614 197 643 44
300 602 444 657 <216>
476 604 583 644 κατὰ
615 609 772 644 τοῦτον
806 600 854 643 δὲ
885 603 962 643 τὸν
993 602 1148 656 καιρὸν
1180 601 1446 655 ἀφικόμενος
1467 598 1554 642 Ἰω-

211 674 350 726 νάθης
381 674 486 727 μετὰ
518 681 605 714 τῶν
638 671 954 727 συμπρέσβεων
993 668 1054 713 ὧν
1088 673 1253 726 ἔφαμεν
1287 671 1333 712 ἐκ
1364 679 1452 713 τῶν
1477 670 1553 712 Ἱε-

208 744 468 797 ροσολύμων
515 744 599 784 ὑπὸ
642 750 730 784 τῶν
772 741 871 796 περὶ
915 744 1099 796 Σίμωνα
1138 741 1211 783 καὶ
1243 740 1434 783 ’Ἀνανον
1475 742 1552 783 τὸν

208 812 409 869 ἀρχιερέα
446 812 723 867 πεπέμφθαι,
763 815 915 866 λαβεῖν
953 827 1003 865 με
1043 807 1100 852 δι’
1149 810 1328 866 ἐνέδρας
1372 811 1550 865 ἐπεβού-
1572 822 1606 847 10

207 888 357 925 λευεν·
400 884 554 936 <217>
599 890 800 938 φανερῶς
841 883 923 936 γὰρ
970 881 1204 936 ἐπιχειρεῖν
1249 882 1329 923 οὐκ
1380 881 1552 936 ἐτόλμα.

206 955 364 1009 γράφει
398 952 445 995 δὲ
476 956 584 1009 πρός
615 969 666 1008 με
692 953 901 1007 τοιαύτην
928 952 1172 1006 ἐπιστολήν.
1224 950 1454 1006 ςἸωνάθης
1479 951 1550 994 καὶ

205 1025 251 1065 οἱ
280 1026 362 1066 σὺν
395 1024 511 1081 αὐτῷ
544 1022 820 1077 πεμφθέντες
851 1023 935 1064 ὑπὸ
968 1030 1055 1064 τῶν
1075 1020 1437 1077 Ἱεροσολυμιτῶν
1463 1019 1550 1064 Ἰω-

205 1097 326 1151 σήπῳ
358 1096 539 1149 χαίρειν.
602 1094 724 1148 ἡμεῖς
754 1093 840 1135 ὑπὸ
872 1100 960 1134 τῶν
1001 1091 1049 1133 ἐν
1075 1090 1399 1146 Ἱεροσολύμοις
1434 1094 1550 1148 πρώ-

203 1182 305 1217 των,
337 1165 620 1206 ἀκουσάντων
652 1165 729 1206 τὸν
767 1163 851 1205 ἀπὸ
891 1163 1120 1217 Γισχάλων
1155 1160 1368 1216 Ἰωάννην
1409 1162 1549 1217 ἐπιβε-
1569 1173 1602 1198 15

203 1233 493 1290 βουλευκέναι
532 1247 601 1277 σοι
638 1234 869 1285 πολλάκις,
913 1232 1200 1287 ἐπέμφθημεν
1242 1232 1550 1286 ἐπιπλήξοντες

203 1306 319 1362 αὐτῷ
354 1305 425 1347 καὶ
455 1304 794 1359 παραινέσοντες
825 1305 887 1353 εἰς
918 1305 965 1345 τὸ
999 1304 1154 1345 λοιπὸν
1194 1302 1434 1344 ὑπακούειν
1468 1314 1548 1344 σοι.

203 1378 346 1430 <218>
385 1377 712 1430 βουλεύσασθαι
751 1375 804 1428 δὴ
844 1376 926 1416 σὺν
967 1372 1037 1415 σοὶ
1073 1372 1281 1422 θέλοντες
1323 1371 1422 1428 περὶ
1460 1379 1549 1413 τῶν

203 1453 329 1501 κοινῇ
350 1444 591 1501 πρακτέων,
605 1448 945 1500 παρακαλοῦμεν
964 1444 1088 1497 ἥκειν
1107 1448 1275 1485 θᾶττον
1294 1444 1403 1498 πρὸς
1421 1442 1548 1496 ἡμᾶς,

201 1516 273 1558 καὶ
314 1518 371 1571 μὴ
411 1517 516 1570 μετὰ
556 1519 750 1557 πολλῶν·
793 1512 897 1556 οὐδὲ
938 1515 1020 1568 γὰρ
1059 1514 1084 1567 ἡ
1123 1514 1244 1567 κώμη
1278 1511 1446 1554 δύναιτ’
1491 1512 1546 1554 ἂν
1565 1524 1601 1550 20

202 1595 479 1641 στρατιωτῶν
522 1589 693 1640 πλῆθος
735 1584 1063 1634 ὑποδέξασθαιῖ
1126 1584 1280 1637 <219>
1322 1590 1457 1625 ταῦτα
1501 1580 1542 1624 δ’

201 1659 394 1711 ἔγραφον
438 1658 770 1711 προσδοκῶντες
815 1657 942 1696 δυοῖν
985 1654 1203 1708 θάτερον,
1245 1653 1272 1707 ἢ
1311 1654 1375 1695 ὅτι
1413 1652 1546 1707 χωρὶς

201 1727 347 1768 ὅπλων
380 1727 649 1781 ἀφικόμενον
681 1727 790 1781 πρὸς
821 1725 981 1774 αὐτοὺς
1012 1724 1186 1775 ἕξουσιν
1220 1724 1485 1779 ὑποχείριον,
1517 1724 1544 1778 ἢ

199 1800 391 1846 πολλοὺς
430 1797 703 1851 ἐπαγόμενον
740 1802 941 1849 κρινοῦσι
982 1794 1205 1849 πολέμιον.
1305 1795 1423 1847 220>
1467 1791 1543 1848 ἧκε

201 1866 252 1909 δέ
280 1884 354 1922 μοι
386 1869 466 1922 τὴν
499 1868 731 1921 ἐπιστολὴν
771 1867 924 1915 ἱππεὺς
961 1868 1163 1920 κομίζων,
1201 1867 1372 1920 θρασὺς
1403 1865 1544 1914 ἄλλως
1563 1874 1596 1900 ‘25

199 1940 374 1986 νεανίας
405 1946 492 1978 τῶν
535 1938 650 1991 παρὰ
688 1939 862 1991 βασιλεῖ
895 1934 999 1977 ποτε
1037 1934 1441 1990 στρατευσαμένων·
1486 1931 1542 1988 ἦν

200 2006 239 2048 δ’
277 2008 368 2061 ὥρα
400 2009 556 2057 νυκτὸς
587 2009 670 2061 ἤδη
706 2005 901 2060 δευτέρα,
932 2004 1036 2047 καθ’
1070 2006 1125 2059 ἣν
1165 2005 1404 2060 ἐτύγχανον
1436 2006 1541 2059 μετὰ

198 2085 286 2119 τῶν
319 2081 462 2131 φίλων
493 2077 565 2118 καὶ
590 2085 678 2119 τῶν
704 2084 778 2130 τῆς
800 2078 1034 2125 Γαλιλαίας
1058 2076 1242 2131 πρώτων
1270 2074 1540 2129 ἑστιώμενος.

196 2149 339 2201 <221>
381 2145 508 2197 οὗτος
547 2149 621 2200 δή,
659 2149 1056 2201 προσαγγείλαντος
1093 2145 1263 2187 οἰκέτου
1301 2161 1374 2198 μοι
1418 2145 1540 2198 ἥκειν

196 2219 293 2260 τινα
345 2217 473 2259 ἱππέα
514 2216 750 2270 Ἰουδαῖον,
802 2214 1049 2270 εἰσκληθεὶς
1099 2215 1205 2269 ἐμοῦ
1254 2215 1539 2264 κελεύσαντος
1558 2226 1592 2251 30

291 2304 309 2340 ᾗ
338 2302 404 2332 216
432 2298 476 2333 ef.
504 2298 594 2333 Bell.
622 2297 700 2333 Iud.
727 2297 759 2331 II
786 2301 840 2341 ⁵21,
869 2301 898 2331 7.
