1732 2526
102 835 134 859 10

101 1185 134 1211 15

103 1540 136 1564 20

107 2243 139 2267 30

763 82 877 115 ΒΙΟΣ
1408 80 1461 122 37
1470 81 1491 122 7

154 189 291 231 ὅσιον.
337 189 480 243 <3Ῑ8>
514 186 606 230 ἐπεὶ
632 186 673 229 δ’
714 188 815 230 οὔτε
846 192 1204 243 παρακαλοῦντος
1236 190 1334 231 οὔτε
1366 201 1495 244 προσ-

152 260 382 309 τάττοντος
412 260 591 313 ἤκουον,
625 257 744 300 ἐνίκα
778 256 826 299 δὲ
858 260 905 300 τὸ
938 267 1063 312 μῖσος
1103 261 1178 309 τὰς
1208 259 1499 315 παραινέσεις,

154 332 256 380 τοὺς
296 329 579 378 πιστοτάτους
616 335 705 370 τῶν
742 327 841 383 περὶ
880 327 953 383 ἐμὲ
991 332 1135 383 φίλων
1168 328 1372 371 ἐκέλευσα
1406 330 1499 370 δια-

155 402 312 442 δοῦναι
349 402 507 453 λόγους
548 399 606 449 ὡς
636 397 860 453 Ῥωμαίων
897 400 1002 453 μετὰ
1040 400 1229 453 μεγάλης
1272 399 1500 454 δυνάμεως

153 472 260 512 κατὰ
309 471 358 512 τὸ
408 470 557 525 ἕτερον
607 467 736 523 μέρος
790 475 867 523 τῆς
921 471 1089 519 πόλεως
1138 471 1498 524 εἰσβεβληκότων.

154 541 300 594 <379>
337 546 470 582 ταῦτα
509 538 547 581 δ’
592 539 772 581 ἐποίουν
808 537 918 592 ὑπὲρ
958 547 1035 582 τοῦ
1073 545 1147 593 τῆς
1190 541 1335 594 φήμης
1373 539 1499 594 ἐμπε-

157 611 319 664 σούσης
352 610 544 666 ἐπισχεῖν
582 607 662 664 μὲν
700 617 789 651 τῶν
828 611 1077 651 Γαλιλαίων
1116 610 1189 659 τὰς
1222 610 1371 664 ὁρμάς,
1406 611 1499 651 δια-

156 687 294 722 σῶσαι
322 677 371 722 δὲ
396 682 475 734 τὴν
502 687 590 722 τῶν
607 683 909 735 Σεπφωριτῶν
933 681 1073 721 πόλιν.
1124 679 1196 721 καὶ»
1220 680 1342 730 τέλος
1366 695 1501 735 πρου-

153 751 322 806 χώρησε
367 752 415 792 τὸ
461 753 751 805 στρατήγημα.
824 750 984 804 <380>
1035 757 1109 805 τῆς
1159 752 1241 805 γὰρ
1299 751 1502 804 ἀγγελίας

155 821 418 870 ἀκούσαντες
451 820 737 876 ἐφοβήθησαν
769 819 878 876 ὑπὲρ
911 821 1056 863 αὑτῶν
1088 821 1160 863 καὶ
1193 824 1501 871 καταλιπόντες

154 892 228 941 τὰς
260 891 455 947 ἁρπαγὰς
486 893 693 946 ἔφευγον,
719 891 904 945 μάλιστα
932 888 972 932 δ’
1009 891 1099 933 ἐπεὶ
1126 890 1233 946 κάμὲ
1266 894 1342 934 τὸν
1375 903 1500 946 στρα-

155 964 288 1016 τηγὸν
322 961 470 1017 ἑώρων
497 962 631 1004 ταύτὰ
650 968 882 1004 ποιοῦντα·
915 964 1022 1017 πρὸς
1049 963 1131 1016 γὰρ
1157 965 1205 1004 το
1238 964 1394 1004 πιστὸν
1426 969 1501 1016 τῆς

155 1034 300 1087 φήμης
327 1032 602 1088 ἐσκηπτόμην
629 1033 790 1087 ὁμοίως
810 1033 959 1082 αὐτοῖς
980 1034 1274 1074 διατίθεσθαι.
1314 1036 1501 1088 Σεπφω-

155 1110 270 1157 ρῑται
303 1100 351 1144 δὲ
382 1101 484 1159 παρ’
524 1103 677 1145 ἐλπίδα
709 1104 789 1157 τὴν
823 1101 989 1144 ἑαυτῶν
1014 1103 1099 1145 ὑπὸ
1132 1110 1210 1145 τοῦ
1237 1103 1343 1158 ἐμοῦ
1376 1106 1501 1158 σοφί-

155 1185 314 1228 σματος
346 1173 591 1228 ἐσώθησαν.

242 1244 397 1298 <381>
434 1243 506 1286 καὶ
556 1245 756 1298 Τιβεριὰς
801 1241 849 1285 δὲ
892 1240 993 1298 παρ’
1043 1244 1194 1297 ὀλίγον
1237 1244 1499 1299 ἀνηρπάσθη

154 1315 239 1357 ὑπὸ
273 1316 537 1369 Γαλιλαίων,
568 1315 772 1368 τοιαύτης
804 1316 943 1364 αἰτίας
975 1315 1291 1368 ὑποπεσούσης.
1341 1323 1428 1356 τῶν
1456 1315 1502 1356 ε”κ

154 1391 230 1439 τῆς
273 1387 436 1438 βουλῆς
480 1385 526 1426 οἱ
565 1392 728 1439 πρῶτοι
773 1385 994 1439 γράφουσι
1037 1386 1146 1439 πρὸς
1190 1386 1268 1426 τὸν
1305 1385 1502 1439 βασιλέα,

155 1458 510 1509 παρακαλοῦντες
553 1453 792 1508 ἀφικέσθαι
838 1456 948 1509 πρὸς
991 1455 1151 1504 αὐτοὺς
1193 1458 1502 1510 παραληψόμε-

157 1540 238 1567 νον
269 1526 349 1579 τὴν
380 1527 523 1567 πόλιν.
585 1525 727 1578 <382>
758 1523 968 1579 ὑπέσχετο
1002 1523 1040 1566 δ’
1081 1525 1102 1567 ὁ
1141 1527 1346 1579 βασιλεὺς
1385 1527 1502 1581 ἔρχε-

157 1600 278 1650 σθαι,
321 1595 393 1637 καὶ
438 1596 512 1644 τὰς
555 1594 784 1644 ἐπιστολὰς
829 1594 1109 1649 ἀντιγράφει,
1153 1593 1224 1636 καὶ
1275 1603 1361 1637 τῶν
1403 1595 1502 1651 περὶ

156 1666 344 1708 κοιτῶνά
375 1682 477 1718 τινι,
509 1667 692 1722 Κρίσπῳ
725 1663 806 1719 μὲν
836 1666 1048 1720 τοῦνομα,
1080 1667 1127 1707 τὸ
1161 1663 1208 1706 δὲ
1241 1664 1368 1719 γένος
1394 1664 1503 1708 Ἰου-

158 1738 281 1794 δαίῳ,
314 1737 469 1778 δίδωσι
500 1738 608 1791 πρὸς
638 1738 742 1786 τοὺς
781 1738 994 1790 Τιβεριεῖς
1019 1735 1182 1791 φέρειν.
1225 1736 1371 1790 <383>
1403 1743 1502 1779 τοῦ-

157 1823 234 1849 τον
265 1809 505 1861 κομίσαντα
536 1807 588 1848 τὰ
620 1807 850 1861 γράμματα
881 1809 1176 1861 γνωρίσαντες
1209 1807 1255 1847 οἱ
1276 1808 1502 1849 Γαλιλαῖοι

104 1909 118 1916 -
157 1877 228 1919 καὶ
262 1880 553 1931 συλλαβόντες
584 1878 770 1931 ἄγουσιν
803 1876 870 1919 ἐπ’
908 1877 998 1932 ἐμέ·
1038 1878 1085 1919 τὸ
1121 1875 1168 1918 δὲ
1200 1883 1288 1918 πᾶν
1319 1881 1503 1931 πλῆθος,

158 1949 216 1998 ὡς
240 1950 413 2002 ἤκουσε,
444 1946 724 2003 παροξυνθὲν
751 1945 817 2002 ἐφ’
849 1948 959 1989 ὅπλα
986 1947 1195 2002 τρέπεται.
1236 1948 1379 2002 <384>
1400 1960 1503 1990 συν-

158 2018 367 2075 αχθέντες
411 2018 458 2060 δὲ
501 2017 657 2061 πολλοὶ
700 2022 978 2074 πολλαχόθεν
1020 2019 1128 2060 κατὰ
1166 2019 1245 2072 τὴν
1291 2018 1504 2061 ἐπιοῦσαν

158 2086 266 2143 ἧκον
294 2091 355 2138 εἰς
370 2085 552 2144 Ἀσωχὶν
578 2091 723 2144 πόλιν,
744 2091 857 2130 ἔνθα
885 2090 938 2143 δὴ
965 2090 1045 2143 τὴν
1071 2089 1310 2130 κατάλυσιν
1331 2089 1503 2131 ἐποιού-

159 2177 259 2214 μην,
292 2161 574 2214 καταβοήσεις
599 2175 643 2201 τε
671 2161 845 2213 σφόδρα
878 2159 1124 2213 ἐποιοῦντο,
1154 2160 1366 2214 προδότιν
1399 2159 1503 2202 ἀπο-

159 2234 393 2280 καλοῦντες
424 2231 504 2283 τὴν
536 2231 771 2284 Τιβεριάδα
803 2230 875 2272 καὶ
907 2229 1120 2284 βασιλέως
1158 2233 1307 2284 φίλην,
1339 2229 1504 2284 ἐπιτρέ-

160 2315 259 2342 πειν
291 2299 326 2342 τ’
362 2301 517 2354 ἠξίουν
548 2301 696 2350 αὐτοῖς
727 2303 967 2355 καταβᾶσιν
999 2301 1139 2354 ἄρδην
1167 2300 1400 2354 ἀφανίσαι·
1432 2300 1504 2342 καὶ

1527 1256 1573 1287 68
