1732 2526
201 88 221 128 1
229 87 285 128 06
693 89 1057 123 ΑΡΧΑΙΟΛΟΓΙΑΣ

198 209 297 249 πον,
325 192 556 251 Ἀρχέλαος
589 193 626 237 δ’
667 194 736 238 ἐπὶ
768 193 848 251 μὲν
881 195 1074 251 ἑβδόμην
1105 195 1273 251 ἡμέραν
1307 195 1473 247 πένθος
1503 198 1568 258 τὸ.

200 264 269 308 ἐπὶ
301 271 359 322 τῷ
391 264 521 321 πατρὶ
553 274 690 321 τιμῶν
724 266 906 309 διετέλει
949 265 1154 323 (τοσάσδε
1187 268 1268 322 γὰρ
1304 268 1552 323 διαγορεύει

198 338 246 378 τὸ
286 338 478 391 νόμιμον
519 344 598 380 τοῦ
636 337 862 394 πατρίου),
907 336 1106 388 ἑστιάσας
1145 336 1193 380 δὲ
1230 340 1334 388 τοὺς
1373 339 1553 394 ὁμίλους

198 405 271 449 καὶ
302 408 547 458 καταλύσας
579 410 627 451 τὸ
659 407 827 459 πένθος
858 410 1029 451 ἄνεισιν
1068 410 1130 459 εἰς
1161 410 1209 452 τὸ
1243 410 1374 465 ἱερόν.
1437 407 1551 464 ἦσαν

199 476 238 520 δ’
277 478 489 534 εὐφημίαι
527 478 599 521 καὶ
638 481 810 522 ἔπαινοι
848 478 950 521 καθ’
993 480 1199 530 οὕστινας
1238 485 1318 534 ἴοι,
1357 478 1553 522 ἑκάστων

196 550 248 591 τὰ
279 551 389 605 πρὸς
420 549 637 605 ἀλλήλους
668 548 1052 605 φιλοτιμουμένων
1089 552 1153 601 εἰς
1190 552 1238 593 τὸ
1281 552 1429 593 δοκεῖν
1462 553 1552 605 μεί-

201 622 291 671 ζοσι
322 625 514 676 χρῆσθαι
546 628 639 670 ταῖς
672 621 918 676 εὐφημίαις.
977 620 1119 675 <201>
1153 621 1174 663 ὃ
1209 619 1248 663 δ’
1288 623 1349 672 εἰς
1379 621 1554 676 ὑψηλὸν

197 692 314 745 βῆμα
351 689 649 745 πεποιημένον
688 691 892 733 ἀνελθὼν
930 690 1002 733 καὶ
1043 691 1242 747 ἱδρυθεὶς
1279 694 1341 742 εἰς
1379 693 1552 748 θρόνον

197 768 364 816 χρυσοῦ
399 760 729 816 [πεποιημένον]
766 761 1068 814 ἀντεδεξιοῦτο
1095 764 1198 812 τοὺς
1224 763 1418 818 ὁμίλους,
1450 763 1554 818 χάρ-

198 847 298 886 ματι
331 838 418 872 τῶν
451 830 679 886 εὐφημιῶν
711 832 791 886 τὴν
824 833 1006 874 εὔνοιαν
1039 832 1184 874 αὐτῶν
1214 832 1352 888 ἡδονῇ
1386 832 1551 889 φέρων·

197 902 326 957 χάριν
369 899 415 943 θ’
468 902 682 956 ὡμολόγει
729 903 843 944 διότι
886 900 1025 957 μηδὲν
1071 903 1188 960 αὐτῷ
1239 910 1554 958 μνησικακοῖεν

198 970 300 1014 ἀνθ’
341 967 403 1013 ὧν
442 972 465 1014 ὁ
503 973 643 1028 πατὴρ
682 974 744 1023 εἰς
782 973 943 1023 αὐτοὺς
980 974 1197 1028 ὑβρίσειε,
1241 973 1313 1016 καὶ
1353 975 1553 1030 πειράσε-

199 1048 307 1085 σθαι
346 1044 403 1097 μὴ
444 1042 662 1094 ἐλλείψειν
701 1044 995 1099 ἀμειβόμενον
1034 1045 1082 1086 τὸ
1124 1046 1361 1100 πρόθυμον
1394 1045 1554 1087 αὐτῶν.

197 1114 356 1168 (202)
401 1114 497 1169 ἄρτι
542 1113 692 1169 μέντοι
737 1116 875 1170 φειδὼ
925 1120 1151 1158 ποιεῖσθαι
1201 1122 1281 1159 τοῦ
1326 1118 1554 1171 βασιλείου

198 1184 433 1240 ὀνόματος·
483 1187 792 1240 τετιμήσεσθαι
825 1186 908 1242 γὰρ
942 1185 1077 1229 αὐτὸν
1108 1192 1158 1242 τῇ
1192 1186 1389 1240 ἀξιώσει,
1430 1191 1552 1240 εἴπερ

197 1257 385 1310 βεβαίως
409 1256 582 1311 Καῖσαρ
610 1255 891 1311 ἐπικυρώσειε
923 1257 999 1306 τὰς
1032 1258 1249 1312 διαθήκας
1281 1260 1329 1299 αἳ
1357 1257 1441 1299 ὑπὸ
1474 1263 1553 1299 τοῦ

196 1327 360 1382 πατρὸς
410 1325 666 1382 ἐγράφησαν
718 1326 872 1369 αὐτοῦ·
925 1325 981 1368 δι’
1031 1327 1087 1382 ἣν
1136 1329 1280 1370 αι’τίαν
1326 1325 1431 1370 οὐδὲ
1473 1334 1553 1370 τοῦ

199 1398 517 1453 στρατεύματος
561 1396 608 1438 ἐν
639 1395 898 1453 Ἱεριχοῦντι
941 1400 990 1440 τὸ
1035 1398 1229 1453 διάδημα
1274 1398 1388 1456 αὐτῷ
1432 1412 1553 1454 περι-

196 1467 363 1510 θέσθαι
400 1468 778 1524 προθυμουμένου
817 1468 1028 1520 δέξασθαι
1067 1471 1115 1512 τὸ
1147 1470 1447 1526 περιμάχητον
1478 1476 1553 1524 τῆς

197 1537 382 1582 ἐνθένδε
415 1545 553 1593 τιμῆς,
588 1540 661 1581 διὰ
685 1541 733 1582 τὸ
767 1539 945 1595 μηδέπω
971 1542 1049 1583 τὸν
1075 1542 1238 1596 κυρίως
1263 1539 1553 1583 ἀποδώσοντα

198 1612 395 1666 φανερὸν
433 1607 546 1652 εἶναι
583 1613 932 1667 παρασχόμενον.
995 1612 1139 1665 <203>
1177 1614 1440 1668 περιιόντων
1472 1611 1552 1667 μέν

197 1680 236 1735 γ’
276 1674 337 1731 εἰς
377 1681 512 1723 αὐτὸν
552 1689 640 1723 τῶν
678 1682 945 1737 πραγμάτων
984 1681 1037 1724 οὐ
1075 1685 1244 1732 λείψειν
1283 1682 1436 1739 ἀρετῆς
1473 1689 1552 1725 τοῦ

197 1751 498 1807 ἀμειψομένου
529 1754 609 1807 τὴν
648 1753 828 1795 εὔνοιαν
870 1753 1034 1795 αὐτῶν·
1086 1754 1356 1796 σπουδάσειν
1388 1755 1471 1810 γὰρ
1505 1753 1553 1797 ἐν

197 1828 304 1864 πᾶσι
335 1823 386 1863 τὰ
423 1824 531 1879 πρὸς
569 1823 729 1873 αὐτοὺς
761 1828 1003 1877 φανεῖσθαι
1040 1830 1119 1866 τοῦ
1156 1825 1320 1880 πατρὸς
1359 1824 1551 1880 ἀμείνων

197 1894 249 1935 τὰ
286 1893 439 1935 πάντα.
502 1893 646 1947 <204>
685 1895 729 1935 οἳ
766 1892 834 1947 δέ,
874 1888 971 1937 οἷον
1009 1895 1138 1949 ὄχλος
1175 1897 1314 1950 φιλεῖ,
1356 1896 1552 1950 οἰόμενοι

197 1965 273 2013 τὰς
303 1965 476 2020 πρώτας
507 1971 596 2006 τῶν
627 1964 802 2020 ἡμερῶν
834 1965 909 2014 τὰς
941 1966 1140 2015 διανοίας
1178 1964 1430 2020 ἐμφανίζειν
1462 1973 1551 2008 τῶν

197 2037 448 2091 παριόντων
487 2034 556 2076 ἐπὶ
598 2033 769 2077 τοιάσδ’
806 2035 959 2091 ἀρχάς,
1003 2035 1091 2094 ὅσῳ
1129 2036 1278 2091 πράως
1314 2034 1386 2078 καὶ
1417 2040 1552 2092 θερα-

197 2112 410 2155 πευτικῶς
451 2105 473 2148 ὁ
510 2102 740 2161 Ἀρχέλαος
785 2105 990 2160 διελέγετ’
1036 2107 1206 2161 αὐτοῖς,
1250 2108 1416 2164 τοσῷδε
1461 2123 1552 2162 μει-

201 2178 334 2227 ζόνως
382 2173 418 2217 τ’
469 2175 659 2231 ἐχρῶντο
710 2184 802 2227 τοῖς
853 2177 1048 2227 ἐπαίνοις
1097 2175 1169 2219 καὶ
1218 2173 1310 2219 κατ’
1359 2178 1551 2232 αἰτήσεις

199 2247 379 2303 δωρεῶν
421 2246 706 2303 ἐτετράφατο,
750 2250 795 2290 οἳ
836 2245 916 2303 μὲν
960 2248 1169 2303 εἰσφορὰς
1209 2247 1259 2298 ἃς
1299 2246 1551 2298 ἐνιαυσίους

294 2332 312 2371 ξ
339 2331 408 2363 200
434 2328 478 2363 cf.
505 2327 598 2363 Bell.
626 2328 702 2363 Iud.
732 2329 766 2362 Π
795 2332 823 2373 1,
853 2332 883 2363 1.

1574 845 1606 871 10

1574 1199 1607 1224 15

1572 1554 1605 1579 20

1571 1907 1604 1934 25

1570 2261 1604 2286 30
