1732 2526
607 79 950 112 ΕΚΚΑῙΔΕΚΑΤΗ
1392 80 1449 121 55

101 185 404 241 Ἀλέξανδρον,
436 187 494 237 ὡς
525 183 580 240 ἦν
613 184 659 227 ἐν
691 193 782 235 τοῖς
815 187 1005 240 δεσμοῖς,
1035 185 1105 228 καὶ
1137 187 1270 229 πάλιν
1303 188 1450 243 ἠρώτα

101 256 200 310 περὶ
233 264 307 312 τῆς
338 263 495 312 φυγῆς,
530 256 629 299 ’ὅποι
662 254 733 298 καὶ
774 263 865 305 πῶς
909 256 1152 310 ἐγνώκασιν
1191 257 1447 313 ἀποχωρεῖν.

101 328 246 382 (326)
279 328 302 370 ὁ
336 325 376 369 δ’
408 325 690 382 Ἀλέξανδρος
721 326 830 379 παρ’
869 323 1102 382 Ἀρχέλαον
1139 329 1236 382 ἔφη,
1275 328 1445 370 ἐκεῖθεν

101 399 163 448 εἰς
187 397 354 453 Ῥώμην
386 398 719 452 ὁμολογήσαντα
752 395 1030 452 διαπέμψειν·
1064 396 1158 440 ἀλλ’
1190 398 1322 440 οὐδὲν
1349 398 1439 441 οὔτ’

66 481 82 506 5
101 470 266 512 ἄτοπον
298 469 397 511 οὔτε
431 466 637 523 δυσχερὲς
669 467 997 523 ἐντεθυμῆσθαι
1023 469 1130 510 κατὰ
1160 475 1239 511 τοῦ
1271 472 1447 522 πατρός,

101 538 195 581 οὐδ’
251 539 332 581 ὅσα
382 539 722 581 συνεσκεύασται
783 541 1024 595 κακοηθείᾳ
1079 546 1167 580 τῶν
1218 539 1446 594 ἐναντίων,

100 607 262 664 ἀληθὲς
293 606 411 651 εἷναί
437 625 478 651 τι
509 610 690 652 τούτων.
751 609 896 663 (327)
933 610 1178 664 βούλεσθαι
1220 608 1258 651 δ’
1296 609 1350 652 ἂν
1383 612 1445 651 ἔτι

101 682 175 734 ζῆν
207 679 414 735 καὶ-τοὺς
444 679 542 735 περὶ
580 681 810 734 Τύραννον
847 681 909 730 εἰς
946 679 1141 730 ἐξέτασιν
1180 680 1444 736 ἀσφαλεστέ-

99 766 196 805 ραν,
229 750 339 793 ἀλλὰ
370 750 442 793 καὶ
474 751 656 800 τούτους
687 749 932 793 ἀπολέσθαι
957 755 1140 805 θᾶττον,
1156 749 1444 805 Ἀντιπάτρου

45 835 77 860 10
96 828 155 879 τῷ
187 824 349 876 πλήθει
380 824 483 872 τοὺς
517 823 657 871 ἰδίους
688 821 1006 875 ἐγκαθίσαντος
1036 823 1205 876 φίλους.

185 892 330 947 (328)
349 899 529 935 τοιαῦτα
561 891 764 946 λέγοντος
796 891 1023 934 ἐκέλευσεν
1055 892 1142 946 ἅμα
1168 894 1246 934 τόν
1278 907 1322 933 τε
1343 894 1443 946 Mvj-
1471 905 1490 935 7

97 966 179 1004 λαν
211 961 283 1004 καὶ
315 964 392 1005 τὸν
422 961 710 1017 Ἀλέξανδρον
741 963 865 1016 ἄγειν
897 963 954 1011 ὡς
979 963 1221 1017 Γλαφύραν
1254 963 1332 1016 τὴν
1348 960 1444 1015 Ἀρ-

95 1034 269 1088 χελάου,
301 1032 373 1075 καὶ
404 1033 717 1075 πυνθάνεσθαι
749 1031 849 1089 παρ’
889 1033 1021 1087 αὐτῆς
1052 1035 1093 1075 εί
1123 1031 1261 1088 μηδὲν
1293 1033 1443 1088 ἠγνόει

96 1111 183 1146 τῶν
221 1105 282 1154 εἰς
319 1103 558 1158 ἐπιβουλὴν
596 1102 800 1158 Ἡρώδου
844 1103 1131 1158 γιγνομένων.
1205 1104 1346 1157 (329)
1387 1105 1445 1154 ὡς

43 1187 77 1213 15
97 1172 136 1216 δ’
174 1171 298 1230 ἧκον,
329 1174 467 1225 εὐθὺς
498 1172 579 1229 μὲν
609 1175 635 1228 ἡ
663 1175 890 1229 Γλαφύρα,
924 1175 1150 1229 δεσμώτην
1183 1175 1340 1216 ἰδοῦσα
1365 1176 1443 1217 τὸν

91 1244 399 1300 Ἀλέξανδρον,
445 1244 657 1299 ἐπλήξατο
701 1246 781 1299 τὴν
824 1245 1020 1299 κεφαλὴν
1061 1243 1132 1286 καὶ
1173 1244 1442 1299 καταπληξα-

95 1315 202 1371 μένη
243 1315 352 1371 μέγα
393 1314 465 1357 καὶ
504 1313 732 1370 συμπαθὲς
776 1313 1028 1372 ἀνῴμωξεν·
1072 1313 1128 1369 ἧν
1168 1314 1216 1357 δὲ
1253 1314 1324 1357 καὶ
1362 1322 1442 1358 τοῦ

94 1389 329 1429 νεανίσκου
361 1386 530 1440 δάκρυα
556 1385 627 1428 καὶ
654 1394 741 1428 τῶν
767 1388 999 1441 παρόντων
1032 1386 1229 1441 ὀδυνηρά
1254 1403 1317 1436 τις
1341 1385 1442 1437 θέα,

94 1456 218 1512 μέχρι
255 1459 458 1507 πλείονος
496 1453 592 1500 οὐδ’
633 1455 699 1511 ἐφ’
746 1451 810 1506 οἷς
846 1454 955 1511 ἧκον
992 1457 1131 1498 εἰπεῖν
1167 1457 1194 1511 ἢ
1235 1457 1441 1513 πράττειν

40 1541 74 1566 20
96 1526 366 1582 δυναμένων.
436 1527 581 1581 <330>
625 1524 706 1577 ὀψὲ
751 1524 798 1568 δὲ
842 1532 921 1568 τοῦ
959 1530 1238 1581 Πτολεμαίου
1281 1527 1440 1585 (τούτῳ

94 1599 177 1652 γὰρ
216 1599 338 1652 ἄγειν
380 1598 514 1640 αὐτὸν
555 1595 826 1653 ἐπετέτακτο)
864 1598 1044 1652 φράζειν
1084 1598 1370 1648 κελεύσαντος
1402 1603 1447 1641 εἴ

94 1685 134 1710 τι
172 1676 260 1710 τῶν
297 1667 608 1723 πραττομένων
644 1668 670 1721 ἡ
709 1669 820 1722 γυνὴ
862 1669 1069 1710 σύνοιδεν
1108 1668 1248 1726 αὐτῷ,
1287 1667 1354 1710 ετί
1394 1667 1434 1710 δ’

94 1740 175 1782 οὐκ
213 1739 288 1781 ἄν’
330 1741 412 1794 ἔφη
465 1738 686 1792 (συνέγνω
730 1745 805 1793 τῆς
848 1745 988 1793 ψυχῆς
1032 1737 1128 1793 ἐμοὶ
1172 1738 1438 1794 στεργομένη

93 1809 227 1852 πλέον
253 1809 324 1852 καὶ
350 1815 626 1852 κοινωνοῦσα
651 1808 863 1860 τέκνων;’
895 1809 1041 1864 (331)
1059 1809 1087 1863 ’ἢ
1108 1807 1156 1851 δὲ
1175 1811 1284 1864 πρὸς
1304 1815 1439 1851 ταῦτα

40 1894 72 1919 25
93 1879 173 1936 μὲν
205 1880 446 1936 ἀνεβόησεν
479 1881 536 1930 ὡς
569 1881 792 1935 συνειδείη
824 1877 904 1934 μὲν
936 1877 1069 1922 οὐδὲν
1103 1881 1285 1923 ἄτοπον·
1319 1882 1359 1922 εἰ
1389 1879 1439 1922 δὲ

91 1951 219 2007 φέροι
261 1953 371 2007 πρὸς
413 1953 493 2005 τὴν
532 1953 752 2006 σωτηρίαν
789 1952 870 2005 τὴν
908 1951 1078 1993 ἐκείνου
1121 1953 1169 1993 τὸ
1214 1949 1287 1993 καὶ
1330 1949 1432 1993 καθ’

92 2023 224 2077 αὑτῆς
253 2038 294 2065 τι
325 2023 592 2076 ψεύσασθαι,
623 2019 757 2064 πάνθ’
796 2022 1040 2076 ὁμολογεῖν.
1103 2022 1125 2064 ὁ
1165 2020 1204 2064 δ’
1241 2020 1439 2073 Ἀλέξαν-

93 2094 197 2146 δρος
227 2090 401 2148 (ἀσεβὲς
432 2090 512 2147 μὲν
545 2090 692 2134 οὐδέν’
730 2089 865 2145 εἶπεν,
905 2090 1022 2134 ςούδ’
1066 2088 1128 2134 ὧν
1166 2092 1438 2135 ὑπονοοῦσιν

92 2164 169 2213 οὓς
198 2162 337 2218 ἥκιστ’
374 2163 522 2218 ἐχρῆν,
555 2159 644 2204 οὔτ’
681 2163 812 2212 αὐτὸς
842 2162 1054 2216 ἐνενόησα
1087 2163 1188 2205 οὔτε
1221 2165 1275 2205 σὺ
1304 2161 1438 2205 οὐδὲν

38 2246 72 2274 30
93 2231 240 2288 οἶσθα,
271 2232 364 2276 ἀλλ’
404 2234 470 2275 ὅτι
500 2232 602 2289 παρ’
625 2232 861 2290 Ἀρχέλαον
895 2233 1140 2288 ἀποχωρεῖν
1173 2232 1437 2288 ἐγνώκειμεν

91 2304 297 2347 κάκεῖθεν
337 2306 398 2353 εἰς
428 2302 623 2359 Ῥώμηνῖ
693 2303 836 2358 (332)
875 2311 1009 2346 ταῦτα
1046 2303 1248 2359 κάκείνης
1279 2304 1439 2358 ὁμολο-

1720 2308 1727 2526 -ψ-ὴφ
1721 1887 1729 2292 ———--——-———
