1732 2526
621 60 1026 94 OKTQKAIAEKATH
1415 59 1501 100 203

159 168 302 222 (360)
333 166 403 209 καὶ
436 167 458 209 ὃ
491 164 571 221 μὲν
602 172 737 208 ταῦτα
770 165 1024 221 διανοηθεὶς
1055 166 1127 208 καὶ
1165 168 1337 222 φράσας
1370 166 1417 209 ἐν
1443 173 1500 224 τῷ

160 240 362 295 συλλόγῳ
393 238 584 286 πιθανὸς
615 234 686 291 ἦν,
712 237 890 292 ἀφίεταί
910 252 954 278 τε
982 237 1279 292 ,Μιθριδάτης
1315 237 1502 280 ἐλθόντα

160 305 199 349 δ’
237 308 372 350 αὐτὸν
405 307 627 357 ὠνείδιζεν
658 308 683 361 ἡ
711 309 836 361 γυνή,
868 309 908 348 ει’
931 308 988 361 μὴ
1018 310 1347 362 προμηθήσεται
1381 311 1502 362 βασι-

159 377 268 427 λέως
298 393 342 419 τε
375 378 568 431 γαμβρὸς
594 377 656 418 ὢν
682 377 753 418 καὶ
778 378 915 433 ταύτῃ
941 385 1144 431 τιμωρῶν
1169 380 1502 432 τιμωρήσασθαι

123 450 260 497 5τοὺς
300 448 566 502 ὑβρίσαντας
596 448 658 497 εἰς
696 448 832 489 αὐτὸν
863 449 1201 503 περιορώμενος,
1242 448 1423 501 ἀγαπῶν
1456 447 1503 489 δὲ

159 519 239 572 τὴν
265 519 484 571 σωτηρίαν
517 516 610 572 μετ’
647 519 946 573 αἰχμαλωσίαν
978 518 1063 559 ὑπὸ
1091 516 1310 559 Ἰουδαίου
1344 517 1504 572 ἀνδρὸς

157 586 413 642 γενομένην.
477 589 620 642 <361>
654 587 746 629 ‘nal
779 594 863 630 νῦν
895 587 1172 643 ἐπανάδραμε
1212 589 1292 642 τὴν
1330 578 1505 642 ἀρετήν,

158 659 185 712 ἢ
215 660 350 708 θεοὺς
382 657 598 713 ἐπόμνυμι
630 661 732 708 τοὺς
768 661 1020 713 βασιλείους
1056 656 1082 712 ἦ
1121 659 1208 713 μὴν
1247 661 1503 714 παραλυθή-

159 733 315 770 σεσθαι
347 735 422 782 τῆς
452 730 560 783 πρὸς
592 727 639 770 σὲ
673 728 743 770 ἐπὶ
768 729 891 786 γάμῳ
918 728 1180 778 κοινωνίαςῖ
1225 729 1369 782 <362>
1404 729 1426 770 ὃ
1460 727 1498 770 δ’

107 811 140 835 10
159 796 230 853 αὖ,
267 805 396 841 τοῦτο
436 797 515 853 μὲν
553 807 640 841 τῶν
679 800 866 841 ὀνειδῶν
904 800 984 853 τὴν
1022 796 1125 840 καθ’
1161 799 1328 855 ἡμέραν
1367 799 1504 855 ἀχθη-

160 870 269 910 δόνα
301 870 358 923 μὴ
392 869 556 924 φέρων,
592 877 722 912 τοῦτο
765 867 812 911 δὲ
850 876 926 922 τῆς
962 871 1170 923 γυναικὸς
1207 871 1287 924 τὴν
1325 874 1504 924 μεγαλο-

159 940 390 994 φροσύνην
434 941 590 990 δεδιὼς
635 942 692 995 μὴ
730 941 998 994 παραλύοιτο
1037 941 1173 982 αὐτοῦ
1211 948 1298 982 τῶν
1337 941 1504 995 γάμων,

159 1011 278 1051 ἄκων
310 1008 390 1064 μὲν
415 1010 488 1052 καὶ
513 1011 570 1065 μὴ
597 1013 884 1065 βουλόμενος,
916 1011 1097 1064 συνάγει
1130 1010 1169 1051 δ’
1208 1008 1290 1053 οὖν
1318 1013 1504 1065 στρατὸν

160 1077 266 1122 ὅσον
303 1081 496 1134 ἠδύνατο
536 1085 765 1135 πλεῖστον,
803 1080 874 1122 καὶ
913 1081 1103 1135 ἐλαύνει,
1146 1081 1226 1122 οὐκ
1265 1081 1505 1136 ἀνασχετὸν

41 1178 45 1181 -
106 1162 139 1188 15
158 1150 484 1205 ὑπολαμβάνων
529 1152 591 1192 ε”τι
629 1149 700 1191 καὶ
738 1150 868 1199 αὐτὸς
905 1152 986 1204 τὴν
1031 1152 1265 1205 σωτηρίαν,
1304 1151 1345 1191 εἰ
1386 1153 1506 1205 Παρ-

155 1225 316 1270 θυαῖος
349 1221 410 1262 ὢν
442 1220 527 1262 ὑπὸ
549 1218 769 1262 Ἰουδαίου
794 1224 1060 1276 περιωθοῖτο
1094 1219 1503 1275 ἀντιπολεμοῦντος.

246 1291 390 1345 (363)
428 1289 645 1340 Ἀνιλαῖος
690 1289 732 1332 δ’
783 1291 840 1340 ὡς
884 1291 1103 1345 μανθάνει
1147 1292 1504 1346 προσελαύνοντα

159 1362 345 1416 δυνάμει
382 1364 521 1416 πολλῇ
559 1363 638 1403 τὸν
678 1362 990 1416 Μιθριδάτην,
1034 1361 1195 1412 ἄδοξον
1232 1362 1507 1416 ἡγησάμενος

158 1433 207 1473 τὸ
240 1430 387 1486 μένειν
420 1431 468 1473 ἐν
499 1439 591 1482 τοῖς
623 1431 767 1474 ἕλεσιν
798 1431 909 1473 ἀλλὰ
935 1433 992 1486 μὴ
1019 1432 1197 1487 φθάσας
1228 1432 1506 1482 ὑπαντιάζειν

106 1515 141 1540 20
158 1504 261 1551 τοὺς
291 1504 540 1556 πολεμίους,
573 1502 751 1558 εὐτυχίᾳ
776 1518 819 1543 τε
846 1508 896 1557 τῇ
923 1504 1139 1557 πρότερον
1167 1502 1351 1553 ἐλπίζων
1378 1502 1506 1556 ὅμοια

158 1572 340 1627 πράξειν
377 1574 479 1622 τοὺς
518 1575 754 1626 πολεμιόυς
790 1571 862 1614 καὶ
900 1574 980 1626 τήν
1020 1575 1099 1625 [τε]
1146 1576 1358 1628 τόλμησιν
1401 1571 1505 1625 [καὶ]

159 1644 342 1685 εἰωθόσι
384 1647 573 1697 θαρρεῖν
611 1643 985 1697 παρατυγχάνειν,
1031 1643 1152 1697 ἐξῆγε
1183 1645 1264 1697 τὴν
1304 1644 1507 1698 δύναμιν.

159 1714 304 1767 <364>
337 1715 497 1754 πολλοί
524 1728 568 1753 τε
606 1714 716 1767 πρὸς
751 1719 810 1768 τῷ
851 1715 998 1770 οἰκείῳ
1038 1718 1206 1770 στρατῷ
1244 1716 1507 1768 προσεγεγό-

159 1795 294 1825 νεσαν
327 1783 443 1839 αὐτῷ
477 1780 578 1824 καθ’
618 1782 819 1838 ἁρπαγὴν
845 1791 932 1824 τῶν
960 1783 1203 1837 ἀλλοτρίων
1235 1785 1507 1839 τραπησόμε-

109 1866 143 1891 25
162 1870 233 1896 νοι
276 1852 349 1895 καὶ
394 1855 492 1903 ὄψει
535 1853 667 1895 πάλιν
709 1854 1082 1908 προεκπλήξοντες
1118 1856 1220 1903 τοὺς
1260 1856 1507 1908 πολεμίους.

160 1924 304 1978 <36ἷ>>
328 1930 534 1978 προϊοῦσι
561 1921 599 1964 δ’
633 1923 779 1973 αὐτοῖς
804 1925 866 1973 εἰς
892 1925 1098 1974 σταδιόυς
1129 1924 1408 1979 ἐνενήκοντα,
1435 1925 1508 1965 διὰ

160 2001 235 2048 τῆς
279 1994 477 2049 ἀνύδρου
520 2000 596 2047 τῆς
635 1996 813 2049 πορείας
849 1994 1090 2049 γενομένης
1126 1995 1198 2037 καὶ
1241 1998 1509 2051 μεσημβρίας

163 2065 312 2119 οὔσης,
348 2064 401 2106 τά
438 2064 473 2105 τ’
516 2065 626 2106 ἄλλα
664 2071 821 2119 περιῆν
858 2067 906 2107 τὸ
940 2067 1083 2120 δίψος,
1120 2065 1192 2108 καὶ
1224 2067 1510 2121 Μιθριδάτης

165 2133 391 2189 ἐπιφανεὶς
432 2133 676 2189 προσέβαλε
719 2135 1171 2191 τεταλαιπωρημένοις
1220 2135 1382 2192 ἀπορία
1432 2142 1510 2177 τοῦ

112 2217 147 2241 30
165 2211 283 2247 πιεῖν
314 2203 386 2247 καὶ
419 2203 481 2246 δι’
516 2204 623 2246 αὐτὸ
655 2203 726 2246 καὶ
763 2206 844 2259 τὴν
882 2206 1002 2261 ὥραν
1039 2205 1193 2261 φέρειν
1231 2208 1282 2248 τὰ
1314 2207 1426 2248 ὅπλα
1452 2208 1509 2260 μὴ

163 2274 437 2330 δυναμένοις.
499 2275 644 2329 <366>
676 2277 814 2331 τροπή
852 2272 892 2317 τ’
935 2273 1016 2318 οὗν
1054 2279 1249 2331 γίγνεται
1290 2284 1379 2318 τῶν
1410 2275 1510 2331 περὶ
