1732 2526
745 76 859 109 ΒΙοΣ
1389 71 1474 113 349

132 196 312 237 στατον,
353 182 650 237 κατορθώσεις
695 180 732 223 δ’
790 181 843 224 οὐ
889 184 1028 236 μόνον
1071 187 1206 223 ταῦτα
1251 180 1360 222 ἀλλὰ
1405 178 1477 221 καὶ

132 255 272 297 πολλὰ
305 253 438 308 ἕτερα.
501 253 558 306 μὴ
591 253 726 306 κάμνε
760 253 829 305 δή,
861 251 1055 306 μέμνησο
1096 249 1135 293 δ’
1178 252 1244 293 ὅτι
1282 249 1353 292 καὶ
1379 248 1479 291 Ῥω-

134 328 277 380 μαίοις
308 325 378 366 δεῖ
406 334 453 365 σε
484 323 760 377 πολεμῆσαι.’
810 323 954 376 <210>
986 329 1143 365 τοῦτον
1176 324 1229 376 δὴ
1256 324 1333 364 τὸν
1366 323 1479 362 ὄνει-

135 412 214 450 ρον
246 394 520 448 θεασάμενος
558 394 853 448 διανίσταμαι,
890 396 1130 447 καταβῆναι
1168 392 1480 447 προθυμούμε-

100 480 212 515 5νος
250 467 312 515 εἰς
351 466 398 506 τὸ
436 465 600 506 πεδίον.
668 465 777 519 πρὸς
814 461 862 505 δὲ
900 465 979 518 τὴν
1020 465 1127 518 ἐμὴν
1166 465 1270 512 ὄψιν
1307 468 1394 503 πᾶν
1432 462 1479 502 τὸ

135 539 306 589 πλῆθος
344 542 432 576 τῶν
471 536 717 576 Γαλιλαίων
757 532 888 589 (ἦσαν
927 533 964 576 δ’
1011 533 1058 575 ἐν
1091 534 1237 582 αὐτοῖς
1278 530 1481 586 γυναῖκές

135 621 180 647 τε
212 604 299 656 καὶ,
316 603 487 658 παῖδες)
520 603 588 646 ἐπὶ
622 607 759 659 στόμα
786 605 991 658 ῥίψαντες
1018 603 1198 654 ἑαυτοὺς
1223 602 1295 645 καὶ
1323 602 1482 655 δακρύ-

138 691 261 724 οντες
300 674 494 716 ίκέτευον
533 675 591 728 μὴ
631 681 742 729 σφᾶς
781 675 1082 728 ἐγκαταλιπεῖν
1119 681 1209 723 τοῖς
1245 675 1483 726 πολεμίοις,

139 742 239 800 μηδ’
276 744 486 786 ἀπελθεῖν
524 744 712 786 ἐάσαντα
749 747 829 800 τὴν
871 746 1017 801 χώραν
1056 743 1483 803 αὐτῶνεξ-ἐνύβρισμα

86 831 119 854 10
138 823 229 866 τοῖς
268 815 445 870 ἐχθροῖς
484 813 707 869 ἐσομένην.
770 816 925 869 <211>
967 816 1026 865 ὡς
1063 813 1111 857 δὲ
1149 803 1243 864 ταῖς
1280 815 1483 868 δεήσεσιν

141 887 221 928 οὐκ
248 887 443 938 ἔπειθον,
469 886 793 939 κατηνάγκαζον
821 886 966 940 ὅρκοις
992 887 1139 940 μένειν
1165 883 1268 940 παρ’
1303 883 1484 935 ἑαυτοῖς,

142 956 453 1009 ἐλοιδοροῦντό
491 971 535 997 τε
573 962 631 1012 τῷ
672 957 794 1013 δήμῳ
833 957 974 998 πολλὰ
1006 964 1092 998 τῶν
1124 955 1485 1010 Ἱεροσολυμιτῶν

130 1027 200 1076 ,ὡς
231 1026 538 1080 εἰρηνεύεσθαι
570 1027 650 1079 τὴν
682 1028 829 1081 χώραν
861 1026 1006 1068 αὐτῶν
1038 1027 1118 1069 οὐκ
1151 1026 1290 1068 ἐῶντι.

231 1096 376 1149 <212>
407 1101 543 1137 ταῦτα
575 1097 629 1150 δὴ
661 1096 732 1138 καὶ
765 1096 993 1139 ἐπακούων
1027 1096 1171 1138 αὐτῶν
1209 1094 1281 1138 καὶ
1313 1095 1485 1150 βλέπων

92 1181 124 1207 15
143 1172 222 1208 τοῦ
264 1168 466 1220 πλήθους
508 1167 587 1220 τὴν
631 1170 891 1221 κατήφειαν,
934 1166 1156 1220 ἐκλάσθην
1199 1168 1307 1221 πρὸς
1348 1168 1487 1218 ἔλεον,

145 1237 268 1287 ἄξιον
300 1233 412 1278 εἶναι
444 1238 634 1290 νομίζων
665 1234 775 1291 ὑπὲρ
808 1238 1023 1279 τοσούτου
1055 1239 1255 1290 πλήθους
1286 1235 1357 1277 καὶ
1383 1250 1488 1290 προ-

146 1309 306 1361 δήλους
336 1307 575 1356 κινδύνους
599 1306 849 1362 ὑπομένειν.
897 1308 1120 1349 κατανεύω
1149 1308 1201 1361 δὴ
1229 1306 1392 1361 μένειν,
1416 1305 1489 1347 καὶ

146 1378 524 1431 πεντακισχιλίους
550 1376 591 1427 ἐξ
619 1377 764 1419 αὐτῶν
791 1378 969 1428 ὁπλίτας
993 1379 1116 1432 ἥκειν
1135 1378 1343 1426 κελεύσας
1369 1379 1490 1432 ἔχον-

147 1464 224 1497 τας
261 1446 432 1496 ἑαυτοῖς
475 1448 660 1502 τροφάς,
700 1447 768 1490 ἐπὶ
806 1449 882 1498 τὰς
925 1450 1113 1502 οἰκήσεις
1156 1449 1348 1503 διαφῆκα
1389 1450 1491 1497 τοὺς

95 1533 128 1557 20
149 1519 322 1567 ἄλλους.
362 1519 505 1571 <213>
538 1517 629 1559 ἐπεὶ
662 1517 700 1560 δ’
738 1520 783 1560 οἱ
810 1523 1151 1574 πεντακισχίλιοι
1183 1518 1491 1573 παρεγένοντο,

149 1589 332 1638 τούτους
370 1587 604 1641 ἀναλαβὼν
641 1587 712 1629 καὶ
752 1592 1020 1644 τρισχιλίους
1056 1591 1159 1638 τοὺς
1198 1590 1280 1630 σὺν
1321 1588 1490 1646 ἐμαυτῷ

153 1659 436 1713 στρατιώτας,
484 1659 626 1707 ἱππεῖς
670 1658 711 1700 δ’
762 1660 1054 1714 ὀγδοήκοντα,
1096 1661 1178 1713 τὴν
1214 1661 1395 1713 πορείαν
1433 1661 1495 1709 εἰς

153 1729 348 1783 Χαβωλὼ
380 1729 545 1782 κώμην,
578 1731 882 1783 Πτολεμαΐδος
913 1732 1126 1784 μεθόριον
1159 1726 1311 1783 οὖσαν,
1350 1729 1494 1783 ἐποιη-

153 1799 309 1853 σάμην.
375 1798 499 1839 κάκεῖ
538 1799 615 1848 τὰς
664 1800 871 1854 δυνάμεις
916 1807 1141 1856 συνεῖχον,
1193 1799 1495 1855 ἑτοιμάζεσθαι

101 1883 135 1909 25
154 1870 450 1923 σκηπτόμενος
482 1867 550 1910 ἐπὶ
581 1871 659 1911 τὸν
690 1871 799 1925 πρὸς
830 1871 1059 1912 Πλάκιδον
1090 1873 1293 1925 πόλεμον.
1350 1871 1494 1925 <214>

155 1939 332 1995 ἀφίκετο
366 1938 404 1980 δ’
443 1936 570 1989 οὗτος
601 1941 706 1994 μετὰ
739 1941 819 1982 δύο
853 1949 1044 1995 σπειρῶν
1069 1943 1200 1992 πεζοῦ
1233 1943 1496 1996 στρατεύμα-

156 2026 229 2060 τος
261 2008 333 2051 καὶ
367 2008 531 2051 ἱππέων
565 2013 659 2064 ἴλης
696 2017 810 2065 μιᾶς,
843 2011 927 2053 ὑπὸ
959 2013 1147 2054 Κεστίου
1181 2012 1355 2054 Γάλλου
1393 2026 1497 2066 πεμ-

156 2083 301 2136 φθείς,
332 2078 389 2121 ἵν’
427 2079 623 2136 ἐμπρήσῃ
654 2081 729 2130 τὰς
759 2082 906 2136 κώμας
939 2090 1026 2124 τῶν
1048 2085 1297 2125 Γαλιλαίων
1323 2085 1371 2124 αἳ
1392 2086 1499 2137 πλη-

158 2154 256 2193 σίον
282 2148 396 2205 ἦσαν
422 2152 737 2204 Πτολεμαΐδος.
780 2151 1056 2206 βαλλομένου
1077 2151 1114 2194 δ’
1142 2152 1312 2195 ἐκείνου
1333 2153 1499 2208 χάρακα

105 2233 140 2260 30
159 2222 242 2275 πρὸ
280 2227 355 2274 τῆς
393 2219 685 2274 Πτολεμαέων
721 2223 907 2275 πόλεως,
949 2225 1125 2278 τίθεμαι
1162 2223 1282 2278 κάγὼ
1323 2224 1501 2278 στρατό-

254 2307 272 2343 ξ
299 2305 366 2336 209
395 2300 439 2336 cf.
465 2300 558 2335 Bell.
583 2300 660 2335 Iud.
688 2300 721 2334 II
747 2305 801 2346 21,
831 2305 860 2338 7.

1512 1105 1556 1137 43
