1732 2526
177 58 263 100 248
669 61 1032 94 APXAIOAOPIAE

178 167 225 207 τὸ
258 166 445 220 ὠμότητι
477 171 714 222 τετρῦσθαι
745 175 833 209 τῶν
864 169 1079 223 πρότερον
1112 165 1181 209 ἐπὶ
1213 168 1261 208 τὸ
1288 165 1526 221 ἡγεμονεύ-
1553 184 1558 188 ·

177 251 244 277 ειν
275 236 597 292 καταστάντων,
628 239 804 291 γεύσειν
837 236 874 280 δ’
909 238 1068 287 αὐτοὺς
1101 236 1307 293 ἐπιεικείᾳ
1338 243 1387 292 τῇ
1418 233 1521 279 καθ’

177 306 312 348 αὑτὸν
350 309 540 362 μετρίων
577 316 763 363 καιρῶν,
805 309 985 363 ὀνόματι
1024 305 1103 363 μὲν
1135 309 1255 364 μόνω
1287 314 1362 362 τῆς
1392 307 1526 363 ἀρχῆς

177 375 386 432 ἐσομένης
429 377 570 435 αὐτῷ,
623 380 735 437 ἔργῳ
788 377 836 421 δὲ
885 385 1035 433 κοινῆς
1083 384 1189 420 πᾶσι
1238 376 1526 433 προκειμένης

177 449 238 498 εἰς
287 447 442 502 μέσον·
498 449 571 490 διὰ
614 453 790 491 πολλῶν
841 447 888 491 δὲ
932 447 1004 491 καὶ
1054 451 1264 491 ποικίλων
1315 448 1526 490 ὡδευκότι

176 525 264 560 τῶν
302 519 568 573 πραγμάτων
606 519 653 560 ἐν
695 521 793 570 ὄψει
830 526 880 575 τῇ
919 519 1100 561 ἐκείνων
1137 522 1278 569 καλῶς
1316 520 1430 574 ἔχειν
1467 519 1524 573 μὴ

177 589 387 631 ἀπιστεῖν.
438 589 583 643 <247>
615 588 688 631 καὶ
721 590 767 631 οἱ
795 587 874 644 μὲν
903 589 1104 645 πρέσβεις
1129 590 1342 632 τοιούτων
1369 588 1526 643 ἀκροά-

176 670 242 701 σει
275 662 420 713 λόγων
451 658 827 714 καθομιληθέντες
868 659 1176 715 ἐξεπέμποντο·
1221 660 1445 709 Κλαύδιος
1477 657 1525 701 δὲ

175 735 234 787 τῷ
280 736 447 786 στρατῷ
494 729 780 784 συλλεχθέντι
825 729 1043 784 διελέγετο
1089 731 1247 785 ’ὅρκους
1287 730 1525 785 λαμβάνων

177 797 201 854 ἦ
239 800 325 854 μὴν
365 799 567 854 ἐμμενεῖν
604 803 746 842 πίστει
784 807 834 856 τῇ
872 803 980 856 πρὸς
1018 800 1175 853 αὐτόν,
1217 800 1289 842 καὶ
1322 802 1525 856 δωρεῖται

179 872 278 920 τοὺς
322 871 695 925 σωματοφύλακας
737 873 1107 926 πεντακισχιλίαις
1158 872 1369 926 δραχμαῖς
1418 868 1519 912 καθ’

175 940 358 983 ἕκαστον
384 941 539 995 ἄνδρα,
574 949 664 991 τοῖς
695 940 741 983 θ’
772 942 986 996 ἡγεμόσιν
1016 942 1162 983 αὐτῶν
1196 941 1416 995 ἀνάλογον
1448 948 1526 983 τοῦ

175 1012 385 1067 ἀριθμοῦ,
418 1010 490 1053 καὶ
521 1020 612 1061 τοῖς
644 1012 755 1054 ὅπου
787 1010 890 1054 ποτὲ
918 1011 1228 1067 στρατοπέδοις
1254 1012 1526 1068 ὑπισχνεῖται

176 1084 228 1124 τὰ
260 1082 401 1137 ὅμοια.

264 1153 409 1207 <248>
453 1153 724 1195 συνεκάλουν
770 1151 808 1194 δ’
854 1153 899 1195 οἱ
936 1153 1093 1195 ὕπατοι
1132 1154 1213 1207 τὴν
1254 1154 1422 1207 βουλὴν
1464 1154 1525 1202 εἰς

174 1225 223 1265 τὸ
259 1224 378 1279 ἱερὸν
410 1230 488 1265 τοῦ
521 1225 767 1277 νικηφόρου
794 1225 918 1276 Διός,
952 1225 1014 1264 ἔτι
1047 1220 1095 1264 δὲ
1127 1223 1206 1273 νὺξ
1238 1220 1305 1276 ἦν.
1362 1230 1450 1264 τῶν
1480 1221 1518 1264 δ’

175 1296 219 1336 οἳ
243 1291 323 1348 μὲν
349 1294 397 1336 ἐν
423 1300 473 1349 τῇ
499 1295 623 1335 πόλει
649 1293 904 1343 κλέπτοντες
936 1292 1117 1343 ἑαυτοὺς
1144 1293 1392 1344 ἐνεδοίαζον
1417 1295 1526 1347 πρὸς

173 1365 253 1418 τὴν
285 1364 517 1419 ἀκρόασιν,
555 1372 647 1414 τοῖς
679 1363 718 1406 δ’
757 1363 826 1406 ἐπὶ
857 1372 944 1407 τῶν
983 1365 1110 1406 ἰδίων
1147 1364 1295 1419 ἀγρῶν
1329 1363 1524 1418 ἐγεγόνε-

175 1447 257 1477 σαν
290 1435 455 1489 ἕξοδοι,
486 1434 814 1490 προορωμένοις
845 1430 871 1490 ᾗ
903 1436 1091 1490 χωρήσει
1122 1437 1170 1477 τὸ
1203 1441 1306 1489 πᾶν,
1338 1433 1385 1476 ἐν
1418 1434 1524 1476 ἀπο-

171 1506 334 1558 γνώσει
364 1512 443 1548 τοῦ
477 1505 716 1561 ἐλευθέρου
743 1508 984 1559 γεγονότες,
1016 1504 1088 1547 καὶ
1113 1507 1225 1546 πολὺ
1251 1512 1448 1559 κρεῖττον
1477 1504 1524 1547 ἐν

173 1576 396 1633 ἀκινδύνῳ
435 1583 513 1618 τοῦ
553 1577 783 1618 δουλεύειν
821 1576 1107 1631 ὑπειληφότες
1145 1577 1349 1630 διαβιοῦν
1393 1575 1524 1632 ἀργίᾳ

173 1653 251 1688 τοῦ
283 1654 436 1689 πονεῖν
463 1645 535 1687 καὶ
561 1647 774 1700 κτώμενοι
805 1647 853 1688 τὸ
881 1646 1048 1701 ἀξίωμα
1080 1653 1167 1688 τῶν
1192 1644 1392 1700 πατέρων
1423 1645 1524 1701 περὶ

174 1723 249 1770 τῆς
286 1719 501 1772 σωτηρίας
539 1715 777 1771 ἀμφίβολοι
815 1723 1090 1771 καταστῆναι.
1153 1716 1308 1770 <249>
1348 1715 1524 1758 συνελέ-

174 1798 314 1841 γησαν
348 1785 386 1828 δ’
419 1787 535 1841 ὅμως
568 1785 735 1840 ἑκατόν,
770 1787 822 1829 οὐ
847 1789 1037 1837 πλείους.
1088 1785 1159 1828 καὶ
1187 1785 1524 1841 διαβουλευομέ-

173 1873 266 1899 νων
303 1856 402 1911 περὶ
439 1865 526 1899 τῶν
565 1856 612 1898 ἐν
651 1856 800 1912 χερσὶν
842 1858 1070 1911 αἰφνίδιον
1112 1861 1279 1911 αἴρεται
1318 1858 1401 1911 βοὴ
1442 1863 1554 1899 τοῦ·-

173 1929 488 1981 συνεστηκότος
532 1927 679 1977 αὐτοῖς
723 1934 1057 1983 στρατιωτικοῦ,
1109 1928 1352 1981 στρατηγὸν
1395 1927 1523 1969 αὐτο-

172 1997 364 2052 κράτορα
394 1999 665 2039 κελευόντων
698 1998 777 2052 τὴν
810 1999 974 2052 βουλὴν
1002 1996 1182 2039 ἑλέσθαι
1212 1995 1284 2038 καὶ
1309 1997 1366 2051 μὴ
1395 2000 1523 2052 φθεί-

173 2083 267 2121 ρειν
292 2070 538 2123 πολυαρχίᾳ
563 2069 644 2121 τὴν
670 2067 924 2122 ἡγεμονίαν·
964 2068 1107 2122 <250>
1138 2066 1209 2109 καὶ
1234 2069 1282 2109 τὸ
1309 2065 1390 2121 μὲν
1415 2057 1517 2109 καθ’

173 2137 354 2187 ἑαυτοὺς
387 2137 681 2192 ἀπεφαίνᾶντο
715 2137 813 2193 περὶ
844 2145 924 2180 τοῦ
956 2140 1013 2193 μὴ
1046 2145 1180 2180 πᾶσιν
1212 2136 1306 2179 ἀλλ’
1344 2136 1410 2179 ἑνὶ
1442 2139 1522 2193 τὴν

172 2209 311 2264 ἀρχὴν
344 2207 551 2263 ἐφέσιμον
584 2205 713 2263 εἶναι,
745 2209 821 2250 ἐᾶν
855 2207 892 2250 δ’
925 2209 1108 2259 ἐκείνοις
1133 2206 1376 2262 ἐπιτρέπειν
1404 2209 1523 2259 ὅστις

172 2280 386 2334 τοσαύτης
416 2280 680 2334 προστασίας
711 2278 841 2329 ἄξιος.
893 2278 992 2320 ὥστ’
1027 2278 1074 2321 ἐν
1101 2279 1318 2336 ἀδημονίςι
1349 2280 1402 2321 τὰ
1434 2282 1522 2322 τῶν

1546 816 1580 840 10

1546 1167 1578 1192 15

1543 1520 1578 1546 20

1541 2224 1576 2249 30
