1732 2526
732 83 846 115 ΒΙοΣ
1378 80 1464 122 365

116 192 261 246 (303)
299 192 357 241 ὡς
395 188 433 232 δ’
470 187 592 231 εἶδον
630 190 675 231 οἶ
705 191 788 230 σὺν
826 187 921 243 ἐμοὶ
954 190 1000 230 τὸ
1034 190 1319 243 γιγνόμενον,
1357 200 1464 230 σπα-

119 263 299 316 σάμενοι
350 261 424 310 τὰς
473 261 684 315 μαχαίρας
733 257 804 300 καὶ
854 262 1028 300 παίσειν
1073 259 1382 312 ἀπειλήσαντες
1428 260 1468 300 εί

118 333 354 387 βιάζοιντο,
385 337 464 373 τοῦ
495 345 539 371 τε
573 331 714 383 δήμου
745 332 902 378 λίθους
927 329 1149 383 ἀραμένου
1182 329 1252 370 καὶ
1285 330 1465 383 βάλλειν

119 402 188 444 ἐπὶ
220 405 297 445 τὸν
324 400 542 454 Ἰωνάθην
567 400 855 455 ὁρμήσαντος,
889 399 1179 454 ἐξαρπάζουσί
1201 416 1251 454 με
1277 407 1351 454 τῆς
1377 408 1466 442 τῶν

82 476 339 528 5πολεμίων
370 473 478 526 βίας.

209 544 350 595 <304>
383 541 474 583 ἐπεὶ
507 539 554 583 δὲ
586 542 820 595 προελθὼν
853 541 1004 594 ὀλίγον
1034 540 1314 590 ὑπαντιάζειν
1347 543 1465 594 ἔμελ-

121 617 200 655 λον
232 620 297 670 τῷ,
319 612 501 668 Ἰωάννῃ
539 614 767 666 προσιόντι
805 612 911 665 μετὰ
948 619 1035 653 τῶν
1068 612 1281 661 ὁπλιτῶν,
1323 612 1468 660 δείσας

122 683 293 726 ἐκεῖνον
326 681 406 737 μὲν
439 682 654 736 ἐξέκλινα,
693 683 764 724 διὰ
798 688 1024 724 στενωποῦ
1058 682 1108 723 δέ
1137 698 1256 731 τινος
1289 680 1357 723 ἐπὶ
1390 682 1469 734 τὴν

121 757 280 808 λίμνην
319 752 480 803 ὠσθεὶς
516 752 588 795 καὶ
625 756 782 795 πλοίου
822 755 1083 807 λαβόμενος,
1129 752 1260 807 ἐμβὰς
1299 754 1359 802 είς
1396 753 1470 802 τὰς

70 840 103 864 10
129 827 363 879 Ταριχαιάς
396 825 742 878 διεπεραιώθην,
780 823 1118 877 ἀπροσδοκήτως
1149 826 1226 865 τὸν
1257 825 1470 865 κίνδυνον

123 896 364 949 διαφυγών.
426 895 570 949 <305>
609 893 942 949 μεταπέμπομαί
976 893 1012 935 τ’
1048 895 1186 943 εὐθὺς
1223 897 1324 944 τοὺς
1355 909 1468 946 πρω-

122 966 329 1015 τεύοντας
370 972 456 1006 τῶν
500 967 767 1018 Γαλιλαίων,
811 963 882 1006 καὶ
923 966 1070 1019 φράζω
1113 967 1190 1007 τὸν
1231 967 1395 1018 τρόπον
1436 960 1469 1021 ᾧ

122 1034 511 1090 παρασπονδηθεὶς
542 1035 626 1077 ὑπὸ
659 1043 747 1076 τῶν
779 1034 877 1088 περὶ
909 1037 986 1077 τὸν
1014 1032 1230 1089 Ἰωνάθην
1265 1035 1337 1077 καὶ
1369 1038 1471 1085 τοὺς

129 1109 341 1160 Τιβεριεῖς
372 1104 472 1159 παρ’
506 1105 657 1158 ὀλίγον
685 1106 981 1160 διαφθαρείην
1009 1101 1083 1146 ὑπ’
1113 1106 1269 1147 αὐτῶν.
1325 1107 1470 1160 (5306)

71 1191 106 1217 15
126 1173 337 1232 ὀργισθὲν
382 1173 421 1217 δ’
463 1174 532 1217 ἐπὶ
576 1177 747 1225 τούτοις
790 1184 878 1217 τῶν
917 1177 1164 1217 Γαλιλαίων
1208 1178 1256 1218 τὸ
1301 1179 1471 1230 πλῆθος

123 1247 435 1302 παρεκελεύετό
467 1262 540 1301 μοι
573 1245 721 1300 μηκέτι
753 1245 928 1300 μέλλειν
960 1247 1038 1287 τὸν
1070 1248 1176 1298 πρὸς
1204 1247 1363 1296 αὐτοὺς
1394 1249 1470 1288 πό-

125 1322 258 1372 λεμον
291 1316 512 1371 ἐκφέρειν,
554 1312 648 1358 ἀλλ’
685 1316 928 1371 ἐπιτρέπειν
966 1317 1114 1366 αὐτοῖς
1152 1316 1364 1359 ἐλθοῦσιν
1403 1316 1471 1358 ἐπὶ

125 1390 202 1430 τὸν
239 1386 451 1441 Ἰωάννην
495 1388 636 1441 ἄρδην
680 1387 813 1429 αὐτὸν
858 1387 1069 1441 ἀφανίσαι
1112 1387 1183 1429 καὶ
1228 1390 1331 1436 τοὺς
1373 1386 1471 1441 περὶ

125 1460 202 1500 τὸν
239 1455 468 1512 Ἰωνάθην.
531 1458 686 1511 <307>
728 1457 899 1512 ἐπεῖχον
941 1456 984 1499 δ’
1030 1458 1147 1512 ὅμως
1188 1458 1347 1508 αὐτοὺς
1387 1459 1471 1512 ἐγὼ

73 1544 106 1569 20
127 1532 278 1583 καίπερ
306 1528 445 1578 οὕτως
470 1527 792 1582 ὀργιζομένους,
822 1527 1071 1582 περιμένειν
1098 1530 1256 1579 αὐτοὺς
1281 1531 1472 1571 κελεύων

128 1600 207 1648 ἕως
239 1599 293 1641 ἂν
325 1599 537 1654 μάθωμεν
570 1601 614 1640 τί
643 1599 689 1640 οἶ
715 1598 990 1653 πεμφθέντες
1019 1597 1090 1641 ὑπ’
1124 1600 1269 1641 αὐτῶν
1302 1601 1363 1649 εἰς
1393 1602 1473 1653 τὴν

120 1669 482 1725 Ἱεροσολυμιτῶν
513 1671 643 1711 πόλιν
676 1669 1015 1723 ἀπαγγελοῦσιν·
1059 1671 1163 1723 μετὰ
1188 1677 1263 1724 τῆς
1295 1670 1474 1712 ἐκείνων

128 1741 212 1795 γὰρ
245 1741 421 1794 γνώμης
446 1740 498 1782 τὰ
524 1741 739 1782 δοκοῦντα
764 1740 944 1793 πράξειν
970 1740 1129 1790 αὐτοὺς
1156 1743 1278 1796 ἔφην.
1329 1742 1473 1794 <308>

129 1810 201 1853 καὶ
244 1808 363 1853 ταῦτ’
406 1810 541 1852 εἰπὼν
585 1812 747 1852 ἔπεισα.
809 1813 903 1852 τότε
950 1811 1003 1864 δὴ
1047 1810 1118 1852 καὶ
1152 1809 1378 1866 Ἰωάννης,
1423 1812 1474 1854 οὐ

76 1895 111 1921 25
131 1882 349 1936 λαβούσης
390 1881 526 1923 αὐτοῦ
566 1881 698 1936 πέρας
738 1887 812 1935 τῆς
850 1880 1047 1936 ἐνέδρας,
1091 1881 1377 1936 ἀνεζεύγνυεν
1415 1884 1476 1932 είς

130 1953 182 1994 τὰ
214 1954 256 1994 Γ
253 1954 418 2007 ίσχαλα.

220 2022 363 2076 <309>
391 2019 479 2076 μετ’
512 2021 564 2064 οὐ
589 2023 752 2072 πολλὰς
778 2021 817 2064 δ’
842 2022 1003 2078 ἡμέρας
1029 2023 1318 2078 ἀφικνοῦνται
1344 2025 1476 2066 πάλιν

133 2092 209 2142 οὓς
251 2090 520 2146 ἐπέμψαμεν,
564 2091 636 2134 καὶ
680 2092 956 2147 ἀπήγγελλον
1000 2095 1171 2149 σφόδρα
1215 2096 1291 2137 τὸν
1337 2096 1477 2149 δῆμον

135 2162 203 2204 ἐπὶ
239 2164 343 2212 τοὺς
378 2161 477 2217 περὶ
514 2163 591 2204 τὸν
612 2161 804 2205 ’Ἀνανον
842 2163 914 2205 καὶ
951 2165 1028 2206 τὸν
1060 2167 1244 2219 Σίμωνα
1284 2166 1361 2207 τὸν
1398 2171 1478 2207 τοῦ

81 2247 115 2272 30
136 2234 416 2287 Γαμαλιήλου
453 2232 760 2287 παρωξύνθαι,
802 2234 866 2275 ὅτι
904 2233 1035 2290 χωρὶς
1072 2236 1247 2290 γνώμης
1278 2242 1357 2277 τοῦ
1388 2251 1478 2277 κοι-

135 2311 218 2346 νοῦ
249 2302 495 2358 πέμψαντες
526 2303 587 2352 είς
624 2303 703 2356 τὴν
737 2305 977 2346 Γαλιλαίαν
1008 2304 1206 2348 ἐκπεσεῖν
1238 2321 1289 2360 με
1322 2306 1480 2359 ταύτης

1493 555 1535 585 59

1503 2035 1547 2066 60
