1732 2526
646 81 863 113 ΕΠζοΣΤΗ
1340 79 1426 121 269

73 185 266 229 Ἰουδαία
298 185 370 228 καὶ
397 184 578 241 Ἀραβία
610 188 817 242 φροντίδι
849 185 920 229 καὶ
952 191 1139 245 προνοίᾳ
1164 195 1214 244 τῇ
1251 188 1427 230 Φάδου·

76 258 162 311 <6>
201 257 247 307 ὃς
292 258 345 312 δὴ
390 256 458 299 καὶ
502 259 598 300 τότε
643 258 1031 313 μεταπεμψάμενος
1068 261 1170 309 τοὺς
1215 259 1429 314 ἀρχιερεῖς

76 327 148 369 καὶ
180 330 282 378 τοὺς
312 329 510 383 πρώτους
535 335 622 369 τῶν
642 326 1006 383 Ἱεροσολυμιτῶν
1032 330 1139 371 κατὰ
1169 330 1248 383 τὴν
1281 327 1429 371 κέλευ-

81 410 152 440 σιν
191 405 270 440 τοῦ
308 398 628 453 αὐτοκράτορος
665 397 912 455 παρῄνεσεν
954 399 1103 449 αὐτοῖς
1146 401 1223 442 τὸν
1255 400 1427 454 ποδήρη

36 472 58 508 ’5
78 476 240 524 χιτῶνα
272 468 344 511 καὶ
376 470 456 523 τὴν
489 470 611 524 ἱερὰν
644 472 820 524 στολήν,
852 470 908 523 ἣν
940 477 1097 525 φορεῖν
1132 472 1265 525 μόνος
1297 469 1319 511 ὁ
1352 469 1428 523 ἀρ-

77 541 247 594 χιερεὺς
279 541 383 589 ἔθος
415 541 515 595 ἔχει,
548 541 609 590 εἰς
641 541 721 594 τὴν
742 538 997 594 Ἀντωνίαν,
1025 541 1134 595 ἤπερ
1168 539 1258 582 ἐστὶ
1289 541 1428 595 φρού-

78 626 190 665 ριον,
221 609 511 663 καταθέσθαι,
549 609 810 665 κεισομένην
848 611 933 653 ὑπὸ
975 617 1026 666 τῇ
1051 609 1277 665 Ῥωμαίων
1311 610 1427 660 ἐξου-

78 682 164 737 σίᾳ,
196 681 314 722 καθὰ
347 682 401 735 δὴ
434 680 505 723 καὶ
537 683 754 737 πρότερον
780 679 846 735 ἦν.
908 682 994 736 <7>
1028 684 1074 724 οἳ
1103 680 1141 723 δ’
1181 680 1427 735 ἀντιλέγειν

77 748 157 805 μὲν
189 759 279 802 τοῖς
317 751 402 794 ὑπὸ
442 758 520 794 τοῦ
559 752 774 807 ἡγεμόνος
813 751 1065 807 λεγομένοις
1104 752 1184 794 οὐκ
1217 751 1428 806 ἐτόλμων,

24 836 57 862 10
75 823 353 878 παρεκάλουν
387 821 428 864 δ’
468 823 584 877 ὅμως
615 825 692 865 τόν
724 839 768 865 τε
807 824 958 865 Φᾶδον
990 821 1062 865 καὶ
1094 824 1172 865 τὸν
1202 826 1427 877 Λογγῖνον

77 891 275 949 (ἀφίκετο
314 894 396 947 γὰρ
442 893 512 935 καὶ
557 894 688 944 αὐτὸς
732 895 793 944 εἰς
833 894 884 935 τὰ
917 892 1217 950 Ἱεροσόλυμα,
1259 894 1429 947 πολλὴν

79 962 346 1018 ἐπαγόμενος
379 965 570 1019 δύναμιν
597 967 722 1021 φόβῳ
750 971 828 1006 τοῦ
855 965 913 1019 μὴ
942 965 1014 1006 διὰ
1040 965 1091 1006 τὰ
1117 965 1428 1019 προστάγματα

72 1034 234 1076 Φάδου
267 1036 315 1076 τὸ
347 1038 519 1088 πλῆθος
550 1043 638 1077 τῶν
660 1031 888 1077 Ἰουδαίων
928 1038 1200 1089 νεωτερίζειν
1240 1034 1428 1088 ἀναγκα-

78 1105 225 1159 σθείη)
257 1112 432 1159 πρῶτον
459 1103 540 1159 μὲν
572 1106 722 1155 αὐτοῖς
756 1104 982 1160 ἐπιτρέψαι
1006 1105 1210 1160 πρέσβεις
1242 1106 1300 1155 ὡς
1320 1107 1428 1146 Καί-

25 1189 58 1215 15
80 1188 192 1231 σαρα
222 1174 388 1230 πέμψαι
420 1178 522 1226 τοὺς
554 1176 872 1231 αἰτησομένους
897 1175 998 1230 παρ’
1033 1177 1170 1218 αὐτοῦ
1195 1177 1276 1230 τὴν
1304 1176 1427 1231 ἱερὰν

77 1247 239 1301 στολὴν
270 1246 354 1288 ὑπὸ
387 1247 466 1300 τὴν
500 1247 646 1289 αὐτῶν
680 1246 884 1297 ἐξουσίαν
930 1249 1059 1302 ἔχειν,
1098 1244 1190 1289 εἶτα
1229 1245 1277 1288 δὲ
1307 1261 1428 1301 περι-

75 1323 221 1372 μεῖναι
253 1316 334 1367 ἕως
366 1317 420 1359 ἂν
453 1325 591 1371 γνῶσι
623 1320 669 1359 τί
696 1319 805 1373 πρὸς
831 1324 965 1360 ταῦτα
991 1319 1216 1368 Κλαύδιος
1248 1317 1429 1372 ἀποκρί-

76 1404 212 1430 ναιτο.
260 1389 345 1442 <8>
380 1391 425 1430 οἳ
448 1387 485 1430 δ’
520 1388 769 1445 ἐπιτρέψειν
796 1389 946 1438 αὐτοῖς
971 1390 1141 1444 ἔφασαν
1173 1387 1428 1430 ἀποστεῖλαι

75 1460 178 1508 τοὺς
208 1457 427 1513 πρέσβεις,
460 1460 500 1500 εἰ
529 1459 710 1513 λάβοιεν
743 1459 888 1501 αὐτῶν
919 1460 1022 1508 τοὺς
1053 1459 1211 1508 παῖδας
1243 1458 1428 1513 ὁμηρεύ-

23 1543 56 1568 20
77 1541 245 1579 σοντας.
291 1529 639 1571 ὑπακουσάντων
669 1527 708 1571 δ’
741 1527 923 1583 ἑτοίμως
950 1528 1129 1570 ἐκείνων
1155 1527 1228 1570 καὶ
1256 1529 1428 1570 δόντων

78 1598 413 1655 ἐξεπέμφθησαν
447 1601 492 1642 οἱ
513 1599 728 1655 πρέσβεις.
774 1600 859 1654 <9>
890 1598 1261 1653 παραγενομένων
1294 1596 1333 1640 δ’
1366 1600 1428 1648 εἰς

75 1671 156 1724 τὴν
181 1668 349 1725 Ῥώμην
382 1671 528 1712 αὐτῶν
560 1673 695 1724 γνοὺς
727 1671 749 1713 ὁ
782 1671 994 1725 νεώτερος
1014 1668 1264 1725 Ἀγρίππας,
1298 1669 1320 1712 ὁ
1347 1676 1427 1712 τοῦ

75 1743 430 1796 τετελευτηκότος
466 1748 582 1795 παῖς,
620 1740 721 1782 καθ’
770 1741 826 1795 ’ἣν
865 1742 1050 1795 ἥκουσιν
1089 1742 1248 1795 αἰτίαν,
1281 1738 1426 1796 (ἐτύγ-

76 1827 180 1867 χανε
214 1807 256 1853 δ’
294 1812 356 1853 ὢν
387 1812 503 1866 παρὰ
537 1813 757 1868 Κλαυδίῳ·
779 1814 986 1866 Καίσαρι,
1027 1812 1176 1861 καθὼς
1215 1810 1288 1853 καὶ
1319 1813 1426 1866 πρό-

25 1895 205 1938 25τερον
250 1881 448 1936 εἴπομεν)
493 1885 737 1936 παρακαλεῖ
777 1883 854 1924 τὸν
898 1884 1102 1937 Καίσαρα
1147 1887 1426 1937 συγχωρῆσαι

76 1961 169 2003 τοῖς
183 1951 417 2002 Ἰουδαίοις
450 1953 558 2006 ἅπερ
590 1951 745 2006 ἠξίουν
777 1951 876 2008 περὶ
908 1959 982 2007 τῆς
1015 1953 1133 2007 ἱερᾶς
1160 1955 1328 2006 στολῆς,
1355 1951 1426 1994 καὶ

80 2024 215 2082 Φάδῳ
241 2022 341 2079 περὶ
367 2024 536 2066 τούτων
563 2022 813 2065 ἐπιστεῖλαι.
855 2024 968 2077 <ΙΟ>
1000 2022 1185 2072 καλέσας
1211 2021 1259 2064 δὲ
1279 2024 1427 2065 Κλαύ-

79 2096 172 2144 διος
202 2097 305 2145 τοὺς
336 2093 538 2149 πρέσβεις
570 2095 651 2148 ἔφη
681 2101 816 2136 ταῦτα
843 2101 1103 2150 συγχωρεῖν,
1128 2092 1200 2135 καὶ
1227 2092 1428 2136 ἐκέλευεν

79 2165 239 2215 αὐτοὺς
276 2163 493 2221 Ἀγρίππα
537 2164 665 2219 χάριν
709 2164 874 2207 εἰδέναι
919 2163 1073 2220 (ταῦτα
1124 2165 1207 2219 γὰρ
1256 2163 1427 2206 ἐκείνου

24 2248 60 2274 30
78 2242 222 2277 ποιεῖν
260 2233 562 2290 ἀξιώσαντος),
600 2233 674 2276 ἐπί
713 2250 757 2276 τε
795 2242 888 2284 ταῖς
927 2234 1181 2289 ἀποκρίσεσι
1219 2235 1428 2288 τοιαύτην

80 2305 313 2360 ἐπιστολὴν
345 2306 491 2348 ἔδωκε.
536 2305 650 2360 <11>
683 2305 927 2354 <Κλαύδιος
948 2307 1120 2361 Καῖσαρ
1141 2306 1428 2359 Γερμανικός,
