<?xml version="1.0" encoding="UTF-8"?>
<!DOCTYPE html PUBLIC "-//W3C//DTD XHTML 1.0 Transitional//EN"
    "http://www.w3.org/TR/xhtml1/DTD/xhtml1-transitional.dtd">
<html xmlns="http://www.w3.org/1999/xhtml" xml:lang="en" lang="en">
 <head>
  <title>
</title>
<meta http-equiv="Content-Type" content="text/html;charset=utf-8" />
  <meta name='ocr-system' content='tesseract 3.04.00' />
  <meta name='ocr-capabilities' content='ocr_page ocr_carea ocr_par ocr_line ocrx_word'/>
</head>
<body>
  <div class='ocr_page' id='page_1' title='image "./flaviiiosephiope04joseuoft_0061.png"; bbox 0 0 1732 2526; ppageno 0'>
   <div class='ocr_carea' id='block_1_1' title="bbox 602 83 1444 124">
    <p class='ocr_par' dir='ltr' id='par_1_1' title="bbox 602 83 1444 124">
     <span class='ocr_line' id='line_1_1' title="bbox 602 83 1444 124; baseline 0 -8"><span class='ocrx_word' id='word_1_1' title='bbox 602 85 941 116; x_wconf 77' lang='lat' dir='ltr'>EKKAIAEKATH</span> <span class='ocrx_word' id='word_1_2' title='bbox 1419 83 1444 124; x_wconf 84' lang='lat'>9</span> 
     </span>
    </p>
   </div>
   <div class='ocr_carea' id='block_1_2' title="bbox 31 190 1445 2366">
    <p class='ocr_par' dir='ltr' id='par_1_2' title="bbox 31 190 1445 2366">
     <span class='ocr_line' id='line_1_2' title="bbox 98 190 1445 246; baseline 0 -13"><span class='ocrx_word' id='word_1_3' title='bbox 98 190 224 246; x_wconf 85' lang='grc' dir='ltr'><em>ἀρκεῖ</em></span> <span class='ocrx_word' id='word_1_4' title='bbox 256 193 364 245; x_wconf 89' lang='grc' dir='ltr'><em>πρὸς</em></span> <span class='ocrx_word' id='word_1_5' title='bbox 401 193 650 245; x_wconf 81' lang='grc' dir='ltr'><em>παρρησίαν</em></span> <span class='ocrx_word' id='word_1_6' title='bbox 689 190 813 245; x_wconf 84' lang='grc' dir='ltr'><em>ἡμῖν,</em></span> <span class='ocrx_word' id='word_1_7' title='bbox 853 191 905 231; x_wconf 82' lang='grc' dir='ltr'><em>τὰ</em></span> <span class='ocrx_word' id='word_1_8' title='bbox 937 192 1152 245; x_wconf 90' lang='grc' dir='ltr'><em>πρότερον</em></span> <span class='ocrx_word' id='word_1_9' title='bbox 1185 193 1445 245; x_wconf 87' lang='grc' dir='ltr'><em>σιωπήσασι,</em></span> 
     </span>
     <span class='ocr_line' id='line_1_3' title="bbox 96 259 1444 316; baseline -0.001 -12"><span class='ocrx_word' id='word_1_10' title='bbox 96 263 173 304; x_wconf 88' lang='grc' dir='ltr'><em>τὸν</em></span> <span class='ocrx_word' id='word_1_11' title='bbox 204 262 494 316; x_wconf 83' lang='grc' dir='ltr'><em>βασιλεύοντα</em></span> <span class='ocrx_word' id='word_1_12' title='bbox 531 268 616 303; x_wconf 91' lang='grc' dir='ltr'><em>νῦν</em></span> <span class='ocrx_word' id='word_1_13' title='bbox 652 261 777 315; x_wconf 82' lang='grc' dir='ltr'><em>ἡμῶν</em></span> <span class='ocrx_word' id='word_1_14' title='bbox 815 259 886 302; x_wconf 87' lang='grc' dir='ltr'><em>καὶ</em></span> <span class='ocrx_word' id='word_1_15' title='bbox 926 259 996 302; x_wconf 88' lang='grc' dir='ltr'><em>σοὶ</em></span> <span class='ocrx_word' id='word_1_16' title='bbox 1028 264 1444 316; x_wconf 78' lang='grc' dir='ltr'><em>παρακαθεζόμενον</em></span> 
     </span>
     <span class='ocr_line' id='line_1_4' title="bbox 96 327 1444 388; baseline 0 -14"><span class='ocrx_word' id='word_1_17' title='bbox 96 333 255 386; x_wconf 82' lang='grc' dir='ltr'><em>εἰπεῖν,</em></span> <span class='ocrx_word' id='word_1_18' title='bbox 296 332 411 386; x_wconf 77' lang='grc'>&lt;51&gt;</span> <span class='ocrx_word' id='word_1_19' title='bbox 444 327 478 388; x_wconf 75' lang='grc' dir='ltr'><em>ᾧ</em></span> <span class='ocrx_word' id='word_1_20' title='bbox 518 334 622 374; x_wconf 91' lang='grc' dir='ltr'><em>ποιά</em></span> <span class='ocrx_word' id='word_1_21' title='bbox 663 329 743 385; x_wconf 74' lang='grc' dir='ltr'><em>μὲν</em></span> <span class='ocrx_word' id='word_1_22' title='bbox 781 332 933 373; x_wconf 81' lang='grc' dir='ltr'><em>εὔνοια</em></span> <span class='ocrx_word' id='word_1_23' title='bbox 971 333 1079 386; x_wconf 87' lang='grc' dir='ltr'><em>πρὸς</em></span> <span class='ocrx_word' id='word_1_24' title='bbox 1115 333 1194 373; x_wconf 87' lang='grc' dir='ltr'><em>τὸν</em></span> <span class='ocrx_word' id='word_1_25' title='bbox 1232 332 1444 387; x_wconf 83' lang='grc' dir='ltr'><em>ὑμέτερον</em></span> 
     </span>
     <span class='ocr_line' id='line_1_5' title="bbox 95 400 1444 457; baseline -0.001 -12"><span class='ocrx_word' id='word_1_26' title='bbox 95 400 218 445; x_wconf 82' lang='grc' dir='ltr'><em>οἷκον</em></span> <span class='ocrx_word' id='word_1_27' title='bbox 249 401 600 457; x_wconf 77' lang='grc' dir='ltr'><em>παραλέλειπται,</em></span> <span class='ocrx_word' id='word_1_28' title='bbox 631 405 734 444; x_wconf 87' lang='grc' dir='ltr'><em>ποιά</em></span> <span class='ocrx_word' id='word_1_29' title='bbox 768 400 815 443; x_wconf 76' lang='grc' dir='ltr'><em>δὲ</em></span> <span class='ocrx_word' id='word_1_30' title='bbox 847 404 990 451; x_wconf 90' lang='grc' dir='ltr'><em>πίστις</em></span> <span class='ocrx_word' id='word_1_31' title='bbox 1022 401 1173 455; x_wconf 86' lang='grc' dir='ltr'><em>ἐνδεής</em></span> <span class='ocrx_word' id='word_1_32' title='bbox 1204 401 1342 453; x_wconf 84' lang='grc' dir='ltr'><em>ἐστιν;</em></span> <span class='ocrx_word' id='word_1_33' title='bbox 1380 405 1444 453; x_wconf 82' lang='grc' dir='ltr'><em>τίς</em></span> 
     </span>
     <span class='ocr_line' id='line_1_6' title="bbox 58 470 1444 528; baseline 0.001 -15"><span class='ocrx_word' id='word_1_34' title='bbox 58 470 143 514; x_wconf 76' lang='grc' dir='ltr'><em>5δὲ</em></span> <span class='ocrx_word' id='word_1_35' title='bbox 175 473 228 515; x_wconf 90' lang='grc' dir='ltr'><em>οὐ</em></span> <span class='ocrx_word' id='word_1_36' title='bbox 266 474 470 527; x_wconf 80' lang='grc' dir='ltr'><em>νενόηται</em></span> <span class='ocrx_word' id='word_1_37' title='bbox 507 474 628 527; x_wconf 87' lang='grc' dir='ltr'><em>τιμή;</em></span> <span class='ocrx_word' id='word_1_38' title='bbox 669 475 773 515; x_wconf 90' lang='grc' dir='ltr'><em>ποία</em></span> <span class='ocrx_word' id='word_1_39' title='bbox 815 470 863 514; x_wconf 73' lang='grc' dir='ltr'><em>δὲ</em></span> <span class='ocrx_word' id='word_1_40' title='bbox 905 473 1027 528; x_wconf 88' lang='grc' dir='ltr'><em>χρεία</em></span> <span class='ocrx_word' id='word_1_41' title='bbox 1068 473 1125 527; x_wconf 85' lang='grc' dir='ltr'><em>μὴ</em></span> <span class='ocrx_word' id='word_1_42' title='bbox 1168 474 1230 522; x_wconf 84' lang='grc' dir='ltr'><em>εἰς</em></span> <span class='ocrx_word' id='word_1_43' title='bbox 1269 480 1444 528; x_wconf 90' lang='grc' dir='ltr'><em>πρῶτον</em></span> 
     </span>
     <span class='ocr_line' id='line_1_7' title="bbox 94 541 1444 599; baseline -0.001 -14"><span class='ocrx_word' id='word_1_44' title='bbox 94 543 196 599; x_wconf 74' lang='grc' dir='ltr'><em>ὁρᾷς</em></span> <span class='ocrx_word' id='word_1_45' title='bbox 234 545 281 585; x_wconf 88' lang='grc' dir='ltr'><em>τί</em></span> <span class='ocrx_word' id='word_1_46' title='bbox 314 544 368 598; x_wconf 85' lang='grc' dir='ltr'><em>δὴ</em></span> <span class='ocrx_word' id='word_1_47' title='bbox 407 544 567 585; x_wconf 82' lang='grc' dir='ltr'><em>κωλύει</em></span> <span class='ocrx_word' id='word_1_48' title='bbox 606 542 677 584; x_wconf 83' lang='grc' dir='ltr'><em>καὶ</em></span> <span class='ocrx_word' id='word_1_49' title='bbox 710 544 784 592; x_wconf 86' lang='grc' dir='ltr'><em>τὰς</em></span> <span class='ocrx_word' id='word_1_50' title='bbox 814 541 1023 597; x_wconf 81' lang='grc' dir='ltr'><em>ἡμετέρας</em></span> <span class='ocrx_word' id='word_1_51' title='bbox 1054 543 1231 598; x_wconf 84' lang='grc' dir='ltr'><em>χάριτας</em></span> <span class='ocrx_word' id='word_1_52' title='bbox 1262 551 1350 585; x_wconf 91' lang='grc' dir='ltr'><em>τῶν</em></span> <span class='ocrx_word' id='word_1_53' title='bbox 1383 545 1444 593; x_wconf 85' lang='grc' dir='ltr'><em>εἰς</em></span> 
     </span>
     <span class='ocr_line' id='line_1_8' title="bbox 92 611 1437 669; baseline 0.001 -14"><span class='ocrx_word' id='word_1_54' title='bbox 92 620 306 657; x_wconf 89' lang='grc' dir='ltr'><em>τοσοῦτον</em></span> <span class='ocrx_word' id='word_1_55' title='bbox 345 614 609 669; x_wconf 74' lang='grc' dir='ltr'><em>εὐεργεσιῶν</em></span> <span class='ocrx_word' id='word_1_56' title='bbox 651 614 846 668; x_wconf 89' lang='grc' dir='ltr'><em>ἀριθμὸν</em></span> <span class='ocrx_word' id='word_1_57' title='bbox 887 611 1019 663; x_wconf 80' lang='grc' dir='ltr'><em>εἷναι;</em></span> <span class='ocrx_word' id='word_1_58' title='bbox 1066 614 1180 668; x_wconf 75' lang='lat'>&lt;52&gt;</span> <span class='ocrx_word' id='word_1_59' title='bbox 1220 615 1356 657; x_wconf 87' lang='grc' dir='ltr'><em>καλὸν</em></span> <span class='ocrx_word' id='word_1_60' title='bbox 1399 613 1437 656; x_wconf 87' lang='grc' dir='ltr'><em>δ’</em></span> 
     </span>
     <span class='ocr_line' id='line_1_9' title="bbox 94 683 1443 739; baseline 0.001 -13"><span class='ocrx_word' id='word_1_61' title='bbox 94 688 197 734; x_wconf 70' lang='grc' dir='ltr'><em>ἴσως</em></span> <span class='ocrx_word' id='word_1_62' title='bbox 239 683 350 739; x_wconf 80' lang='grc' dir='ltr'><em>μηδὲ</em></span> <span class='ocrx_word' id='word_1_63' title='bbox 394 685 474 739; x_wconf 90' lang='grc' dir='ltr'><em>τὴν</em></span> <span class='ocrx_word' id='word_1_64' title='bbox 516 690 596 727; x_wconf 88' lang='grc' dir='ltr'><em>τοῦ</em></span> <span class='ocrx_word' id='word_1_65' title='bbox 644 686 809 739; x_wconf 89' lang='grc' dir='ltr'><em>πατρὸς</em></span> <span class='ocrx_word' id='word_1_66' title='bbox 846 683 1137 739; x_wconf 75' lang='grc' dir='ltr'><em>Ἀντιπάτρου</em></span> <span class='ocrx_word' id='word_1_67' title='bbox 1181 688 1443 737; x_wconf 77' lang='grc' dir='ltr'><em>παραλιπεῖν</em></span> 
     </span>
     <span class='ocr_line' id='line_1_10' title="bbox 92 754 1443 810; baseline 0.001 -14"><span class='ocrx_word' id='word_1_68' title='bbox 92 754 400 809; x_wconf 77' lang='grc' dir='ltr'><em>ἀνδραγαθίαν</em></span> <span class='ocrx_word' id='word_1_69' title='bbox 427 755 778 810; x_wconf 81' lang='grc' dir='ltr'><em>ἀμνημόνευτον,</em></span> <span class='ocrx_word' id='word_1_70' title='bbox 804 755 851 805; x_wconf 89' lang='grc' dir='ltr'><em>ὃς</em></span> <span class='ocrx_word' id='word_1_71' title='bbox 877 757 938 805; x_wconf 85' lang='grc' dir='ltr'><em>εἰς</em></span> <span class='ocrx_word' id='word_1_72' title='bbox 964 759 1192 808; x_wconf 75' lang='grc' dir='ltr'><em>Αἴγυπτον</em></span> <span class='ocrx_word' id='word_1_73' title='bbox 1219 757 1443 810; x_wconf 82' lang='grc' dir='ltr'><em>εἰσβεβλη-</em></span> 
     </span>
     <span class='ocr_line' id='line_1_11' title="bbox 39 825 1443 882; baseline 0.001 -16"><span class='ocrx_word' id='word_1_74' title='bbox 39 840 73 865; x_wconf 88' lang='lat'><em>10</em></span> <span class='ocrx_word' id='word_1_75' title='bbox 91 827 217 875; x_wconf 86' lang='grc' dir='ltr'><em>κότος</em></span> <span class='ocrx_word' id='word_1_76' title='bbox 248 828 471 881; x_wconf 88' lang='grc' dir='ltr'><em>Καίσαρος</em></span> <span class='ocrx_word' id='word_1_77' title='bbox 503 827 734 882; x_wconf 79' lang='grc' dir='ltr'><em>δισχιλίοις</em></span> <span class='ocrx_word' id='word_1_78' title='bbox 766 826 962 876; x_wconf 90' lang='grc' dir='ltr'><em>ὁπλίταις</em></span> <span class='ocrx_word' id='word_1_79' title='bbox 993 827 1234 880; x_wconf 74' lang='grc' dir='ltr'><em>βοηθήσας,</em></span> <span class='ocrx_word' id='word_1_80' title='bbox 1267 825 1357 868; x_wconf 83' lang='grc' dir='ltr'><em>οὔτ’</em></span> <span class='ocrx_word' id='word_1_81' title='bbox 1396 827 1443 868; x_wconf 89' lang='grc' dir='ltr'><em>ἐν</em></span> 
     </span>
     <span class='ocr_line' id='line_1_12' title="bbox 90 894 1444 952; baseline 0.001 -15"><span class='ocrx_word' id='word_1_82' title='bbox 90 903 182 945; x_wconf 84' lang='grc' dir='ltr'><em>τοῖς</em></span> <span class='ocrx_word' id='word_1_83' title='bbox 217 898 325 938; x_wconf 79' lang='grc' dir='ltr'><em>κατὰ</em></span> <span class='ocrx_word' id='word_1_84' title='bbox 363 904 446 952; x_wconf 81' lang='grc' dir='ltr'><em>γῆν</em></span> <span class='ocrx_word' id='word_1_85' title='bbox 485 896 651 951; x_wconf 85' lang='grc' dir='ltr'><em>ἀγῶσιν</em></span> <span class='ocrx_word' id='word_1_86' title='bbox 690 894 792 939; x_wconf 82' lang='grc' dir='ltr'><em>οὔθ’</em></span> <span class='ocrx_word' id='word_1_87' title='bbox 837 897 906 938; x_wconf 85' lang='grc' dir='ltr'><em>ὅτε</em></span> <span class='ocrx_word' id='word_1_88' title='bbox 948 903 1062 938; x_wconf 90' lang='grc' dir='ltr'><em>νεῶν</em></span> <span class='ocrx_word' id='word_1_89' title='bbox 1107 898 1196 938; x_wconf 80' lang='grc' dir='ltr'><em>ἔδει</em></span> <span class='ocrx_word' id='word_1_90' title='bbox 1241 897 1444 952; x_wconf 87' lang='grc' dir='ltr'><em>δεύτερος</em></span> 
     </span>
     <span class='ocr_line' id='line_1_13' title="bbox 91 966 1444 1023; baseline 0.001 -15"><span class='ocrx_word' id='word_1_91' title='bbox 91 966 326 1021; x_wconf 80' lang='grc' dir='ltr'><em>ἐξητάζετο.</em></span> <span class='ocrx_word' id='word_1_92' title='bbox 389 968 505 1021; x_wconf 82' lang='lat'>&lt;53&gt;</span> <span class='ocrx_word' id='word_1_93' title='bbox 536 967 608 1009; x_wconf 86' lang='grc' dir='ltr'><em>καὶ</em></span> <span class='ocrx_word' id='word_1_94' title='bbox 640 971 686 1010; x_wconf 89' lang='grc' dir='ltr'><em>τί</em></span> <span class='ocrx_word' id='word_1_95' title='bbox 714 969 784 1010; x_wconf 90' lang='grc' dir='ltr'><em>δεῖ</em></span> <span class='ocrx_word' id='word_1_96' title='bbox 819 966 963 1022; x_wconf 89' lang='grc' dir='ltr'><em>λέγειν</em></span> <span class='ocrx_word' id='word_1_97' title='bbox 1002 969 1112 1022; x_wconf 82' lang='grc' dir='ltr'><em>ὅσην</em></span> <span class='ocrx_word' id='word_1_98' title='bbox 1145 968 1305 1010; x_wconf 87' lang='grc' dir='ltr'><em>ἐκεῖνοι</em></span> <span class='ocrx_word' id='word_1_99' title='bbox 1337 982 1444 1023; x_wconf 87' lang='grc' dir='ltr'><em>παρ-</em></span> 
     </span>
     <span class='ocr_line' id='line_1_14' title="bbox 91 1037 1444 1097; baseline 0.001 -18"><span class='ocrx_word' id='word_1_100' title='bbox 91 1037 221 1092; x_wconf 87' lang='grc' dir='ltr'><em>έσχον</em></span> <span class='ocrx_word' id='word_1_101' title='bbox 259 1038 401 1093; x_wconf 78' lang='grc' dir='ltr'><em>ῥοπὴν</em></span> <span class='ocrx_word' id='word_1_102' title='bbox 439 1045 497 1096; x_wconf 77' lang='grc' dir='ltr'><em>τῷ</em></span> <span class='ocrx_word' id='word_1_103' title='bbox 542 1041 637 1081; x_wconf 90' lang='grc' dir='ltr'><em>τότε</em></span> <span class='ocrx_word' id='word_1_104' title='bbox 682 1044 841 1097; x_wconf 75' lang='grc' dir='ltr'><em>καιρῷ,</em></span> <span class='ocrx_word' id='word_1_105' title='bbox 886 1038 958 1080; x_wconf 87' lang='grc' dir='ltr'><em>καὶ</em></span> <span class='ocrx_word' id='word_1_106' title='bbox 998 1041 1149 1081; x_wconf 90' lang='grc' dir='ltr'><em>πόσων</em></span> <span class='ocrx_word' id='word_1_107' title='bbox 1193 1038 1265 1080; x_wconf 86' lang='grc' dir='ltr'><em>καὶ</em></span> <span class='ocrx_word' id='word_1_108' title='bbox 1309 1042 1444 1081; x_wconf 88' lang='grc' dir='ltr'><em>τίνων</em></span> 
     </span>
     <span class='ocr_line' id='line_1_15' title="bbox 91 1107 1444 1164; baseline 0.001 -15"><span class='ocrx_word' id='word_1_109' title='bbox 91 1109 270 1161; x_wconf 84' lang='grc' dir='ltr'><em>δωρεῶν</em></span> <span class='ocrx_word' id='word_1_110' title='bbox 319 1109 405 1152; x_wconf 83' lang='grc' dir='ltr'><em>ὑπὸ</em></span> <span class='ocrx_word' id='word_1_111' title='bbox 456 1111 680 1163; x_wconf 88' lang='grc' dir='ltr'><em>Καίσαρος</em></span> <span class='ocrx_word' id='word_1_112' title='bbox 729 1110 985 1164; x_wconf 82' lang='grc' dir='ltr'><em>ἠξιώθησαν</em></span> <span class='ocrx_word' id='word_1_113' title='bbox 1034 1107 1138 1151; x_wconf 81' lang='grc' dir='ltr'><em>καθ’</em></span> <span class='ocrx_word' id='word_1_114' title='bbox 1191 1109 1290 1163; x_wconf 81' lang='grc' dir='ltr'><em>ἕνα,</em></span> <span class='ocrx_word' id='word_1_115' title='bbox 1340 1109 1444 1152; x_wconf 89' lang='grc' dir='ltr'><em>δέον</em></span> 
     </span>
     <span class='ocr_line' id='line_1_16' title="bbox 38 1174 1443 1236; baseline 0.003 -18"><span class='ocrx_word' id='word_1_116' title='bbox 38 1191 72 1218; x_wconf 88' lang='lat'><em>15</em></span> <span class='ocrx_word' id='word_1_117' title='bbox 93 1174 341 1234; x_wconf 75' lang='grc' dir='ltr'><em>ἀναμνῆσαι</em></span> <span class='ocrx_word' id='word_1_118' title='bbox 373 1188 462 1222; x_wconf 89' lang='grc' dir='ltr'><em>τῶν</em></span> <span class='ocrx_word' id='word_1_119' title='bbox 494 1180 737 1223; x_wconf 84' lang='grc' dir='ltr'><em>ἐπιστολῶν</em></span> <span class='ocrx_word' id='word_1_120' title='bbox 776 1181 826 1230; x_wconf 76' lang='grc' dir='ltr'><em>ἃς</em></span> <span class='ocrx_word' id='word_1_121' title='bbox 858 1183 1018 1236; x_wconf 79' lang='grc' dir='ltr'><em>ἔγραψε</em></span> <span class='ocrx_word' id='word_1_122' title='bbox 1058 1182 1153 1222; x_wconf 92' lang='grc' dir='ltr'><em>τότε</em></span> <span class='ocrx_word' id='word_1_123' title='bbox 1186 1183 1359 1236; x_wconf 85' lang='grc' dir='ltr'><em>Καῖσαρ</em></span> <span class='ocrx_word' id='word_1_124' title='bbox 1392 1187 1443 1235; x_wconf 77' lang='grc' dir='ltr'><em>τῇ</em></span> 
     </span>
     <span class='ocr_line' id='line_1_17' title="bbox 31 1249 1444 1308; baseline 0.001 -17"><span class='ocrx_word' id='word_1_125' title='bbox 31 1304 35 1307; x_wconf 35' lang='grc'>-</span> <span class='ocrx_word' id='word_1_126' title='bbox 92 1252 334 1308; x_wconf 75' lang='grc' dir='ltr'><em>συγκλήτῳ,</em></span> <span class='ocrx_word' id='word_1_127' title='bbox 367 1249 440 1292; x_wconf 83' lang='grc' dir='ltr'><em>καὶ</em></span> <span class='ocrx_word' id='word_1_128' title='bbox 472 1251 529 1300; x_wconf 88' lang='grc' dir='ltr'><em>ὡς</em></span> <span class='ocrx_word' id='word_1_129' title='bbox 556 1252 745 1307; x_wconf 81' lang='grc' dir='ltr'><em>δημοσίᾳ</em></span> <span class='ocrx_word' id='word_1_130' title='bbox 776 1252 901 1305; x_wconf 84' lang='grc' dir='ltr'><em>τιμὰς</em></span> <span class='ocrx_word' id='word_1_131' title='bbox 925 1250 998 1292; x_wconf 79' lang='grc' dir='ltr'><em>καὶ</em></span> <span class='ocrx_word' id='word_1_132' title='bbox 1029 1253 1254 1293; x_wconf 88' lang='grc' dir='ltr'><em>πολιτείαν</em></span> <span class='ocrx_word' id='word_1_133' title='bbox 1287 1252 1444 1305; x_wconf 81' lang='grc' dir='ltr'><em>ἔλαβεν</em></span> 
     </span>
     <span class='ocr_line' id='line_1_18' title="bbox 85 1318 1444 1376; baseline 0.001 -14"><span class='ocrx_word' id='word_1_134' title='bbox 85 1318 378 1376; x_wconf 78' lang='grc' dir='ltr'><em>Ἀντίπατρος.</em></span> <span class='ocrx_word' id='word_1_135' title='bbox 446 1321 574 1376; x_wconf 83' lang='lat'>&lt;54&gt;</span> <span class='ocrx_word' id='word_1_136' title='bbox 619 1320 791 1376; x_wconf 80' lang='grc' dir='ltr'><em>ἀρκέσει</em></span> <span class='ocrx_word' id='word_1_137' title='bbox 835 1322 918 1375; x_wconf 79' lang='grc' dir='ltr'><em>γὰρ</em></span> <span class='ocrx_word' id='word_1_138' title='bbox 961 1329 1097 1364; x_wconf 89' lang='grc' dir='ltr'><em>ταῦτα</em></span> <span class='ocrx_word' id='word_1_139' title='bbox 1140 1322 1192 1363; x_wconf 77' lang='grc' dir='ltr'><em>τὰ</em></span> <span class='ocrx_word' id='word_1_140' title='bbox 1235 1324 1444 1376; x_wconf 89' lang='grc' dir='ltr'><em>τεκμήρια</em></span> 
     </span>
     <span class='ocr_line' id='line_1_19' title="bbox 90 1390 1443 1447; baseline 0.001 -15"><span class='ocrx_word' id='word_1_141' title='bbox 90 1397 168 1433; x_wconf 88' lang='grc' dir='ltr'><em>τοῦ</em></span> <span class='ocrx_word' id='word_1_142' title='bbox 200 1390 272 1433; x_wconf 87' lang='grc' dir='ltr'><em>καὶ</em></span> <span class='ocrx_word' id='word_1_143' title='bbox 303 1392 378 1441; x_wconf 82' lang='grc' dir='ltr'><em>τὰς</em></span> <span class='ocrx_word' id='word_1_144' title='bbox 415 1392 592 1447; x_wconf 85' lang='grc' dir='ltr'><em>χάριτας</em></span> <span class='ocrx_word' id='word_1_145' title='bbox 629 1392 741 1446; x_wconf 84' lang='grc' dir='ltr'><em>ἡμᾶς</em></span> <span class='ocrx_word' id='word_1_146' title='bbox 772 1391 862 1434; x_wconf 88' lang='grc' dir='ltr'><em>κατ’</em></span> <span class='ocrx_word' id='word_1_147' title='bbox 901 1392 1027 1442; x_wconf 78' lang='grc' dir='ltr'><em>ἀξίαν</em></span> <span class='ocrx_word' id='word_1_148' title='bbox 1066 1394 1180 1447; x_wconf 80' lang='grc' dir='ltr'><em>ἔχειν</em></span> <span class='ocrx_word' id='word_1_149' title='bbox 1218 1391 1291 1434; x_wconf 90' lang='grc' dir='ltr'><em>καὶ</em></span> <span class='ocrx_word' id='word_1_150' title='bbox 1327 1394 1443 1447; x_wconf 85' lang='grc' dir='ltr'><em>παρὰ</em></span> 
     </span>
     <span class='ocr_line' id='line_1_20' title="bbox 91 1460 1443 1519; baseline 0.002 -16"><span class='ocrx_word' id='word_1_151' title='bbox 91 1467 172 1504; x_wconf 88' lang='grc' dir='ltr'><em>σοῦ</em></span> <span class='ocrx_word' id='word_1_152' title='bbox 209 1463 258 1504; x_wconf 91' lang='grc' dir='ltr'><em>τὸ</em></span> <span class='ocrx_word' id='word_1_153' title='bbox 295 1461 478 1517; x_wconf 85' lang='grc' dir='ltr'><em>βέβαιον</em></span> <span class='ocrx_word' id='word_1_154' title='bbox 516 1463 662 1505; x_wconf 89' lang='grc' dir='ltr'><em>αὐτῶν</em></span> <span class='ocrx_word' id='word_1_155' title='bbox 699 1465 858 1517; x_wconf 78' lang='grc' dir='ltr'><em>αἰτεῖν,</em></span> <span class='ocrx_word' id='word_1_156' title='bbox 901 1462 1002 1519; x_wconf 82' lang='grc' dir='ltr'><em>παρ’</em></span> <span class='ocrx_word' id='word_1_157' title='bbox 1040 1460 1092 1505; x_wconf 84' lang='grc' dir='ltr'><em>οὗ</em></span> <span class='ocrx_word' id='word_1_158' title='bbox 1131 1462 1203 1505; x_wconf 85' lang='grc' dir='ltr'><em>καὶ</em></span> <span class='ocrx_word' id='word_1_159' title='bbox 1241 1464 1298 1518; x_wconf 87' lang='grc' dir='ltr'><em>μὴ</em></span> <span class='ocrx_word' id='word_1_160' title='bbox 1337 1466 1443 1518; x_wconf 90' lang='grc' dir='ltr'><em>πρό-</em></span> 
     </span>
     <span class='ocr_line' id='line_1_21' title="bbox 37 1531 1443 1589; baseline 0.002 -16"><span class='ocrx_word' id='word_1_161' title='bbox 37 1546 70 1572; x_wconf 81' lang='lat'><em>20</em></span> <span class='ocrx_word' id='word_1_162' title='bbox 89 1548 218 1587; x_wconf 91' lang='grc' dir='ltr'><em>τερον</em></span> <span class='ocrx_word' id='word_1_163' title='bbox 259 1533 468 1583; x_wconf 77' lang='grc' dir='ltr'><em>δοθείσας</em></span> <span class='ocrx_word' id='word_1_164' title='bbox 507 1531 563 1588; x_wconf 76' lang='grc' dir='ltr'><em>ἦν</em></span> <span class='ocrx_word' id='word_1_165' title='bbox 605 1534 796 1587; x_wconf 90' lang='grc' dir='ltr'><em>ἐλπίσαι,</em></span> <span class='ocrx_word' id='word_1_166' title='bbox 842 1535 921 1588; x_wconf 85' lang='grc' dir='ltr'><em>τὴν</em></span> <span class='ocrx_word' id='word_1_167' title='bbox 961 1541 1040 1576; x_wconf 90' lang='grc' dir='ltr'><em>τοῦ</em></span> <span class='ocrx_word' id='word_1_168' title='bbox 1081 1533 1294 1588; x_wconf 87' lang='grc' dir='ltr'><em>βασιλέως</em></span> <span class='ocrx_word' id='word_1_169' title='bbox 1335 1536 1443 1589; x_wconf 90' lang='grc' dir='ltr'><em>πρὸς</em></span> 
     </span>
     <span class='ocr_line' id='line_1_22' title="bbox 88 1603 1440 1660; baseline 0.001 -15"><span class='ocrx_word' id='word_1_170' title='bbox 88 1603 200 1658; x_wconf 86' lang='grc' dir='ltr'><em>ὑμᾶς</em></span> <span class='ocrx_word' id='word_1_171' title='bbox 233 1604 436 1646; x_wconf 88' lang='grc' dir='ltr'><em>διάθεσιν</em></span> <span class='ocrx_word' id='word_1_172' title='bbox 474 1603 545 1646; x_wconf 85' lang='grc' dir='ltr'><em>καὶ</em></span> <span class='ocrx_word' id='word_1_173' title='bbox 582 1606 662 1659; x_wconf 87' lang='grc' dir='ltr'><em>τὴν</em></span> <span class='ocrx_word' id='word_1_174' title='bbox 699 1603 915 1660; x_wconf 85' lang='grc' dir='ltr'><em>ὑμετέραν</em></span> <span class='ocrx_word' id='word_1_175' title='bbox 947 1607 1056 1659; x_wconf 90' lang='grc' dir='ltr'><em>πρὸς</em></span> <span class='ocrx_word' id='word_1_176' title='bbox 1096 1605 1232 1647; x_wconf 88' lang='grc' dir='ltr'><em>αὐτὸν</em></span> <span class='ocrx_word' id='word_1_177' title='bbox 1265 1605 1440 1660; x_wconf 90' lang='grc' dir='ltr'><em>ὁρῶσιν.</em></span> 
     </span>
     <span class='ocr_line' id='line_1_23' title="bbox 88 1671 1441 1729; baseline 0.001 -14"><span class='ocrx_word' id='word_1_178' title='bbox 88 1674 204 1728; x_wconf 80' lang='lat'>&lt;55&gt;</span> <span class='ocrx_word' id='word_1_179' title='bbox 243 1673 558 1728; x_wconf 79' lang='grc' dir='ltr'><em>ἀπαγγέλλεται</em></span> <span class='ocrx_word' id='word_1_180' title='bbox 597 1671 636 1716; x_wconf 81' lang='grc' dir='ltr'><em>δ’</em></span> <span class='ocrx_word' id='word_1_181' title='bbox 677 1674 783 1729; x_wconf 83' lang='grc' dir='ltr'><em>ἡμῖν</em></span> <span class='ocrx_word' id='word_1_182' title='bbox 826 1674 911 1716; x_wconf 87' lang='grc' dir='ltr'><em>ὑπὸ</em></span> <span class='ocrx_word' id='word_1_183' title='bbox 956 1682 1044 1717; x_wconf 89' lang='grc' dir='ltr'><em>τῶν</em></span> <span class='ocrx_word' id='word_1_184' title='bbox 1090 1675 1180 1716; x_wconf 84' lang='grc' dir='ltr'><em>ἐκεῖ</em></span> <span class='ocrx_word' id='word_1_185' title='bbox 1209 1673 1441 1717; x_wconf 83' lang='grc' dir='ltr'><em>Ἰουδαίων</em></span> 
     </span>
     <span class='ocr_line' id='line_1_24' title="bbox 89 1741 1443 1801; baseline 0.001 -15"><span class='ocrx_word' id='word_1_186' title='bbox 89 1745 148 1794; x_wconf 87' lang='grc' dir='ltr'><em>ὡς</em></span> <span class='ocrx_word' id='word_1_187' title='bbox 189 1742 268 1799; x_wconf 78' lang='grc' dir='ltr'><em>μὲν</em></span> <span class='ocrx_word' id='word_1_188' title='bbox 309 1744 464 1799; x_wconf 80' lang='grc' dir='ltr'><em>ἐπέβης</em></span> <span class='ocrx_word' id='word_1_189' title='bbox 500 1751 575 1799; x_wconf 81' lang='grc' dir='ltr'><em>τῆς</em></span> <span class='ocrx_word' id='word_1_190' title='bbox 611 1747 755 1801; x_wconf 87' lang='grc' dir='ltr'><em>χώρας</em></span> <span class='ocrx_word' id='word_1_191' title='bbox 793 1746 997 1800; x_wconf 88' lang='grc' dir='ltr'><em>εὐμενής,</em></span> <span class='ocrx_word' id='word_1_192' title='bbox 1041 1745 1099 1795; x_wconf 84' lang='grc' dir='ltr'><em>ὡς</em></span> <span class='ocrx_word' id='word_1_193' title='bbox 1140 1741 1179 1787; x_wconf 87' lang='grc' dir='ltr'><em>δ’</em></span> <span class='ocrx_word' id='word_1_194' title='bbox 1216 1745 1443 1795; x_wconf 87' lang='grc' dir='ltr'><em>ἀπέδωκας</em></span> 
     </span>
     <span class='ocr_line' id='line_1_25' title="bbox 88 1815 1441 1872; baseline 0.001 -16"><span class='ocrx_word' id='word_1_195' title='bbox 88 1821 147 1871; x_wconf 76' lang='grc' dir='ltr'><em>τῷ</em></span> <span class='ocrx_word' id='word_1_196' title='bbox 180 1819 272 1872; x_wconf 77' lang='grc' dir='ltr'><em>θεῷ</em></span> <span class='ocrx_word' id='word_1_197' title='bbox 302 1815 446 1857; x_wconf 89' lang='grc' dir='ltr'><em>τέλεια</em></span> <span class='ocrx_word' id='word_1_198' title='bbox 477 1816 677 1870; x_wconf 88' lang='grc' dir='ltr'><em>θύματα,</em></span> <span class='ocrx_word' id='word_1_199' title='bbox 717 1824 855 1871; x_wconf 88' lang='grc' dir='ltr'><em>τιμῶν</em></span> <span class='ocrx_word' id='word_1_200' title='bbox 888 1816 1023 1858; x_wconf 86' lang='grc' dir='ltr'><em>αὐτὸν</em></span> <span class='ocrx_word' id='word_1_201' title='bbox 1056 1815 1125 1858; x_wconf 82' lang='grc' dir='ltr'><em>ἐπὶ</em></span> <span class='ocrx_word' id='word_1_202' title='bbox 1157 1819 1340 1866; x_wconf 88' lang='grc' dir='ltr'><em>τελείαις</em></span> <span class='ocrx_word' id='word_1_203' title='bbox 1371 1817 1441 1858; x_wconf 86' lang='grc' dir='ltr'><em>εὐ-</em></span> 
     </span>
     <span class='ocr_line' id='line_1_26' title="bbox 34 1885 1441 1942; baseline 0.002 -16"><span class='ocrx_word' id='word_1_204' title='bbox 34 1898 68 1926; x_wconf 72' lang='lat'><em>25</em></span> <span class='ocrx_word' id='word_1_205' title='bbox 87 1893 202 1941; x_wconf 86' lang='grc' dir='ltr'><em>χαῖς,</em></span> <span class='ocrx_word' id='word_1_206' title='bbox 246 1887 304 1936; x_wconf 85' lang='grc' dir='ltr'><em>ὡς</em></span> <span class='ocrx_word' id='word_1_207' title='bbox 342 1885 390 1929; x_wconf 77' lang='grc' dir='ltr'><em>δὲ</em></span> <span class='ocrx_word' id='word_1_208' title='bbox 427 1888 505 1928; x_wconf 90' lang='grc' dir='ltr'><em>τὸν</em></span> <span class='ocrx_word' id='word_1_209' title='bbox 543 1888 684 1942; x_wconf 86' lang='grc' dir='ltr'><em>δῆμον</em></span> <span class='ocrx_word' id='word_1_210' title='bbox 722 1889 939 1937; x_wconf 79' lang='grc' dir='ltr'><em>εἱστίασας</em></span> <span class='ocrx_word' id='word_1_211' title='bbox 976 1886 1049 1929; x_wconf 85' lang='grc' dir='ltr'><em>καὶ</em></span> <span class='ocrx_word' id='word_1_212' title='bbox 1080 1888 1132 1929; x_wconf 81' lang='grc' dir='ltr'><em>τὰ</em></span> <span class='ocrx_word' id='word_1_213' title='bbox 1163 1885 1265 1942; x_wconf 90' lang='grc' dir='ltr'><em>παρ’</em></span> <span class='ocrx_word' id='word_1_214' title='bbox 1304 1887 1441 1930; x_wconf 85' lang='grc' dir='ltr'><em>αὐτοῦ</em></span> 
     </span>
     <span class='ocr_line' id='line_1_27' title="bbox 88 1956 1441 2012; baseline 0.001 -14"><span class='ocrx_word' id='word_1_215' title='bbox 88 1956 258 1999; x_wconf 85' lang='grc' dir='ltr'><em>ἐκείνου</em></span> <span class='ocrx_word' id='word_1_216' title='bbox 298 1956 418 2008; x_wconf 83' lang='grc' dir='ltr'><em>ξένια</em></span> <span class='ocrx_word' id='word_1_217' title='bbox 454 1959 673 2012; x_wconf 83' lang='grc' dir='ltr'><em>προσήκω.</em></span> <span class='ocrx_word' id='word_1_218' title='bbox 742 1958 856 2012; x_wconf 79' lang='grc'>&lt;56&gt;</span> <span class='ocrx_word' id='word_1_219' title='bbox 895 1964 1030 1999; x_wconf 84' lang='grc' dir='ltr'><em>ταῦτα</em></span> <span class='ocrx_word' id='word_1_220' title='bbox 1067 1959 1151 2012; x_wconf 76' lang='grc' dir='ltr'><em>γὰρ</em></span> <span class='ocrx_word' id='word_1_221' title='bbox 1189 1958 1332 1999; x_wconf 90' lang='grc' dir='ltr'><em>πάντα</em></span> <span class='ocrx_word' id='word_1_222' title='bbox 1369 1957 1441 1999; x_wconf 88' lang='grc' dir='ltr'><em>καὶ</em></span> 
     </span>
     <span class='ocr_line' id='line_1_28' title="bbox 88 2026 1440 2083; baseline 0.001 -14"><span class='ocrx_word' id='word_1_223' title='bbox 88 2029 211 2069; x_wconf 80' lang='grc' dir='ltr'><em>ἔθνει</em></span> <span class='ocrx_word' id='word_1_224' title='bbox 248 2026 320 2069; x_wconf 83' lang='grc' dir='ltr'><em>καὶ</em></span> <span class='ocrx_word' id='word_1_225' title='bbox 356 2029 482 2070; x_wconf 89' lang='grc' dir='ltr'><em>πόλει</em></span> <span class='ocrx_word' id='word_1_226' title='bbox 519 2030 629 2083; x_wconf 87' lang='grc' dir='ltr'><em>πρὸς</em></span> <span class='ocrx_word' id='word_1_227' title='bbox 670 2029 812 2083; x_wconf 80' lang='grc' dir='ltr'><em>ἄνδρα</em></span> <span class='ocrx_word' id='word_1_228' title='bbox 856 2029 1081 2071; x_wconf 88' lang='grc' dir='ltr'><em>τοσούτων</em></span> <span class='ocrx_word' id='word_1_229' title='bbox 1126 2028 1440 2071; x_wconf 88' lang='grc' dir='ltr'><em>ἐπιστατοῦντα</em></span> 
     </span>
     <span class='ocr_line' id='line_1_29' title="bbox 86 2097 1440 2154; baseline 0 -14"><span class='ocrx_word' id='word_1_230' title='bbox 86 2098 355 2154; x_wconf 78' lang='grc' dir='ltr'><em>πραγμάτων</em></span> <span class='ocrx_word' id='word_1_231' title='bbox 388 2098 630 2153; x_wconf 78' lang='grc' dir='ltr'><em>δεξιώματα</em></span> <span class='ocrx_word' id='word_1_232' title='bbox 656 2097 729 2140; x_wconf 91' lang='grc' dir='ltr'><em>καὶ</em></span> <span class='ocrx_word' id='word_1_233' title='bbox 756 2100 956 2153; x_wconf 87' lang='grc' dir='ltr'><em>σύμβολα</em></span> <span class='ocrx_word' id='word_1_234' title='bbox 987 2101 1137 2154; x_wconf 84' lang='grc' dir='ltr'><em>φιλίας</em></span> <span class='ocrx_word' id='word_1_235' title='bbox 1163 2100 1243 2154; x_wconf 82' lang='grc' dir='ltr'><em>χρὴ</em></span> <span class='ocrx_word' id='word_1_236' title='bbox 1277 2101 1440 2153; x_wconf 88' lang='grc' dir='ltr'><em>δοκεῖν,</em></span> 
     </span>
     <span class='ocr_line' id='line_1_30' title="bbox 87 2167 1439 2226; baseline 0.001 -15"><span class='ocrx_word' id='word_1_237' title='bbox 87 2169 142 2222; x_wconf 83' lang='grc' dir='ltr'><em>ἣν</em></span> <span class='ocrx_word' id='word_1_238' title='bbox 179 2168 406 2219; x_wconf 84' lang='grc' dir='ltr'><em>ἀπέδωκας</em></span> <span class='ocrx_word' id='word_1_239' title='bbox 442 2175 501 2226; x_wconf 75' lang='grc' dir='ltr'><em>τῷ</em></span> <span class='ocrx_word' id='word_1_240' title='bbox 536 2168 766 2212; x_wconf 88' lang='grc' dir='ltr'><em>Ἰουδαίων</em></span> <span class='ocrx_word' id='word_1_241' title='bbox 804 2172 947 2224; x_wconf 80' lang='grc' dir='ltr'><em>ἔθνει,</em></span> <span class='ocrx_word' id='word_1_242' title='bbox 990 2176 1066 2224; x_wconf 87' lang='grc' dir='ltr'><em>τῆς</em></span> <span class='ocrx_word' id='word_1_243' title='bbox 1090 2167 1296 2225; x_wconf 83' lang='grc' dir='ltr'><em>Ἡρώδου</em></span> <span class='ocrx_word' id='word_1_244' title='bbox 1333 2184 1439 2225; x_wconf 89' lang='grc' dir='ltr'><em>προ-</em></span> 
     </span>
     <span class='ocr_line' id='line_1_31' title="bbox 34 2239 1440 2295; baseline 0 -14"><span class='ocrx_word' id='word_1_245' title='bbox 34 2251 68 2277; x_wconf 82' lang='lat'><em>30</em></span> <span class='ocrx_word' id='word_1_246' title='bbox 89 2240 298 2294; x_wconf 82' lang='grc' dir='ltr'><em>ξενούσης</em></span> <span class='ocrx_word' id='word_1_247' title='bbox 329 2239 466 2294; x_wconf 88' lang='grc' dir='ltr'><em>αὐτὴν</em></span> <span class='ocrx_word' id='word_1_248' title='bbox 493 2239 646 2290; x_wconf 82' lang='grc' dir='ltr'><em>ἑστίας.</em></span> <span class='ocrx_word' id='word_1_249' title='bbox 698 2241 813 2295; x_wconf 77' lang='lat'>&lt;57&gt;</span> <span class='ocrx_word' id='word_1_250' title='bbox 839 2241 1008 2283; x_wconf 88' lang='grc' dir='ltr'><em>τούτων</em></span> <span class='ocrx_word' id='word_1_251' title='bbox 1033 2239 1440 2295; x_wconf 85' lang='grc' dir='ltr'><em>ὑπομιμνήσκοντές</em></span> 
     </span>
     <span class='ocr_line' id='line_1_32' title="bbox 88 2309 1438 2366; baseline 0 -14"><span class='ocrx_word' id='word_1_252' title='bbox 88 2322 151 2364; x_wconf 90' lang='grc' dir='ltr'><em>σε,</em></span> <span class='ocrx_word' id='word_1_253' title='bbox 182 2309 254 2352; x_wconf 82' lang='grc' dir='ltr'><em>καὶ</em></span> <span class='ocrx_word' id='word_1_254' title='bbox 286 2310 424 2353; x_wconf 90' lang='grc' dir='ltr'><em>αὐτοῦ</em></span> <span class='ocrx_word' id='word_1_255' title='bbox 455 2316 534 2352; x_wconf 91' lang='grc' dir='ltr'><em>τοῦ</em></span> <span class='ocrx_word' id='word_1_256' title='bbox 559 2313 777 2365; x_wconf 88' lang='grc' dir='ltr'><em>παρόντος</em></span> <span class='ocrx_word' id='word_1_257' title='bbox 805 2311 877 2353; x_wconf 85' lang='grc' dir='ltr'><em>καὶ</em></span> <span class='ocrx_word' id='word_1_258' title='bbox 904 2310 1289 2366; x_wconf 84' lang='grc' dir='ltr'><em>συγκαθεζομένου</em></span> <span class='ocrx_word' id='word_1_259' title='bbox 1314 2314 1438 2365; x_wconf 88' lang='grc' dir='ltr'><em>βασι-</em></span> 
     </span>
    </p>
   </div>
  </div>
 </body>
</html>
