<?xml version="1.0" encoding="UTF-8"?>
<!DOCTYPE html PUBLIC "-//W3C//DTD XHTML 1.0 Transitional//EN"
    "http://www.w3.org/TR/xhtml1/DTD/xhtml1-transitional.dtd">
<html xmlns="http://www.w3.org/1999/xhtml" xml:lang="en" lang="en">
 <head>
  <title>
</title>
<meta http-equiv="Content-Type" content="text/html;charset=utf-8" />
  <meta name='ocr-system' content='tesseract 3.04.00' />
  <meta name='ocr-capabilities' content='ocr_page ocr_carea ocr_par ocr_line ocrx_word'/>
</head>
<body>
  <div class='ocr_page' id='page_1' title='image "./flaviiiosephiope04joseuoft_0411.png"; bbox 0 0 1732 2526; ppageno 0'>
   <div class='ocr_carea' id='block_1_1' title="bbox 777 53 1498 94">
    <p class='ocr_par' dir='ltr' id='par_1_1' title="bbox 777 53 1498 94">
     <span class='ocr_line' id='line_1_1' title="bbox 777 53 1498 94; baseline 0.012 -9"><span class='ocrx_word' id='word_1_1' title='bbox 777 54 890 86; x_wconf 69' lang='lat'>13102</span> <span class='ocrx_word' id='word_1_2' title='bbox 1412 53 1498 94; x_wconf 82' lang='lat'><em>359</em></span> 
     </span>
    </p>
   </div>
   <div class='ocr_carea' id='block_1_2' title="bbox 94 159 1500 2329">
    <p class='ocr_par' dir='ltr' id='par_1_2' title="bbox 94 159 1500 2329">
     <span class='ocr_line' id='line_1_2' title="bbox 153 159 1500 215; baseline 0.001 -15"><span class='ocrx_word' id='word_1_3' title='bbox 153 159 232 213; x_wconf 88' lang='grc' dir='ltr'><em>τὴν</em></span> <span class='ocrx_word' id='word_1_4' title='bbox 273 159 419 214; x_wconf 83' lang='grc' dir='ltr'><em>χώραν</em></span> <span class='ocrx_word' id='word_1_5' title='bbox 451 159 596 201; x_wconf 86' lang='grc' dir='ltr'><em>αὐτῶν</em></span> <span class='ocrx_word' id='word_1_6' title='bbox 629 160 1042 211; x_wconf 80' lang='grc' dir='ltr'><em>διαστασιαζόντων·</em></span> <span class='ocrx_word' id='word_1_7' title='bbox 1089 161 1231 215; x_wconf 70' lang='grc'>&lt;267&gt;</span> <span class='ocrx_word' id='word_1_8' title='bbox 1273 160 1370 202; x_wconf 60' lang='grc' dir='ltr'><em>“κᾶν</em></span> <span class='ocrx_word' id='word_1_9' title='bbox 1409 160 1500 202; x_wconf 88' lang='grc' dir='ltr'><em>ἐπι-</em></span> 
     </span>
     <span class='ocr_line' id='line_1_3' title="bbox 154 229 1499 286; baseline 0.001 -16"><span class='ocrx_word' id='word_1_10' title='bbox 154 229 423 271; x_wconf 84' lang='grc' dir='ltr'><em>κλασθῶσιν’</em></span> <span class='ocrx_word' id='word_1_11' title='bbox 462 230 572 284; x_wconf 83' lang='grc' dir='ltr'><em>ἔφην</em></span> <span class='ocrx_word' id='word_1_12' title='bbox 613 229 737 284; x_wconf 52' lang='grc' dir='ltr'><em>(πρὸς</em></span> <span class='ocrx_word' id='word_1_13' title='bbox 777 232 879 279; x_wconf 89' lang='grc' dir='ltr'><em>τοὺς</em></span> <span class='ocrx_word' id='word_1_14' title='bbox 920 233 1078 284; x_wconf 88' lang='grc' dir='ltr'><em>λόγους</em></span> <span class='ocrx_word' id='word_1_15' title='bbox 1118 231 1262 285; x_wconf 88' lang='grc' dir='ltr'><em>ὑμῶν,</em></span> <span class='ocrx_word' id='word_1_16' title='bbox 1306 246 1499 286; x_wconf 91' lang='grc' dir='ltr'><em>παρακα-</em></span> 
     </span>
     <span class='ocr_line' id='line_1_4' title="bbox 155 298 1500 356; baseline 0.002 -16"><span class='ocrx_word' id='word_1_17' title='bbox 155 298 306 341; x_wconf 88' lang='grc' dir='ltr'><em>λέσατε</em></span> <span class='ocrx_word' id='word_1_18' title='bbox 336 301 383 342; x_wconf 90' lang='grc' dir='ltr'><em>τὸ</em></span> <span class='ocrx_word' id='word_1_19' title='bbox 416 301 567 342; x_wconf 89' lang='grc' dir='ltr'><em>κοινὸν</em></span> <span class='ocrx_word' id='word_1_20' title='bbox 600 300 763 354; x_wconf 86' lang='grc' dir='ltr'><em>γράψαι</em></span> <span class='ocrx_word' id='word_1_21' title='bbox 795 302 902 356; x_wconf 87' lang='grc' dir='ltr'><em>πρὸς</em></span> <span class='ocrx_word' id='word_1_22' title='bbox 935 300 1028 355; x_wconf 89' lang='grc' dir='ltr'><em>ἐμέ,</em></span> <span class='ocrx_word' id='word_1_23' title='bbox 1061 301 1209 355; x_wconf 81' lang='grc' dir='ltr'><em>μένειν</em></span> <span class='ocrx_word' id='word_1_24' title='bbox 1241 303 1500 351; x_wconf 87' lang='grc' dir='ltr'><em>κελεύοντας</em></span> 
     </span>
     <span class='ocr_line' id='line_1_5' title="bbox 155 368 1499 426; baseline 0.001 -15"><span class='ocrx_word' id='word_1_25' title='bbox 155 368 225 411; x_wconf 85' lang='grc' dir='ltr'><em>ἐπὶ</em></span> <span class='ocrx_word' id='word_1_26' title='bbox 258 375 307 425; x_wconf 76' lang='grc' dir='ltr'><em>τῇ</em></span> <span class='ocrx_word' id='word_1_27' title='bbox 342 372 573 426; x_wconf 79' lang='grc' dir='ltr'><em>Γαλιλαίᾳ,</em></span> <span class='ocrx_word' id='word_1_28' title='bbox 610 373 712 420; x_wconf 87' lang='grc' dir='ltr'><em>τοὺς</em></span> <span class='ocrx_word' id='word_1_29' title='bbox 750 369 797 413; x_wconf 79' lang='grc' dir='ltr'><em>δὲ</em></span> <span class='ocrx_word' id='word_1_30' title='bbox 834 369 933 425; x_wconf 84' lang='grc' dir='ltr'><em>περὶ</em></span> <span class='ocrx_word' id='word_1_31' title='bbox 970 373 1046 413; x_wconf 86' lang='grc' dir='ltr'><em>τὸν</em></span> <span class='ocrx_word' id='word_1_32' title='bbox 1074 369 1290 426; x_wconf 79' lang='grc' dir='ltr'><em>Ἰωνάθην</em></span> <span class='ocrx_word' id='word_1_33' title='bbox 1329 371 1499 426; x_wconf 87' lang='grc' dir='ltr'><em>ἀναχω-</em></span> 
     </span>
     <span class='ocr_line' id='line_1_6' title="bbox 117 439 1500 496; baseline 0.001 -15"><span class='ocrx_word' id='word_1_34' title='bbox 117 447 248 493; x_wconf 67' lang='grc' dir='ltr'><em>ὅρεῖν</em></span> <span class='ocrx_word' id='word_1_35' title='bbox 293 439 492 482; x_wconf 50' lang='grc' dir='ltr'><em>ἐκεῖθεν]</em></span> <span class='ocrx_word' id='word_1_36' title='bbox 566 440 720 494; x_wconf 76' lang='grc'>&lt;268&gt;</span> <span class='ocrx_word' id='word_1_37' title='bbox 764 442 920 491; x_wconf 85' lang='grc' dir='ltr'><em>ταύτας</em></span> <span class='ocrx_word' id='word_1_38' title='bbox 964 441 1111 491; x_wconf 78' lang='grc' dir='ltr'><em>αὐτοῖς</em></span> <span class='ocrx_word' id='word_1_39' title='bbox 1153 443 1228 491; x_wconf 78' lang='grc' dir='ltr'><em>τὰς</em></span> <span class='ocrx_word' id='word_1_40' title='bbox 1271 442 1500 496; x_wconf 86' lang='grc' dir='ltr'><em>ὑποθήκας</em></span> 
     </span>
     <span class='ocr_line' id='line_1_7' title="bbox 153 510 1496 568; baseline 0.001 -17"><span class='ocrx_word' id='word_1_41' title='bbox 153 511 271 564; x_wconf 84' lang='grc' dir='ltr'><em>δούς,</em></span> <span class='ocrx_word' id='word_1_42' title='bbox 305 510 670 566; x_wconf 76' lang='grc' dir='ltr'><em>ἐναρμοσαμένων</em></span> <span class='ocrx_word' id='word_1_43' title='bbox 703 527 747 553; x_wconf 92' lang='grc' dir='ltr'><em>τε</em></span> <span class='ocrx_word' id='word_1_44' title='bbox 779 511 941 567; x_wconf 86' lang='grc' dir='ltr'><em>ταχέως</em></span> <span class='ocrx_word' id='word_1_45' title='bbox 974 511 1174 565; x_wconf 77' lang='grc' dir='ltr'><em>ἐκείνων,</em></span> <span class='ocrx_word' id='word_1_46' title='bbox 1206 511 1344 568; x_wconf 76' lang='grc' dir='ltr'><em>ἡμέρᾳ</em></span> <span class='ocrx_word' id='word_1_47' title='bbox 1376 514 1496 568; x_wconf 79' lang='grc' dir='ltr'><em>τρίτῃ</em></span> 
     </span>
     <span class='ocr_line' id='line_1_8' title="bbox 152 581 1497 637; baseline 0.001 -15"><span class='ocrx_word' id='word_1_48' title='bbox 152 582 256 635; x_wconf 78' lang='grc' dir='ltr'><em>μετὰ</em></span> <span class='ocrx_word' id='word_1_49' title='bbox 290 582 368 635; x_wconf 91' lang='grc' dir='ltr'><em>τὴν</em></span> <span class='ocrx_word' id='word_1_50' title='bbox 400 581 633 636; x_wconf 81' lang='grc' dir='ltr'><em>ἐκκλησίαν</em></span> <span class='ocrx_word' id='word_1_51' title='bbox 664 584 744 636; x_wconf 87' lang='grc' dir='ltr'><em>τὴν</em></span> <span class='ocrx_word' id='word_1_52' title='bbox 777 582 1026 637; x_wconf 86' lang='grc' dir='ltr'><em>ἀποστολὴν</em></span> <span class='ocrx_word' id='word_1_53' title='bbox 1060 583 1352 637; x_wconf 79' lang='grc' dir='ltr'><em>ἐποιησάμην,</em></span> <span class='ocrx_word' id='word_1_54' title='bbox 1392 594 1497 637; x_wconf 47' lang='grc' dir='ltr'><em>συμκ</em></span> 
     </span>
     <span class='ocr_line' id='line_1_9' title="bbox 151 650 1497 708; baseline 0.001 -16"><span class='ocrx_word' id='word_1_55' title='bbox 151 650 324 705; x_wconf 85' lang='grc' dir='ltr'><em>πέμψας</em></span> <span class='ocrx_word' id='word_1_56' title='bbox 360 652 536 701; x_wconf 80' lang='grc' dir='ltr'><em>ὁπλίτας</em></span> <span class='ocrx_word' id='word_1_57' title='bbox 573 656 898 702; x_wconf 76' lang='grc' dir='ltr'><em>πεντακοσίους.</em></span> <span class='ocrx_word' id='word_1_58' title='bbox 960 653 1104 707; x_wconf 74' lang='grc'>(269)</span> <span class='ocrx_word' id='word_1_59' title='bbox 1145 655 1313 708; x_wconf 78' lang='grc' dir='ltr'><em>ἔγραψα</em></span> <span class='ocrx_word' id='word_1_60' title='bbox 1348 651 1394 694; x_wconf 75' lang='grc' dir='ltr'><em>δὲ</em></span> <span class='ocrx_word' id='word_1_61' title='bbox 1427 653 1497 694; x_wconf 87' lang='grc' dir='ltr'><em>καὶ</em></span> 
     </span>
     <span class='ocr_line' id='line_1_10' title="bbox 150 721 1495 779; baseline 0.001 -17"><span class='ocrx_word' id='word_1_62' title='bbox 150 729 241 771; x_wconf 81' lang='grc' dir='ltr'><em>τοῖς</em></span> <span class='ocrx_word' id='word_1_63' title='bbox 282 721 329 764; x_wconf 88' lang='grc' dir='ltr'><em>ἐν</em></span> <span class='ocrx_word' id='word_1_64' title='bbox 370 725 598 779; x_wconf 76' lang='grc' dir='ltr'><em>Σαμαρείᾳ</em></span> <span class='ocrx_word' id='word_1_65' title='bbox 641 726 786 778; x_wconf 89' lang='grc' dir='ltr'><em>φίλοις</em></span> <span class='ocrx_word' id='word_1_66' title='bbox 826 726 1161 779; x_wconf 78' lang='grc' dir='ltr'><em>προνοήσασθαι</em></span> <span class='ocrx_word' id='word_1_67' title='bbox 1202 731 1280 766; x_wconf 90' lang='grc' dir='ltr'><em>τοῦ</em></span> <span class='ocrx_word' id='word_1_68' title='bbox 1325 723 1495 778; x_wconf 80' lang='grc' dir='ltr'><em>ἀσφαλῆ</em></span> 
     </span>
     <span class='ocr_line' id='line_1_11' title="bbox 99 791 1498 849; baseline 0.003 -18"><span class='ocrx_word' id='word_1_69' title='bbox 99 806 132 831; x_wconf 91' lang='lat'><em>10</em></span> <span class='ocrx_word' id='word_1_70' title='bbox 152 791 360 845; x_wconf 81' lang='grc' dir='ltr'><em>γενέσθαι</em></span> <span class='ocrx_word' id='word_1_71' title='bbox 393 794 472 847; x_wconf 76' lang='grc' dir='ltr'><em>τὴν</em></span> <span class='ocrx_word' id='word_1_72' title='bbox 503 795 686 848; x_wconf 76' lang='grc' dir='ltr'><em>πορείαν</em></span> <span class='ocrx_word' id='word_1_73' title='bbox 719 794 884 844; x_wconf 76' lang='grc' dir='ltr'><em>αὐτοῖς·</em></span> <span class='ocrx_word' id='word_1_74' title='bbox 932 795 1015 848; x_wconf 81' lang='grc' dir='ltr'><em>ἤδη</em></span> <span class='ocrx_word' id='word_1_75' title='bbox 1048 795 1130 849; x_wconf 81' lang='grc' dir='ltr'><em>γὰρ</em></span> <span class='ocrx_word' id='word_1_76' title='bbox 1163 794 1246 836; x_wconf 89' lang='grc' dir='ltr'><em>ὑπὸ</em></span> <span class='ocrx_word' id='word_1_77' title='bbox 1272 792 1498 847; x_wconf 84' lang='grc' dir='ltr'><em>Ῥωμαίοις</em></span> 
     </span>
     <span class='ocr_line' id='line_1_12' title="bbox 152 859 1498 918; baseline 0.002 -16"><span class='ocrx_word' id='word_1_78' title='bbox 152 859 206 916; x_wconf 77' lang='grc' dir='ltr'><em>ἧν</em></span> <span class='ocrx_word' id='word_1_79' title='bbox 242 862 263 915; x_wconf 84' lang='grc' dir='ltr'>ἡ</span> <span class='ocrx_word' id='word_1_80' title='bbox 299 863 540 917; x_wconf 77' lang='grc' dir='ltr'><em>Σαμάρεια,</em></span> <span class='ocrx_word' id='word_1_81' title='bbox 571 862 641 904; x_wconf 82' lang='grc' dir='ltr'><em>καὶ</em></span> <span class='ocrx_word' id='word_1_82' title='bbox 674 863 847 913; x_wconf 85' lang='grc' dir='ltr'><em>πάντως</em></span> <span class='ocrx_word' id='word_1_83' title='bbox 885 864 974 905; x_wconf 81' lang='grc' dir='ltr'><em>ἔδει</em></span> <span class='ocrx_word' id='word_1_84' title='bbox 1012 865 1114 913; x_wconf 86' lang='grc' dir='ltr'><em>τοὺς</em></span> <span class='ocrx_word' id='word_1_85' title='bbox 1146 865 1252 918; x_wconf 86' lang='grc' dir='ltr'><em>ταχὺ</em></span> <span class='ocrx_word' id='word_1_86' title='bbox 1286 863 1498 918; x_wconf 86' lang='grc' dir='ltr'><em>βουλομέ-</em></span> 
     </span>
     <span class='ocr_line' id='line_1_13' title="bbox 151 931 1499 989; baseline 0.001 -15"><span class='ocrx_word' id='word_1_87' title='bbox 151 949 256 982; x_wconf 80' lang='grc' dir='ltr'><em>νους</em></span> <span class='ocrx_word' id='word_1_88' title='bbox 288 932 498 975; x_wconf 76' lang='grc' dir='ltr'><em>ἀπελθεῖν</em></span> <span class='ocrx_word' id='word_1_89' title='bbox 531 931 586 975; x_wconf 89' lang='grc' dir='ltr'><em>δι’</em></span> <span class='ocrx_word' id='word_1_90' title='bbox 620 935 786 988; x_wconf 79' lang='grc' dir='ltr'><em>ἐκείνης</em></span> <span class='ocrx_word' id='word_1_91' title='bbox 817 935 1101 988; x_wconf 83' lang='grc' dir='ltr'><em>πορεύεσθαι“</em></span> <span class='ocrx_word' id='word_1_92' title='bbox 1144 933 1258 988; x_wconf 82' lang='grc' dir='ltr'><em>τρισὶ</em></span> <span class='ocrx_word' id='word_1_93' title='bbox 1286 935 1367 989; x_wconf 81' lang='grc' dir='ltr'><em>γὰρ</em></span> <span class='ocrx_word' id='word_1_94' title='bbox 1401 933 1499 989; x_wconf 85' lang='grc' dir='ltr'><em>ἡμέ-</em></span> 
     </span>
     <span class='ocr_line' id='line_1_14' title="bbox 151 1003 1498 1059; baseline 0.001 -15"><span class='ocrx_word' id='word_1_95' title='bbox 151 1019 247 1055; x_wconf 83' lang='grc' dir='ltr'><em>ραις</em></span> <span class='ocrx_word' id='word_1_96' title='bbox 296 1003 379 1045; x_wconf 87' lang='grc' dir='ltr'><em>ἀπὸ</em></span> <span class='ocrx_word' id='word_1_97' title='bbox 426 1005 661 1054; x_wconf 84' lang='grc' dir='ltr'><em>Γαλιλαίας</em></span> <span class='ocrx_word' id='word_1_98' title='bbox 712 1006 880 1046; x_wconf 82' lang='grc' dir='ltr'><em>ἔνεστιν</em></span> <span class='ocrx_word' id='word_1_99' title='bbox 931 1005 1068 1054; x_wconf 84' lang='grc' dir='ltr'><em>οὕτως</em></span> <span class='ocrx_word' id='word_1_100' title='bbox 1117 1007 1180 1054; x_wconf 80' lang='grc' dir='ltr'><em>εἰς</em></span> <span class='ocrx_word' id='word_1_101' title='bbox 1215 1004 1498 1059; x_wconf 76' lang='grc' dir='ltr'><em>Ἱεροσόλυμα</em></span> 
     </span>
     <span class='ocr_line' id='line_1_15' title="bbox 150 1073 1498 1130; baseline 0.001 -15"><span class='ocrx_word' id='word_1_102' title='bbox 150 1077 402 1116; x_wconf 85' lang='grc' dir='ltr'><em>καταλῦσαι.</em></span> <span class='ocrx_word' id='word_1_103' title='bbox 464 1075 620 1128; x_wconf 75' lang='grc'>&lt;270&gt;</span> <span class='ocrx_word' id='word_1_104' title='bbox 666 1074 1013 1130; x_wconf 81' lang='grc' dir='ltr'><em>συμπαρέπεμψα</em></span> <span class='ocrx_word' id='word_1_105' title='bbox 1058 1073 1106 1116; x_wconf 77' lang='grc' dir='ltr'><em>δὲ</em></span> <span class='ocrx_word' id='word_1_106' title='bbox 1150 1077 1252 1124; x_wconf 87' lang='grc' dir='ltr'><em>τοὺς</em></span> <span class='ocrx_word' id='word_1_107' title='bbox 1295 1074 1498 1130; x_wconf 75' lang='grc' dir='ltr'><em>πρέσβεις</em></span> 
     </span>
     <span class='ocr_line' id='line_1_16' title="bbox 99 1143 1498 1200; baseline 0.004 -17"><span class='ocrx_word' id='word_1_108' title='bbox 99 1158 132 1183; x_wconf 82' lang='lat'><em>15</em></span> <span class='ocrx_word' id='word_1_109' title='bbox 151 1143 269 1197; x_wconf 85' lang='grc' dir='ltr'><em>κάγὼ</em></span> <span class='ocrx_word' id='word_1_110' title='bbox 308 1143 432 1199; x_wconf 87' lang='grc' dir='ltr'><em>μέχρι</em></span> <span class='ocrx_word' id='word_1_111' title='bbox 470 1152 557 1186; x_wconf 89' lang='grc' dir='ltr'><em>τῶν</em></span> <span class='ocrx_word' id='word_1_112' title='bbox 598 1151 672 1199; x_wconf 82' lang='grc' dir='ltr'><em>τῆς</em></span> <span class='ocrx_word' id='word_1_113' title='bbox 711 1147 945 1195; x_wconf 88' lang='grc' dir='ltr'><em>Γαλιλαίας</em></span> <span class='ocrx_word' id='word_1_114' title='bbox 986 1146 1124 1199; x_wconf 85' lang='grc' dir='ltr'><em>ὅρων,</em></span> <span class='ocrx_word' id='word_1_115' title='bbox 1169 1146 1368 1200; x_wconf 82' lang='grc' dir='ltr'><em>φύλακας</em></span> <span class='ocrx_word' id='word_1_116' title='bbox 1409 1146 1498 1188; x_wconf 87' lang='grc' dir='ltr'><em>ἐπι-</em></span> 
     </span>
     <span class='ocr_line' id='line_1_17' title="bbox 150 1213 1498 1272; baseline 0.002 -16"><span class='ocrx_word' id='word_1_117' title='bbox 150 1216 310 1269; x_wconf 77' lang='grc' dir='ltr'><em>στήσας</em></span> <span class='ocrx_word' id='word_1_118' title='bbox 348 1222 440 1265; x_wconf 81' lang='grc' dir='ltr'><em>ταϊς</em></span> <span class='ocrx_word' id='word_1_119' title='bbox 478 1216 598 1265; x_wconf 81' lang='grc' dir='ltr'><em>ὁδοῖς</em></span> <span class='ocrx_word' id='word_1_120' title='bbox 635 1213 744 1270; x_wconf 74' lang='grc' dir='ltr'><em>ὑπὲρ</em></span> <span class='ocrx_word' id='word_1_121' title='bbox 783 1222 861 1258; x_wconf 90' lang='grc' dir='ltr'><em>τοῦ</em></span> <span class='ocrx_word' id='word_1_122' title='bbox 899 1217 957 1271; x_wconf 88' lang='grc' dir='ltr'><em>μὴ</em></span> <span class='ocrx_word' id='word_1_123' title='bbox 997 1216 1160 1272; x_wconf 78' lang='grc' dir='ltr'><em>ῥαδίως</em></span> <span class='ocrx_word' id='word_1_124' title='bbox 1198 1217 1295 1258; x_wconf 82' lang='grc' dir='ltr'><em>τινὰ</em></span> <span class='ocrx_word' id='word_1_125' title='bbox 1335 1222 1498 1271; x_wconf 81' lang='grc' dir='ltr'><em>μαθεῖν</em></span> 
     </span>
     <span class='ocr_line' id='line_1_18' title="bbox 151 1285 1497 1343; baseline 0.001 -16"><span class='ocrx_word' id='word_1_126' title='bbox 151 1285 571 1340; x_wconf 79' lang='grc' dir='ltr'><em>ἀπαλλαττομένους.</em></span> <span class='ocrx_word' id='word_1_127' title='bbox 633 1285 704 1328; x_wconf 83' lang='grc' dir='ltr'><em>καὶ</em></span> <span class='ocrx_word' id='word_1_128' title='bbox 746 1293 879 1328; x_wconf 87' lang='grc' dir='ltr'><em>ταῦτα</em></span> <span class='ocrx_word' id='word_1_129' title='bbox 919 1286 1084 1342; x_wconf 77' lang='grc' dir='ltr'><em>πράξας</em></span> <span class='ocrx_word' id='word_1_130' title='bbox 1128 1286 1175 1328; x_wconf 85' lang='grc' dir='ltr'><em>ἐν</em></span> <span class='ocrx_word' id='word_1_131' title='bbox 1214 1285 1374 1343; x_wconf 84' lang='grc' dir='ltr'><em>Ἰάφοις</em></span> <span class='ocrx_word' id='word_1_132' title='bbox 1418 1289 1497 1342; x_wconf 80' lang='grc' dir='ltr'><em>τὴν</em></span> 
     </span>
     <span class='ocr_line' id='line_1_19' title="bbox 151 1355 666 1411; baseline 0 -14"><span class='ocrx_word' id='word_1_133' title='bbox 151 1357 382 1411; x_wconf 87' lang='grc' dir='ltr'><em>διατριβὴν</em></span> <span class='ocrx_word' id='word_1_134' title='bbox 414 1355 666 1411; x_wconf 85' lang='grc' dir='ltr'><em>ἐποιούμην.</em></span> 
     </span>
     <span class='ocr_line' id='line_1_20' title="bbox 240 1424 1497 1484; baseline 0.002 -16"><span class='ocrx_word' id='word_1_135' title='bbox 240 1427 386 1481; x_wconf 75' lang='lat'>&lt;271&gt;</span> <span class='ocrx_word' id='word_1_136' title='bbox 424 1427 470 1469; x_wconf 76' lang='grc' dir='ltr'><em>οἱ</em></span> <span class='ocrx_word' id='word_1_137' title='bbox 505 1424 551 1468; x_wconf 77' lang='grc' dir='ltr'><em>δὲ</em></span> <span class='ocrx_word' id='word_1_138' title='bbox 590 1425 687 1481; x_wconf 85' lang='grc' dir='ltr'><em>περὶ</em></span> <span class='ocrx_word' id='word_1_139' title='bbox 719 1428 796 1469; x_wconf 90' lang='grc' dir='ltr'><em>τὸν</em></span> <span class='ocrx_word' id='word_1_140' title='bbox 825 1425 1042 1481; x_wconf 83' lang='grc' dir='ltr'><em>Ἰωνάθην</em></span> <span class='ocrx_word' id='word_1_141' title='bbox 1080 1429 1391 1483; x_wconf 81' lang='grc' dir='ltr'><em>διαμαρτόντες</em></span> <span class='ocrx_word' id='word_1_142' title='bbox 1423 1436 1497 1484; x_wconf 83' lang='grc' dir='ltr'><em>τῆς</em></span> 
     </span>
     <span class='ocr_line' id='line_1_21' title="bbox 96 1495 1498 1555; baseline 0.003 -18"><span class='ocrx_word' id='word_1_143' title='bbox 96 1511 131 1536; x_wconf 78' lang='lat'><em>20</em></span> <span class='ocrx_word' id='word_1_144' title='bbox 150 1495 240 1539; x_wconf 88' lang='grc' dir='ltr'><em>κατ’</em></span> <span class='ocrx_word' id='word_1_145' title='bbox 274 1496 382 1552; x_wconf 85' lang='grc' dir='ltr'><em>ἐμοῦ</em></span> <span class='ocrx_word' id='word_1_146' title='bbox 406 1496 615 1551; x_wconf 82' lang='grc' dir='ltr'><em>πράξεως,</em></span> <span class='ocrx_word' id='word_1_147' title='bbox 640 1495 850 1551; x_wconf 82' lang='grc' dir='ltr'><em>Ἰωάννην</em></span> <span class='ocrx_word' id='word_1_148' title='bbox 876 1497 1098 1539; x_wconf 77' lang='grc' dir='ltr'><em>ἀπέλυσαν</em></span> <span class='ocrx_word' id='word_1_149' title='bbox 1125 1500 1186 1547; x_wconf 82' lang='grc' dir='ltr'><em>εἰς</em></span> <span class='ocrx_word' id='word_1_150' title='bbox 1211 1500 1262 1540; x_wconf 77' lang='grc' dir='ltr'><em>τὰ</em></span> <span class='ocrx_word' id='word_1_151' title='bbox 1290 1501 1498 1555; x_wconf 85' lang='grc' dir='ltr'><em>Γίσχαλα,</em></span> 
     </span>
     <span class='ocr_line' id='line_1_22' title="bbox 149 1566 1498 1625; baseline 0.001 -16"><span class='ocrx_word' id='word_1_152' title='bbox 149 1566 274 1610; x_wconf 84' lang='grc' dir='ltr'><em>αὐτοὶ</em></span> <span class='ocrx_word' id='word_1_153' title='bbox 316 1566 355 1609; x_wconf 84' lang='grc' dir='ltr'><em>δ’</em></span> <span class='ocrx_word' id='word_1_154' title='bbox 400 1570 461 1617; x_wconf 79' lang='grc' dir='ltr'><em>εἰς</em></span> <span class='ocrx_word' id='word_1_155' title='bbox 501 1569 579 1622; x_wconf 89' lang='grc' dir='ltr'><em>τὴν</em></span> <span class='ocrx_word' id='word_1_156' title='bbox 628 1567 863 1622; x_wconf 85' lang='grc' dir='ltr'><em>Τιβεριέων</em></span> <span class='ocrx_word' id='word_1_157' title='bbox 903 1570 1033 1610; x_wconf 88' lang='grc' dir='ltr'><em>πόλιν</em></span> <span class='ocrx_word' id='word_1_158' title='bbox 1076 1567 1382 1622; x_wconf 86' lang='grc' dir='ltr'><em>ἐπορεύθησαν</em></span> <span class='ocrx_word' id='word_1_159' title='bbox 1424 1572 1498 1625; x_wconf 91' lang='grc' dir='ltr'><em>λή-</em></span> 
     </span>
     <span class='ocr_line' id='line_1_23' title="bbox 150 1638 1498 1693; baseline 0.001 -13"><span class='ocrx_word' id='word_1_160' title='bbox 150 1643 314 1689; x_wconf 84' lang='grc' dir='ltr'><em>ψεσθαι</em></span> <span class='ocrx_word' id='word_1_161' title='bbox 357 1639 689 1693; x_wconf 83' lang='grc' dir='ltr'><em>προσδοκῶντες</em></span> <span class='ocrx_word' id='word_1_162' title='bbox 733 1638 870 1691; x_wconf 85' lang='grc' dir='ltr'><em>αὐτὴν</em></span> <span class='ocrx_word' id='word_1_163' title='bbox 913 1638 1186 1693; x_wconf 83' lang='grc' dir='ltr'><em>ὑποχείριον,</em></span> <span class='ocrx_word' id='word_1_164' title='bbox 1233 1639 1380 1693; x_wconf 85' lang='grc' dir='ltr'><em>ἐπειδὴ</em></span> <span class='ocrx_word' id='word_1_165' title='bbox 1426 1640 1498 1682; x_wconf 78' lang='grc' dir='ltr'><em>καὶ</em></span> 
     </span>
     <span class='ocr_line' id='line_1_24' title="bbox 146 1706 1498 1765; baseline 0.001 -14"><span class='ocrx_word' id='word_1_166' title='bbox 146 1706 312 1764; x_wconf 81' lang='grc' dir='ltr'><em>Ἰησοῦς</em></span> <span class='ocrx_word' id='word_1_167' title='bbox 349 1710 456 1750; x_wconf 81' lang='grc' dir='ltr'><em>κατὰ</em></span> <span class='ocrx_word' id='word_1_168' title='bbox 493 1709 571 1750; x_wconf 88' lang='grc' dir='ltr'><em>τὸν</em></span> <span class='ocrx_word' id='word_1_169' title='bbox 609 1709 763 1764; x_wconf 89' lang='grc' dir='ltr'><em>καιρὸν</em></span> <span class='ocrx_word' id='word_1_170' title='bbox 801 1715 959 1750; x_wconf 89' lang='grc' dir='ltr'><em>τοῦτον</em></span> <span class='ocrx_word' id='word_1_171' title='bbox 999 1708 1178 1751; x_wconf 86' lang='grc' dir='ltr'><em>ἐκείνων</em></span> <span class='ocrx_word' id='word_1_172' title='bbox 1219 1710 1366 1765; x_wconf 76' lang='grc' dir='ltr'><em>ἅρχων</em></span> <span class='ocrx_word' id='word_1_173' title='bbox 1407 1710 1498 1764; x_wconf 88' lang='grc' dir='ltr'><em>ἐγε-</em></span> 
     </span>
     <span class='ocr_line' id='line_1_25' title="bbox 150 1779 1498 1835; baseline 0.001 -14"><span class='ocrx_word' id='word_1_174' title='bbox 150 1780 308 1835; x_wconf 88' lang='grc' dir='ltr'><em>γράφει</em></span> <span class='ocrx_word' id='word_1_175' title='bbox 340 1781 447 1834; x_wconf 89' lang='grc' dir='ltr'><em>πρὸς</em></span> <span class='ocrx_word' id='word_1_176' title='bbox 479 1780 659 1833; x_wconf 83' lang='grc' dir='ltr'><em>αὐτούς,</em></span> <span class='ocrx_word' id='word_1_177' title='bbox 697 1781 864 1820; x_wconf 88' lang='grc' dir='ltr'><em>πείσειν</em></span> <span class='ocrx_word' id='word_1_178' title='bbox 904 1779 1276 1834; x_wconf 87' lang='grc' dir='ltr'><em>ἐπαγγελλόμενος</em></span> <span class='ocrx_word' id='word_1_179' title='bbox 1310 1782 1358 1823; x_wconf 91' lang='grc' dir='ltr'><em>τὸ</em></span> <span class='ocrx_word' id='word_1_180' title='bbox 1390 1784 1498 1835; x_wconf 87' lang='grc' dir='ltr'><em>πλῆ-</em></span> 
     </span>
     <span class='ocr_line' id='line_1_26' title="bbox 94 1848 1497 1906; baseline 0 -13"><span class='ocrx_word' id='word_1_181' title='bbox 94 1863 131 1889; x_wconf 76' lang='lat'><em>25</em></span> <span class='ocrx_word' id='word_1_182' title='bbox 150 1855 232 1900; x_wconf 85' lang='grc' dir='ltr'><em>θος</em></span> <span class='ocrx_word' id='word_1_183' title='bbox 266 1849 478 1899; x_wconf 86' lang='grc' dir='ltr'><em>ἐλθόντας</em></span> <span class='ocrx_word' id='word_1_184' title='bbox 509 1848 805 1905; x_wconf 86' lang='grc' dir='ltr'><em>ὑποδέχεσθαι</em></span> <span class='ocrx_word' id='word_1_185' title='bbox 837 1849 907 1891; x_wconf 87' lang='grc' dir='ltr'><em>καὶ</em></span> <span class='ocrx_word' id='word_1_186' title='bbox 934 1850 1083 1899; x_wconf 82' lang='grc' dir='ltr'><em>αὐτοῖς</em></span> <span class='ocrx_word' id='word_1_187' title='bbox 1110 1848 1288 1891; x_wconf 81' lang='grc' dir='ltr'><em>ἑλέσθαι</em></span> <span class='ocrx_word' id='word_1_188' title='bbox 1316 1863 1497 1906; x_wconf 87' lang='grc' dir='ltr'><em>προστε-</em></span> 
     </span>
     <span class='ocr_line' id='line_1_27' title="bbox 149 1917 1498 1975; baseline 0 -12"><span class='ocrx_word' id='word_1_189' title='bbox 149 1926 296 1974; x_wconf 81' lang='grc' dir='ltr'><em>θῆναι.</em></span> <span class='ocrx_word' id='word_1_190' title='bbox 360 1921 504 1975; x_wconf 75' lang='grc'>&lt;272&gt;</span> <span class='ocrx_word' id='word_1_191' title='bbox 543 1920 703 1962; x_wconf 80' lang='grc' dir='ltr'><em>ἐκεῖνοι</em></span> <span class='ocrx_word' id='word_1_192' title='bbox 741 1918 819 1974; x_wconf 70' lang='grc' dir='ltr'><em>μὲν</em></span> <span class='ocrx_word' id='word_1_193' title='bbox 859 1917 940 1962; x_wconf 86' lang='grc' dir='ltr'><em>οὗν</em></span> <span class='ocrx_word' id='word_1_194' title='bbox 973 1919 1042 1962; x_wconf 79' lang='grc' dir='ltr'><em>ἐπὶ</em></span> <span class='ocrx_word' id='word_1_195' title='bbox 1074 1922 1294 1970; x_wconf 87' lang='grc' dir='ltr'><em>τοιαύταις</em></span> <span class='ocrx_word' id='word_1_196' title='bbox 1326 1920 1498 1963; x_wconf 89' lang='grc' dir='ltr'><em>ἐλπίσιν</em></span> 
     </span>
     <span class='ocr_line' id='line_1_28' title="bbox 150 1990 1497 2047; baseline 0 -14"><span class='ocrx_word' id='word_1_197' title='bbox 150 1991 375 2046; x_wconf 82' lang='grc' dir='ltr'><em>ἀπῆλθον,</em></span> <span class='ocrx_word' id='word_1_198' title='bbox 419 1990 679 2045; x_wconf 82' lang='grc' dir='ltr'><em>ἀπαγγέλλει</em></span> <span class='ocrx_word' id='word_1_199' title='bbox 717 1990 769 2032; x_wconf 90' lang='grc' dir='ltr'><em>δέ</em></span> <span class='ocrx_word' id='word_1_200' title='bbox 803 2007 877 2045; x_wconf 90' lang='grc' dir='ltr'><em>μοι</em></span> <span class='ocrx_word' id='word_1_201' title='bbox 915 1997 1048 2032; x_wconf 88' lang='grc' dir='ltr'><em>ταῦτα</em></span> <span class='ocrx_word' id='word_1_202' title='bbox 1081 1995 1218 2041; x_wconf 85' lang='grc' dir='ltr'><em>Σίλας</em></span> <span class='ocrx_word' id='word_1_203' title='bbox 1257 1993 1329 2033; x_wconf 78' lang='grc' dir='ltr'><em>διὰ</em></span> <span class='ocrx_word' id='word_1_204' title='bbox 1362 2008 1497 2047; x_wconf 90' lang='grc' dir='ltr'><em>γραμ-</em></span> 
     </span>
     <span class='ocr_line' id='line_1_29' title="bbox 150 2061 1497 2117; baseline 0 -13"><span class='ocrx_word' id='word_1_205' title='bbox 150 2063 314 2117; x_wconf 89' lang='grc' dir='ltr'><em>μάτων,</em></span> <span class='ocrx_word' id='word_1_206' title='bbox 347 2062 398 2103; x_wconf 88' lang='grc' dir='ltr'><em>ὃν</em></span> <span class='ocrx_word' id='word_1_207' title='bbox 431 2063 541 2116; x_wconf 79' lang='grc' dir='ltr'><em>ἔφην</em></span> <span class='ocrx_word' id='word_1_208' title='bbox 566 2069 642 2116; x_wconf 83' lang='grc' dir='ltr'><em>τῆς</em></span> <span class='ocrx_word' id='word_1_209' title='bbox 674 2062 928 2116; x_wconf 77' lang='grc' dir='ltr'><em>Τιβεριάδος</em></span> <span class='ocrx_word' id='word_1_210' title='bbox 960 2061 1221 2116; x_wconf 87' lang='grc' dir='ltr'><em>ἐπιμελητὴν</em></span> <span class='ocrx_word' id='word_1_211' title='bbox 1248 2066 1497 2104; x_wconf 89' lang='grc' dir='ltr'><em>καταλελοι-</em></span> 
     </span>
     <span class='ocr_line' id='line_1_30' title="bbox 149 2130 1498 2188; baseline 0 -14"><span class='ocrx_word' id='word_1_212' title='bbox 149 2132 299 2187; x_wconf 88' lang='grc' dir='ltr'><em>πέναι,</em></span> <span class='ocrx_word' id='word_1_213' title='bbox 338 2130 411 2174; x_wconf 88' lang='grc' dir='ltr'><em>καὶ</em></span> <span class='ocrx_word' id='word_1_214' title='bbox 449 2133 656 2174; x_wconf 87' lang='grc' dir='ltr'><em>σπεύδειν</em></span> <span class='ocrx_word' id='word_1_215' title='bbox 693 2132 828 2186; x_wconf 81' lang='grc' dir='ltr'><em>ἠξίου.</em></span> <span class='ocrx_word' id='word_1_216' title='bbox 891 2132 1009 2186; x_wconf 88' lang='grc' dir='ltr'><em>κάγὼ</em></span> <span class='ocrx_word' id='word_1_217' title='bbox 1047 2132 1208 2188; x_wconf 87' lang='grc' dir='ltr'><em>ταχέως</em></span> <span class='ocrx_word' id='word_1_218' title='bbox 1245 2133 1498 2183; x_wconf 85' lang='grc' dir='ltr'><em>ὑπακούσας</em></span> 
     </span>
     <span class='ocr_line' id='line_1_31' title="bbox 94 2203 1498 2260; baseline 0.001 -16"><span class='ocrx_word' id='word_1_219' title='bbox 94 2215 131 2240; x_wconf 81' lang='lat'><em>30</em></span> <span class='ocrx_word' id='word_1_220' title='bbox 151 2203 266 2260; x_wconf 80' lang='grc' dir='ltr'><em>αὐτῷ</em></span> <span class='ocrx_word' id='word_1_221' title='bbox 286 2204 357 2245; x_wconf 87' lang='grc' dir='ltr'><em>καὶ</em></span> <span class='ocrx_word' id='word_1_222' title='bbox 370 2205 724 2257; x_wconf 87' lang='grc' dir='ltr'><em>παραγενόμενος</em></span> <span class='ocrx_word' id='word_1_223' title='bbox 743 2204 804 2252; x_wconf 82' lang='grc' dir='ltr'><em>είς</em></span> <span class='ocrx_word' id='word_1_224' title='bbox 823 2204 1034 2245; x_wconf 86' lang='grc' dir='ltr'><em>κίνδυνον</em></span> <span class='ocrx_word' id='word_1_225' title='bbox 1054 2203 1268 2253; x_wconf 82' lang='grc' dir='ltr'><em>ἀπωλείας</em></span> <span class='ocrx_word' id='word_1_226' title='bbox 1288 2203 1498 2257; x_wconf 80' lang='grc' dir='ltr'><em>κατέστην</em></span> 
     </span>
     <span class='ocr_line' id='line_1_32' title="bbox 152 2272 1499 2329; baseline 0.001 -14"><span class='ocrx_word' id='word_1_227' title='bbox 152 2273 194 2324; x_wconf 79' lang='grc' dir='ltr'><em>ἐξ</em></span> <span class='ocrx_word' id='word_1_228' title='bbox 227 2275 367 2323; x_wconf 82' lang='grc' dir='ltr'><em>αἰτίας</em></span> <span class='ocrx_word' id='word_1_229' title='bbox 393 2274 605 2328; x_wconf 88' lang='grc' dir='ltr'><em>τοιαύτης.</em></span> <span class='ocrx_word' id='word_1_230' title='bbox 663 2274 806 2328; x_wconf 76' lang='grc'>&lt;273&gt;</span> <span class='ocrx_word' id='word_1_231' title='bbox 837 2274 883 2316; x_wconf 80' lang='grc' dir='ltr'><em>οἱ</em></span> <span class='ocrx_word' id='word_1_232' title='bbox 904 2272 1003 2329; x_wconf 87' lang='grc' dir='ltr'><em>περὶ</em></span> <span class='ocrx_word' id='word_1_233' title='bbox 1029 2275 1106 2316; x_wconf 91' lang='grc' dir='ltr'><em>τὸν</em></span> <span class='ocrx_word' id='word_1_234' title='bbox 1129 2272 1346 2329; x_wconf 82' lang='grc' dir='ltr'><em>Ἰωνάθην</em></span> <span class='ocrx_word' id='word_1_235' title='bbox 1372 2276 1499 2328; x_wconf 83' lang='grc' dir='ltr'><em>γενό-</em></span> 
     </span>
    </p>
   </div>
   <div class='ocr_carea' id='block_1_3' title="bbox 1523 1442 1569 1473">
    <p class='ocr_par' dir='ltr' id='par_1_3' title="bbox 1523 1442 1569 1473">
     <span class='ocr_line' id='line_1_33' title="bbox 1523 1442 1569 1473; baseline 0.022 -1"><span class='ocrx_word' id='word_1_236' title='bbox 1523 1442 1569 1473; x_wconf 84' lang='grc'><em>53</em></span> 
     </span>
    </p>
   </div>
  </div>
 </body>
</html>
