1732 2526
623 65 1030 99 OKTQKAIAEKATH
1416 65 1499 107 193

154 169 212 213 δι’
256 168 317 213 ὧν
361 171 579 226 μανθάνει
623 171 704 224 τὴν
745 173 882 213 Γαΐου
927 173 1144 224 τελευτήν.
1208 173 1351 226 <306>
1396 174 1501 223 θεὸς

152 242 236 295 γὰρ
269 242 349 284 οὐκ
379 238 448 295 ἄρ’
479 241 806 296 ἀμνημονήσειν
836 243 984 295 ἔμελλε
1013 244 1249 299 Πετρωνίῳ
1276 244 1500 286 κινδύνων

154 312 232 362 οὓς
267 311 495 366 ἀνειλήφει
534 310 601 353 ἐπὶ
640 317 690 366 τῇ
729 319 815 353 τῶν
848 310 1079 354 Ἰουδαίων
1116 312 1260 366 χάριτι
1297 313 1367 354 καὶ
1400 320 1499 368 τιμῇ

153 388 203 436 τῇ
236 382 393 435 αὐτοῦ,
434 381 544 423 ἀλλὰ
574 383 652 423 τὸν
684 381 822 423 Γάιον
854 381 1265 435 ἀποσκευασάμενος
1297 383 1404 438 ὀργῇ·
1439 380 1501 425 ὧν

118 464 134 489 5
155 451 224 494 ἐπὶ
256 455 457 508 σεβασμῷ
491 459 549 508 τῷ
582 451 718 493 αὐτοῦ
743 452 950 506 πράττειν
977 451 1201 506 ἐτόλμησε,
1232 453 1309 494 τὸν
1336 455 1500 506 μισθὸν

153 525 427 577 χρεωλυτεῖν.
490 529 696 575 συνεργεῖ
733 528 791 580 τῷ
832 524 1070 578 Πετρωνίῳ
1114 523 1140 575 ἥ
1183 537 1227 564 τε
1254 520 1389 577 Ῥώμη
1429 523 1500 565 καὶ

152 599 268 634 πᾶσα
308 592 334 645 ἡ
376 591 507 647 ἀρχή,
552 592 737 646 μάλιστα
782 590 820 634 δ’
859 593 1014 635 ὁπόσοι
1056 599 1130 646 τῆς
1167 595 1331 647 βουλῆς
1366 595 1500 646 πρού-

152 678 272 718 χοιεν
303 662 531 717 ἀξιώματι,
571 663 642 704 διὰ
680 664 728 705 τὸ
767 664 828 712 εἰς
867 662 1061 713 ἐκείνους
1098 663 1270 720 ἀκράτῳ
1308 669 1359 718 τῇ
1392 664 1500 719 ὀργῇ

151 737 345 788 χρῆσθαι
376 734 454 775 τὸν
487 733 635 775 Γάιον.
697 733 843 787 (307)
875 732 948 774 καὶ
979 737 1159 789 τελευτᾷ
1199 732 1279 788 μὲν
1312 733 1365 776 οὐ
1396 735 1502 788 μετὰ

100 816 132 840 10
151 805 294 845 πολὺν
337 805 499 858 χρόνον
544 803 568 857 ’ή
612 804 776 857 γράψαι
820 808 879 860 τῷ
921 806 1160 861 Πετρωνίῳ
1205 805 1284 858 τὴν
1330 803 1398 846 ἐπὶ
1443 812 1501 861 τῷ

151 878 309 915 θανεῖν
351 872 642 927 ἀνακειμένην
684 874 916 927 ἐπιστολήν
959 873 1057 929 (τὴν
1099 871 1138 915 δ’
1182 875 1325 916 αἰτίαν
1371 874 1412 925 ἐξ
1451 872 1502 928 ἧς

151 947 330 1000 τελευτᾷ
374 942 445 985 καὶ
489 950 565 998 τῆς
609 944 844 998 ἐπιβουλῆς
887 946 964 986 τὸν
1013 946 1176 998 τρόπον
1221 944 1501 999 ἀφηγήσομαι

151 1016 384 1068 προϊόντος
421 1020 499 1056 τοῦ
538 1013 714 1069 λόγου),
758 1015 901 1068 <308>
940 1018 1180 1072 Πετρωνίῳ
1223 1012 1271 1056 δὲ
1312 1015 1501 1070 προτέρα

152 1082 232 1138 μὲν
264 1090 410 1139 παρῆν
441 1084 466 1137 ἡ
496 1086 775 1138 διασαφοῦσα
801 1090 880 1127 τοῦ
909 1086 950 1126 Γ
946 1087 1046 1126 αΐου
1072 1085 1152 1138 τὴν
1177 1087 1385 1139 τελευτὴν
1412 1085 1502 1127 ἐπι-

39 1186 44 1189 .
98 1168 131 1193 15
152 1155 304 1208 στολή,
342 1153 430 1208 μετ’
470 1155 522 1196 οὐ
559 1157 672 1197 πολὺ
712 1153 754 1196 δ’
792 1154 817 1208 ἡ
850 1155 1088 1197 κελεύουσα
1121 1155 1256 1197 αὐτὸν
1293 1159 1501 1197 τελευτᾶν

151 1224 383 1280 αὐτοχειρί.
449 1224 519 1266 καὶ
551 1225 669 1279 ἥσθη
702 1240 745 1266 τε
779 1231 829 1280 τῇ
863 1227 1075 1281 συντυχία
1114 1232 1192 1267 τοῦ
1231 1226 1422 1280 ὀλέθρου
1456 1226 1502 1276 ὃς

150 1297 229 1338 τὸν
267 1295 404 1337 Γάιον
442 1295 671 1350 κατέλαβε,
715 1296 859 1350 <309>
896 1295 968 1337 καὶ
1006 1303 1085 1338 τοῦ
1124 1300 1234 1338 θεοῦ
1274 1297 1354 1350 τὴν
1395 1299 1501 1351 πρό-

151 1381 280 1407 νοιαν
319 1364 638 1419 ἐξεθαύμασεν,
683 1363 815 1407 οὐδὲν
853 1367 915 1415 εἰς
953 1365 1173 1419 ἀναβολὰς
1213 1365 1306 1408 ἀλλ’
1345 1366 1391 1408 ἐκ
1423 1373 1501 1408 τοῦ

153 1435 273 1487 ὀξεός
316 1438 482 1490 μισθὸν
526 1436 642 1493 αὐτῷ
685 1443 810 1491 τιμῆς
853 1452 896 1477 τε
943 1443 1018 1490 τῆς
1059 1437 1120 1486 εἰς
1160 1438 1237 1478 τὸν
1280 1438 1389 1478 ναὸν
1430 1437 1502 1479 καὶ

99 1518 133 1544 20
152 1509 362 1561 βοηθείας
393 1512 468 1559 τῆς
495 1504 723 1548 Ἰουδαίων
755 1508 969 1561 σωτηρίας
1000 1505 1348 1562 παρασχομένου.

241 1577 396 1630 <310>
433 1576 506 1618 καὶ
544 1579 783 1634 Πετρωνίῳ
822 1575 902 1630 μὲν
941 1577 1055 1618 οὕτω
1095 1579 1152 1631 μὴ
1196 1577 1311 1632 αὐτῷ
1345 1577 1502 1632 ὀφθεὶς

155 1647 397 1702 διεφεύχθη
431 1647 594 1702 ῥαδίως
625 1647 647 1688 ὁ
681 1648 889 1695 κίνδυνος
915 1653 993 1688 τοῦ
1019 1651 1193 1689 θανεῖν·
1232 1650 1425 1701 γίγνεται
1453 1647 1501 1689 δὲ
1522 1649 1547 1690 9

152 1715 225 1758 καὶ
268 1716 366 1771 περὶ
406 1719 509 1766 τοὺς
550 1716 596 1758 ἐν
637 1723 687 1771 τῇ
726 1719 1044 1773 [Μεσοποταμία
1084 1716 1156 1758 καὶ
1196 1717 1381 1771 μάλιστα
1422 1719 1502 1772 τὴν

152 1790 447 1841 Βαβυλωνίαν
486 1789 715 1837 οἰκοῦντας
742 1788 983 1837 Ἰουδαίους
1021 1788 1226 1842 συμφορὰ
1266 1789 1387 1841 δεινὴ
1430 1788 1502 1830 καὶ

99 1870 132 1896 25
154 1858 361 1912 οὐδεμιᾶς
392 1855 568 1911 ἧστινος
600 1857 809 1911 ἐλάττων,
844 1860 982 1911 φόνος
1012 1856 1048 1898 τ’
1080 1858 1225 1900 αὐτῶν
1259 1860 1397 1908 πολὺς
1428 1858 1500 1900 καὶ

155 1929 315 1978 ὁπόσος
359 1928 438 1983 οὐχ
476 1927 768 1983 ’ἱστορημένος
811 1931 1036 1983 πρότερον.
1104 1927 1201 1983 περὶ
1248 1925 1309 1970 ὧν
1352 1929 1405 1982 δὴ
1450 1930 1501 1970 τὰ

154 1999 296 2040 πάντα
334 1996 398 2040 ἐπ’
443 1996 616 2054 ἀκριβὲς
655 1999 994 2053 διηγησάμενος,
1037 1998 1280 2053 ἐκθήσομαι
1318 1998 1391 2040 καὶ
1428 2000 1503 2049 τὰς

155 2070 293 2118 αἰτίας
334 2069 410 2124 ὑφ’
456 2065 517 2110 ὧν
562 2068 709 2118 αὐτοῖς
751 2070 799 2110 τὸ
843 2069 986 2118 πάθος
1030 2067 1276 2123 συνέτυχεν.
1347 2071 1502 2123 <311>

155 2138 344 2194 Νάαρδα
387 2145 462 2193 τῆς
499 2141 788 2193 Βαβυλωνίας
832 2137 922 2180 ε’στὶ
965 2141 1109 2193 πόλις,
1154 2140 1295 2188 ἄλλως
1338 2155 1381 2181 τε
1422 2154 1501 2182 πο-

102 2221 137 2246 30
157 2209 438 2264 λυανδροῦσα
470 2208 542 2251 καὶ
573 2210 719 2264 χώραν
751 2208 927 2264 ἀγαθὴν
953 2208 1024 2251 καὶ
1049 2210 1218 2264 πολλὴν
1244 2211 1402 2264 ἔχουσα
1429 2209 1502 2252 καὶ

157 2281 240 2322 σὺν
271 2280 419 2330 ἄλλοις
451 2279 638 2333 ἀγαθοῖς
668 2278 740 2322 καὶ
767 2279 1018 2335 ἀνθρώπων
1044 2279 1285 2329 ἀνάπλεως·
1330 2282 1419 2321 ἔστι
1453 2277 1501 2321 δὲ

228 2355 396 2381 Ioszpnts.
434 2356 486 2381 IV.
1249 2352 1289 2382 13
