1732 2526
188 94 219 135 4
682 82 1049 126 ΑΡΧΑῘοΛοΓΙΑΣ

190 203 521 255 καταλήψεσθαι
559 201 637 242 τὸν
664 198 919 255 Ἀγρίππαν.
982 198 1071 241 ἐκεῖ
1101 195 1140 240 δ’
1177 198 1312 240 αὐτὸν
1350 198 1543 253 ἀπολαμ-

191 273 317 327 βάνει
342 277 514 325 πνεῦμα
540 273 734 325 βόρειον,
759 267 911 325 εἶργον
936 270 1017 324 τὴν
1044 269 1280 324 ἀναγωγὴν
1307 277 1394 311 τῶν
1417 276 1542 311 νεῶν.

191 343 306 396 <18>
338 341 361 383 ὃ
394 340 433 383 δ’
474 340 565 384 ἐπεὶ
604 340 822 395 διέτριβεν
858 339 1020 395 ἡμέρας
1057 343 1235 389 πλείους
1273 339 1320 382 ἐν
1352 346 1403 395 τῇ
1438 342 1544 396 Χίῳ,
1579 330 1584 334 ”

188 414 381 462 πολλοὺς
406 410 487 467 μὲν
507 419 595 454 τῶν
620 413 897 467 προσιόντων
918 410 1035 468 αὐτῷ
1059 410 1339 465 δεξιούμενος
1358 410 1545 465 ἀνελάμ-

189 485 297 537 βανε
336 486 584 538 βασιλικαῖς
623 483 828 537 δωρεαῖς,
867 482 1000 535 αὐτῆς
1037 478 1085 522 δὲ
1123 487 1199 534 τῆς
1236 483 1404 530 πόλεως
1436 482 1545 523 ἰδὼν

188 562 468 596 πεπτωκυῖαν
513 554 667 606 στοάν,
712 552 768 606 ἣν
813 551 861 594 ἐν
904 557 962 609 τῷ
1009 553 1325 609 Μιθριδατικῷ
1369 551 1545 610 πολέμῳ

190 629 540 677 καθαιρεθεῖσαν
567 624 646 679 οὐχ
681 624 826 678 ὥσπερ
853 619 990 665 τᾶλλα
1017 623 1090 664 διὰ
1122 622 1311 677 μέγεθος
1342 622 1414 664 καὶ
1445 623 1547 664 κάλ-

191 699 267 745 λος
298 695 541 749 ἀναστῆσαι
574 693 733 750 ῥᾴδιον
765 691 838 747 ἧν,
869 694 986 748 <19>
1019 694 1215 749 χρήματα
1242 694 1348 743 δοὺς
1380 694 1461 735 ὅσα
1488 695 1546 748 μὴ

191 768 331 820 μόνον
371 766 576 820 ἐπαρκεῖν
621 765 732 806 ἀλλὰ
778 762 850 806 καὶ
894 765 1165 819 περιττεύειν
1209 764 1395 806 ἐδύνατο
1439 766 1548 817 πρὸς

191 838 272 891 τὴν
313 836 570 879 συντέλειαν
608 842 688 878 τοῦ
727 836 1160 890 κατασκευάσματος,
1205 835 1449 877 ἐνετέλλετο
1488 837 1545 890 μὴ

191 913 403 962 περιορᾶν
449 906 559 948 ἀλλὰ
601 911 769 948 θᾶττον
815 905 1023 961 ἐγείρειν,
1070 906 1452 956 ἀποκαθιστάντας
1495 912 1546 961 τῇ

192 980 317 1020 πόλει
348 979 426 1019 τὸν
460 978 576 1019 ι”διον
601 977 781 1030 κόσμον.
838 976 954 1031 (20)
987 976 1118 1026 αὐτὸς
1151 974 1200 1018 δὲ
1232 976 1441 1031 λήξαντος
1468 983 1547 1019 τοῦ

192 1049 440 1102 πνεύματος
459 1049 519 1097 εἰς
539 1049 806 1102 Μυτιλήνην
827 1046 1034 1089 κάκεῖθεν
1060 1049 1122 1097 είς
1142 1047 1386 1098 Βυζάντιον
1411 1062 1548 1101 παρα-

193 1120 444 1174 κομισθείς,
490 1118 547 1167 ὡς
590 1118 781 1171 ἤκουσεν
825 1117 947 1167 ἐντὸς
985 1119 1202 1160 Κυανεῶν
1239 1119 1324 1173 ἤδη
1363 1122 1548 1160 πεπλευ-

194 1189 318 1232 κέναι
349 1190 428 1231 τὸν
453 1187 710 1243 Ἀγρίππαν,
742 1187 1033 1243 μετέσπευδεν
1066 1189 1123 1238 ὡς
1156 1188 1272 1243 ε’νῆν.
1329 1189 1445 1243 (21)
1476 1188 1549 1231 καὶ

195 1259 295 1314 περὶ
323 1260 537 1313 Σινώπην
569 1260 649 1313 τὴν
676 1259 724 1301 ἐν
751 1261 911 1316 Πόντῳ
937 1260 1196 1314 καταλαβὼν
1222 1259 1550 1315 ἀπροσδόκητος

196 1329 276 1386 μὲν
310 1332 441 1386 ὤφθη
474 1338 569 1380 ταῖς
601 1329 761 1372 ναυσὶν
792 1329 1069 1385 προσπλέων,
1100 1331 1289 1385 ἄσμενος
1321 1328 1360 1372 δ’
1393 1330 1549 1386 ἐφάνη,

195 1404 360 1445 πολλαί
380 1417 425 1443 τε
452 1402 798 1457 φιλοφρονήσεις
823 1398 951 1455 ἦσαν,
977 1402 1049 1443 ἅτε
1076 1400 1147 1442 καὶ
1168 1403 1376 1456 μεγίστην
1401 1404 1550 1444 πίστιν

198 1471 425 1528 εἰληφέναι
459 1473 699 1521 δοκοῦντος
730 1472 906 1521 εὐνοίας
937 1471 1009 1513 καὶ
1041 1474 1353 1527 φιλοστοργίας
1383 1478 1457 1527 τῆς
1489 1474 1551 1522 εἰς

199 1544 335 1585 αὑτὸν
363 1539 596 1598 Ἀγρίππα,
640 1549 853 1585 τοσοῦτον
892 1540 972 1597 μὲν
1009 1546 1153 1584 πλοῦν
1191 1543 1435 1593 ἀνύσαντος
1471 1549 1550 1585 τοῦ

199 1613 433 1669 βασιλέως,
476 1613 556 1655 οὐκ
594 1612 943 1669 ἀπολειφθέντος
982 1611 1030 1655 δὲ
1067 1620 1144 1667 τῆς
1181 1613 1352 1656 ἐκείνου
1389 1617 1550 1670 χρείας,

199 1685 255 1739 ἣν
287 1685 392 1739 μετὰ
423 1690 502 1726 τοῦ
534 1688 788 1726 καταλιπεῖν
827 1684 967 1740 ἀρχὴν
1004 1683 1075 1726 καὶ
1116 1685 1335 1739 διοίκησιν
1376 1685 1551 1727 οἰκείων

199 1755 468 1810 πραγμάτων
499 1754 868 1811 προυργιαιτέραν
900 1756 1041 1797 ἔθετο.
1097 1754 1212 1809 (22)
1242 1760 1330 1797 πᾶν
1359 1761 1471 1809 γοῦν
1495 1752 1551 1810 ἧν

202 1827 318 1882 αὐτῷ
351 1826 458 1868 κατὰ
484 1827 564 1880 τὴν
591 1828 820 1880 στρατείαν
846 1824 1062 1881 “Ηρώδης,
1095 1828 1142 1868 ἔν
1168 1841 1212 1867 τε
1237 1833 1329 1875 τοῖς
1353 1840 1552 1881 πραγμα-

201 1903 339 1946 τικοῖς
371 1898 700 1951 συναγωνιστὴς
736 1897 819 1939 κάν
856 1904 947 1947 τοῖς
987 1897 1096 1939 κατὰ
1127 1896 1258 1952 μέρος
1290 1897 1552 1952 σύμβουλος,
1572 1908 1602 1934 2‘

199 1968 312 2021 ἡδὺς
350 1964 398 2008 δὲ
435 1966 518 2009 κᾶν
555 1975 650 2017 ταῖς
687 1966 881 2021 ἀνέσεσι,
926 1966 999 2009 καὶ
1040 1969 1174 2022 μόνος
1215 1967 1421 2009 ἁπάντων
1461 1984 1552 2010 κοι-

202 2040 365 2091 νωνός,
409 2037 610 2094 ὀχληρῶν
641 2036 722 2093 μὲν
755 2039 828 2080 διὰ
858 2039 939 2093 τὴν
971 2039 1171 2092 εὔνοιαν,
1215 2037 1358 2093 ἡδέων
1398 2036 1446 2080 δὲ
1479 2039 1552 2080 διὰ

203 2110 284 2162 τὴν
321 2110 463 2163 τιμήν.
525 2108 640 2163 (23)
685 2109 743 2158 ὡς
787 2106 826 2150 δ’
869 2109 1018 2159 αὐτοῖς
1060 2111 1341 2165 κατείργαστο
1385 2108 1454 2151 καὶ
1500 2110 1552 2151 τὰ

203 2178 304 2235 περὶ
341 2180 418 2221 τὸν
457 2181 656 2232 Πόντον,
702 2175 763 2221 ὧν
801 2179 949 2221 ἕνεκεν
977 2179 1214 2235 Ἀγρίππας
1252 2179 1429 2234 ἐστάλη,
1472 2181 1553 2235 τὴν

204 2250 479 2305 ἀνακομιδὴν
524 2247 665 2292 οὐκέτ’
714 2250 858 2292 ἐδόκει
899 2255 1126 2293 ποιεῖσθαι
1169 2249 1398 2304 πλέουσιν,
1443 2250 1552 2293 ἀλλὰ

205 2321 544 2376 διαμειψάμενοι
575 2323 654 2374 τήν
686 2337 730 2362 τε
761 2324 1083 2377 Παφλαγονίαν
1114 2320 1185 2363 καὶ
1218 2322 1552 2376 Καππαδοκίαν,

1569 849 1601 874 10

1570 1202 1602 1228 15

1570 1556 1603 1581 20

1574 2263 1608 2288 30
