1732 2526
237 81 257 120 1
264 79 292 120 Ο
723 79 1085 114 ΑΡΧΑΙΟΛΟΓΙΑΣ

234 186 356 241 λε’ως,
388 186 632 242 ἠξιώκαμεν
663 189 867 242 περιττὸν
894 187 1040 242 οὐδέν,
1073 188 1098 230 ἃ
1126 186 1165 229 δ’
1195 186 1320 230 αὐτοὶ
1352 188 1584 242 δεδώκατε,

233 255 361 299 ταῦθ’
400 255 477 299 ὑπ’
518 258 664 299 ἄλλων
696 260 754 312 μὴ
786 260 1002 312 περιιδεῖν
1034 257 1416 313 ἀφαιρουμένους.’

323 328 439 383 <58>
465 335 646 371 τοιαῦτα
672 327 720 370 δὲ
745 336 825 371 τοῦ
846 330 1076 372 Νικολάου
1102 330 1362 379 διελθόντος
1387 326 1587 383 ἐγίγνετο

234 397 314 454 μὲν
347 399 532 454 οὐδεμία
564 408 652 442 τῶν
677 398 903 454 “Ελλη’νων
942 400 1316 450 ἀντικατάστασις·
1356 397 1461 442 οὐδὲ
1499 400 1582 455 γὰρ

234 470 292 520 ὡς
324 469 371 512 ἐν
405 471 671 529 δικαστηρίῳ
703 470 802 526 περὶ
828 479 916 513 τῶν
942 470 1245 526 προκειμένων
1272 471 1584 525 διελάμβανον,

234 539 322 583 ἀλλ’
366 538 652 596 ἦν’ἔντευξις
690 539 752 584 ὧν
791 541 1034 596 ἐβιάζοντο,
1073 542 1188 596 <59>
1224 541 1440 584 κάκείνων
1478 541 1585 584 ἀπο-

234 615 362 666 λογία
387 610 468 668 μὲν
501 613 684 668 οὐδεμία
715 620 794 655 τοῦ
826 614 883 668 μὴ
916 619 1052 655 ταῦτα
1082 620 1240 667 ποιεῖν,
1272 615 1492 668 πρόφασις
1524 610 1586 666 δ’,

234 684 292 733 ὡς
322 684 403 738 τὴν
435 685 584 738 χώραν
618 683 763 726 αὐτῶν
796 686 1032 738 νεμόμενοι
1070 684 1212 726 πάντα
1250 689 1335 726 νῦν
1374 683 1585 725 ἀδικοῖεν.

234 756 280 795 οἳ
310 750 348 795 δ’
387 754 579 808 ἐγγενεῖς
604 753 649 796 θ’
683 755 845 804 αὑτοὺς
872 755 1148 808 ἐδείκνυσαν,
1174 754 1258 796 κάν
1283 760 1342 810 τῷ
1368 755 1420 796 τὰ
1447 755 1587 796 οἰκεῖα

233 831 362 879 τιμᾶν
406 823 545 880 μηδὲν
587 829 832 875 λυποῦντες
876 827 1026 867 οἰκεῖν.
1095 826 1210 879 <6Ο>
1256 825 1451 866 συνιδὼν
1501 821 1583 868 οὖν

229 893 466 950 Ἀγρίππας
497 895 783 950 βιαζομένους
815 896 1076 951 ἀπεκρίνατο
1117 903 1268 949 ταῦτα,
1307 896 1380 937 διὰ
1418 892 1498 950 μὲν
1531 896 1585 949 δὴ

227 963 432 1021 “Ηρώδου
477 967 586 1020 πρὸς
629 966 765 1009 αὐτὸν
803 967 983 1009 εὔνοιάν
1021 982 1066 1008 τε
1104 965 1177 1008 καὶ
1217 969 1371 1022 φιλίαν
1416 966 1588 1020 ἕτοιμος

234 1034 347 1079 εἷναι
379 1043 466 1078 πᾶν
500 1036 651 1079 ὁτιοῦν
683 1039 937 1093 χαρίζεσθαι
965 1036 1214 1091 Ἰουδαίοις,
1253 1037 1280 1079 ἃ
1313 1035 1352 1079 δ’
1399 1036 1586 1090 ἀξιοῦσι,

233 1106 305 1149 καὶ
337 1106 440 1149 καθ’
477 1108 586 1149 αὑτὰ
620 1110 767 1150 δίκαια
802 1110 965 1163 δοκεῖν,
998 1107 1101 1150 ὥστ’
1137 1110 1178 1150 εί
1201 1107 1281 1163 μὲν
1310 1107 1486 1150 ἐδεόντο
1513 1106 1586 1150 καὶ

233 1180 469 1232 πλειόνων,
510 1179 590 1221 οὐκ
635 1179 690 1221 ἂν
735 1180 918 1234 ὀκνῆσαι
961 1179 1014 1221 τά
1056 1195 1106 1233 γε
1145 1180 1203 1234 μὴ
1243 1183 1469 1222 λυποῦντα
1506 1179 1586 1232 τὴν

228 1247 452 1304 Ῥωμαίων
490 1250 630 1305 ἀρχὴν
667 1258 927 1306 παρασχεῖν·
973 1249 1065 1292 ἐπεὶ
1105 1249 1147 1291 δ’
1195 1249 1221 1291 ἃ
1258 1249 1331 1292 καὶ
1371 1252 1589 1305 πρότερον

235 1322 484 1375 εἰλήφασιν,
516 1321 658 1375 ἄκυρα
696 1322 754 1375 μὴ
796 1320 1023 1375 γενέσθαι,
1054 1323 1266 1376 βεβαιοῦν
1309 1321 1458 1370 αὐτοῖς
1489 1320 1589 1362 ἀνε-

235 1391 506 1446 πηρεάστους
533 1391 579 1433 ἐν
612 1400 703 1441 τοῖς
736 1393 912 1441 οἰκείοις
939 1393 1156 1434 διατελεῖν
1183 1394 1318 1434 ἔθεσι.
1358 1392 1474 1446 <61>
1500 1407 1589 1433 τοι-

236 1461 334 1505 αῦτ’
369 1463 507 1504 εἰπὼν
539 1462 685 1505 διέλυε
718 1464 796 1505 τὸν
842 1464 1084 1517 σύλλογον,
1121 1461 1327 1517 “Ηρώδης
1365 1459 1414 1504 δὲ
1453 1473 1589 1517 προσ-

235 1534 369 1583 εστὼς
419 1535 711 1588 κατησπάζετο
773 1533 846 1575 καὶ
901 1540 977 1588 τῆς
1031 1535 1093 1583 εἰς
1155 1533 1291 1575 αὐτὸν
1348 1532 1590 1583 διαθέσεως

236 1605 452 1659 ὡμολόγει
485 1604 627 1659 χάριν.
690 1604 712 1646 ὃ
748 1601 795 1645 δὲ
828 1603 896 1646 καὶ
926 1606 988 1653 εἰς
1013 1611 1149 1646 ταῦτα
1174 1605 1591 1659 φιλοφρονούμενος

237 1680 335 1717 ἴσον
374 1675 512 1716 αὑτὸν
549 1682 772 1730 παρεῖχεν,
814 1674 1217 1730 ἀντεμπλεκόμενος
1256 1674 1328 1716 καὶ
1372 1687 1590 1716 κατασπα-

238 1748 427 1800 ζόμενος.
490 1746 606 1800 <62>
639 1745 711 1788 καὶ
737 1748 832 1788 τότε
865 1743 945 1800 μὲν
972 1745 1252 1801 ἀνεχώρησεν
1285 1745 1370 1788 ἀπὸ
1396 1743 1589 1800 Λέσβου,

237 1816 320 1859 ἀπὸ
361 1814 408 1858 δὲ
447 1818 605 1870 Σάμου
644 1820 771 1858 πλεῖν
816 1817 838 1859 ὁ
877 1818 1085 1871 βασιλεὺς
1126 1814 1189 1858 ἐπ’
1241 1820 1367 1858 οἴκου
1413 1814 1590 1869 διέγνω,

236 1886 308 1930 καὶ
339 1889 418 1929 τὸν
445 1885 690 1941 Ἀγρίππαν
716 1887 1097 1942 παραιτησάμενος
1122 1886 1307 1942 ἀνήχθη.
1358 1885 1589 1939 κατάγεται

239 1957 279 2000 δ’
317 1960 378 2007 εἰς
410 1958 683 2011 Καισάρειαν
717 1959 770 2000 οὐ
796 1961 980 2008 πολλαῖς
1010 1958 1198 2012 ὕστερον
1230 1956 1427 2013 ἡμέραις,
1458 1972 1590 1998 πνευ-

238 2029 387 2084 μάτων
421 2028 679 2083 ἐπιτηδείων
718 2030 875 2084 τυχών.
938 2028 1146 2070 κάκεῖθεν
1185 2028 1334 2071 ἐλθὼν
1371 2029 1434 2077 είς
1458 2026 1591 2081 Ἱερο-

239 2102 409 2154 σόλυμα
443 2102 692 2154 συνήγαγεν
720 2099 955 2154 ἐκκλησίαν
987 2100 1238 2155 πάνδημον·
1277 2096 1333 2154 ἦν
1372 2096 1421 2140 δὲ
1453 2100 1591 2149 πολὺς

238 2170 320 2213 κάκ
357 2176 431 2224 τῆς
468 2171 610 2226 χώρας
650 2172 789 2225 ὄχλος.
851 2171 967 2224 <63>
1010 2170 1032 2212 ὃ
1073 2168 1121 2212 δὲ
1162 2170 1399 2225 παρελθὼν
1432 2169 1591 2213 ἀπολο-

240 2244 400 2296 γισμόν
433 2256 477 2282 τε
508 2247 585 2295 τῆς
622 2241 726 2295 ὅλης
764 2240 971 2295 ἐκδημίας
1009 2241 1258 2295 ἐποιήσατο,
1296 2239 1368 2282 καὶ
1405 2241 1457 2282 τὰ
1489 2239 1588 2296 περὶ

240 2315 343 2362 τοὺς
382 2310 626 2361 Ἰουδαίους
670 2312 766 2353 ὅσοι
806 2312 913 2353 κατὰ
950 2313 1031 2366 τὴν
1066 2309 1215 2354 Ἀσίαν
1252 2308 1387 2366 ἦσαν,
1427 2312 1486 2361 ὡς
1527 2309 1585 2353 δι’

1605 838 1638 864 10

1607 1190 1641 1218 15

1609 1547 1642 1572 20

1609 1899 1685 1926 25·

1609 2253 1644 2278 30
