1732 2526
135 1538 155 1568 [Φ

136 2169 157 2199 3

182 81 270 122 260
676 80 1038 113 ΑΡΧΑΙΟΛΟΓΙΑΣ

182 187 349 237 ἐκεῖνος
369 186 537 242 ἀνέτλη.
582 186 747 242 ἡμέραν
775 183 856 229 οὗν
882 185 1097 241 ἑορτάζων
1119 187 1255 228 αὑτοῦ
1282 185 1530 241 γενέθλιον,
1558 192 1563 196 “

184 259 254 300 ὅτε
286 264 420 300 πᾶσιν
453 253 515 300 ὧν
552 255 686 313 ἦρχεν
724 258 996 313 εὐφροσύναι
1034 259 1300 299 καθίσταντο
1338 257 1529 311 θάλειαι,

183 330 260 371 τὸν
293 331 437 371 Σίλαν
469 328 669 371 ἀνεκάλει
701 331 944 384 παραυτίκα
978 327 1208 370 συνέστιον
1248 327 1365 385 αὐτῷ
1404 343 1530 382 γενη-

181 402 382 454 σόμενον.
444 399 589 454 (322)
635 399 656 440 ὃ
703 398 755 440 δέ
795 398 978 455 (τρόπον
1029 400 1111 454 γὰρ
1160 397 1412 453 ἐλευθέριος
1455 396 1530 454 ἦν)

181 469 325 512 ἐδόκει
367 468 712 526 προσειληφέναι
758 471 933 511 δικαίαν
980 471 1123 511 αἰτίαν
1168 470 1315 524 ὀργῆς,
1356 469 1411 523 ἣν
1450 469 1530 511 οὐκ
1567 481 1583 506 5

180 541 475 595 ἀπεκρύπτετο
507 542 616 595 πρὸς
646 542 748 590 τοὺς
780 543 1005 594 μετιόντας
1031 540 1181 594 αὐτόν,
1213 538 1353 594 λέγων
1385 539 1529 595 <323>

182 610 274 652 εἐπὶ
311 613 443 653 ποίαν
483 611 504 653 ὁ
545 612 751 665 βασιλεὺς
788 611 919 665 τιμὴν
961 610 1167 652 ἀνακαλεῖ
1204 625 1271 664 με,
1312 611 1392 665 τὴν
1424 610 1530 665 μετὰ

181 683 337 737 μικρὸν
370 680 699 735 ἀπολουμένην;
734 678 837 722 οὐδὲ
864 682 945 736 γὰρ
972 682 1023 722 τὰ
1049 681 1198 736 πρῶτά
1224 697 1297 735 μοι
1324 680 1430 736 γέρα
1456 686 1531 735 τῆς

181 754 242 802 εἰς
287 752 421 794 αὐτὸν
465 751 641 801 εὐνοίας
684 751 914 806 ἐτήρησεν,
959 751 1202 806 ἀπεσύλησε
1249 748 1287 793 δ’
1333 752 1528 807 ὑβρίσας.

180 822 324 875 <324>
361 821 388 875 ἢ
427 825 679 863 πεπαῦσθαι
717 820 925 876 νενόμικέ
959 837 1009 876 με
1054 828 1128 875 τῆς
1167 823 1430 876 παρρησιάς;
1474 821 1529 874 ἣν
1551 834 1583 859 10

181 893 265 934 ἀπὸ
310 892 476 946 τούμοῦ
521 893 774 942 συνειδότος
819 894 930 947 ἔχων
972 897 1057 933 νῦν
1101 893 1316 946 βοήσομαι
1363 894 1531 945 μᾶλλον

181 963 299 1005 ὅσων
332 963 467 1004 αὐτὸν
500 962 767 1017 ἐξελυσάμην
802 963 975 1016 δεινῶν,
1003 961 1134 1012 ὅσους
1160 963 1322 1016 ἤνεγκα
1353 964 1531 1016 πόνους,

181 1033 332 1091 ἐκείνῳ
365 1036 650 1089 ποριζόμενος
683 1036 903 1089 σωτηρίαν
934 1049 979 1075 τε
1012 1032 1085 1074 καὶ
1115 1034 1268 1087 τιμήν,
1310 1029 1371 1074 ὧν
1403 1031 1531 1086 γέρας
1579 1054 1582 1055 ’

179 1104 431 1158 ἠνεγκάμην
476 1104 613 1158 δεσμὰ
656 1102 729 1145 καὶ
775 1105 950 1146 σκότιον
994 1104 1179 1159 εἱρκτήν.
1241 1104 1398 1158 <325>
1450 1103 1530 1146 οὐκ

181 1173 265 1227 ἐγώ
297 1189 401 1215 ποτε
432 1175 601 1216 τούτων
634 1177 838 1228 λήσομαι·
870 1174 978 1229 τάχα
1003 1190 1077 1228 μοι
1102 1174 1183 1227 τὴν
1208 1180 1283 1227 τῆς
1308 1173 1527 1229 ἀριστείας
1546 1186 1579 1212 15

182 1246 495 1286 συναποίσεται
540 1247 716 1299 μνήμην
759 1244 831 1286 καὶ
876 1251 1121 1299 μεταστᾶσα
1171 1250 1246 1298 τῆς
1297 1246 1455 1300 σαρκὸς
1503 1245 1530 1298 ἡ

181 1314 328 1370 ψυχή’
389 1313 508 1357 ταῦτ’
542 1315 704 1370 ἀνεβόα
729 1315 801 1357 καὶ
829 1315 1070 1357 διετάττετο
1102 1321 1162 1371 τῷ
1189 1318 1365 1369 βασιλεῖ
1387 1313 1531 1369 λέγειν

183 1386 309 1427 αὐτά·
344 1386 366 1427 ὃ
395 1384 434 1426 δ’
460 1386 518 1435 ὡς
544 1385 731 1435 ἀνιάτως
758 1384 871 1441 ἑώρα
899 1386 1192 1440 διακείμενον,
1219 1385 1352 1427 πάλιν
1384 1389 1530 1427 εἴασεν

182 1456 230 1497 ἐν
262 1462 447 1512 φρουρᾷ.

272 1527 416 1580 <326>
448 1527 500 1567 τὰ
534 1523 582 1568 δὲ
612 1534 700 1568 τῶν
725 1524 1047 1582 Ἱεροσολύμων
1078 1528 1196 1581 τείχη
1229 1526 1280 1568 τὰ
1311 1526 1420 1581 πρὸς
1450 1527 1530 1581 τὴν
1548 1539 1582 1565 20

182 1597 340 1650 καινὴν
371 1597 559 1638 νεύοντα
591 1598 722 1638 πόλιν
755 1597 986 1650 δημοσίαις
1019 1596 1193 1652 ὠχύρου
1226 1596 1454 1650 δαπάναις,
1479 1603 1531 1652 τῇ

183 1665 263 1722 μὲν
296 1667 498 1722 εὐρύνων
530 1668 591 1716 είς
622 1667 796 1721 πλάτος,
822 1673 872 1722 τῇ
907 1665 946 1707 δ’
977 1668 1040 1716 εἰς
1063 1667 1176 1717 ὕψος
1207 1665 1403 1722 ἐξαίρων.
1449 1666 1531 1709 κᾶν

185 1737 462 1792 ἐξειργάσατο
494 1743 629 1779 ταῦτα
661 1738 800 1791 πάσης
832 1737 1117 1792 ἀνθρωπίνης
1154 1740 1381 1793 κρείττονα
1418 1740 1531 1793 βίας,

183 1809 225 1849 εἰ
254 1808 311 1862 μὴ
344 1807 530 1861 Μάρσος
562 1808 585 1850 ὁ
617 1815 693 1862 τῆς
712 1810 881 1863 Συρίας
911 1808 1087 1862 ἡγεμὼν
1108 1809 1317 1866 Κλαυδίῳ
1337 1810 1530 1864 Καίσαρι

184 1878 258 1919 διὰ
295 1878 562 1933 γραμμάτων
601 1878 792 1932 ἐδήλωσε
830 1880 878 1921 τὸ
917 1881 1235 1933 πραττόμενον,
1278 1879 1420 1933 <327>
1457 1877 1528 1920 καὶ
1549 1891 1582 1917 25

182 1951 476 2004 νεωτερισμόν
526 1965 624 1990 τινα
675 1950 898 1998 Κλαύδιος
953 1949 1228 1999 ὑποπτεύσας
1283 1947 1529 1991 ἐπέστειλεν

178 2017 392 2075 Ἀγρίππα
436 2021 541 2074 μετὰ
586 2021 780 2074 σπουδῆς
823 2021 1079 2062 παύσασθαι
1123 2026 1198 2074 τῆς
1241 2026 1329 2062 τῶν
1372 2027 1528 2075 τειχῶν

184 2088 564 2144 ἐξοικοδομήσεως.
628 2091 650 2132 ὃ
685 2089 726 2132 δ’
760 2090 963 2132 ἀπειθεῖν
996 2091 1076 2133 οὐκ
1108 2092 1291 2145 ἔκρινεν.

275 2160 417 2215 <328>
459 2160 664 2215 ἐπεφύκει
705 2159 744 2201 δ’
782 2161 804 2203 ὁ
842 2162 1049 2215 βασιλεὺς
1089 2158 1216 2210 οὗτος
1259 2160 1529 2217 εὐεργετικὸς

184 2227 296 2272 εἶναι
329 2230 376 2272 ἐν
409 2231 593 2286 δωρεαῖς
622 2230 694 2272 καὶ
726 2235 1105 2287 μεγαλοφρονῆσαι
1142 2233 1251 2285 ἔθνη
1286 2234 1527 2287 φιλότιμος,
1546 2243 1581 2269 30

278 2313 297 2352 ἓ
324 2313 390 2345 326
418 2310 461 2346 cf.
488 2310 580 2346 Bell.
607 2311 684 2347 Iud.
711 2311 745 2345 II
772 2316 826 2356 11,
855 2315 885 2347 6.
