<?xml version="1.0" encoding="UTF-8"?>
<!DOCTYPE html PUBLIC "-//W3C//DTD XHTML 1.0 Transitional//EN"
    "http://www.w3.org/TR/xhtml1/DTD/xhtml1-transitional.dtd">
<html xmlns="http://www.w3.org/1999/xhtml" xml:lang="en" lang="en">
 <head>
  <title>
</title>
<meta http-equiv="Content-Type" content="text/html;charset=utf-8" />
  <meta name='ocr-system' content='tesseract 3.04.00' />
  <meta name='ocr-capabilities' content='ocr_page ocr_carea ocr_par ocr_line ocrx_word'/>
</head>
<body>
  <div class='ocr_page' id='page_1' title='image "./flaviiiosephiope04joseuoft_0102.png"; bbox 0 0 1732 2526; ppageno 0'>
   <div class='ocr_carea' id='block_1_1' title="bbox 127 1600 182 1640">
    <p class='ocr_par' dir='ltr' id='par_1_1' title="bbox 127 1600 182 1640">
     <span class='ocr_line' id='line_1_1' title="bbox 127 1600 182 1640; baseline 0 0"><span class='ocrx_word' id='word_1_1' title='bbox 127 1600 182 1640; x_wconf 79' lang='lat'><em>10</em></span> 
     </span>
    </p>
   </div>
   <div class='ocr_carea' id='block_1_2' title="bbox 198 77 1054 120">
    <p class='ocr_par' dir='ltr' id='par_1_2' title="bbox 198 77 1054 120">
     <span class='ocr_line' id='line_1_2' title="bbox 198 77 1054 120; baseline -0.001 -9"><span class='ocrx_word' id='word_1_2' title='bbox 198 79 256 120; x_wconf 76' lang='lat'><em>50</em></span> <span class='ocrx_word' id='word_1_3' title='bbox 691 77 1054 111; x_wconf 78' lang='grc' dir='ltr'><strong>ΑΡΧΑΙΟΛΟΓΙΑΣ</strong></span> 
     </span>
    </p>
   </div>
   <div class='ocr_carea' id='block_1_3' title="bbox 198 184 1546 242">
    <p class='ocr_par' dir='ltr' id='par_1_3' title="bbox 198 184 1546 242">
     <span class='ocr_line' id='line_1_3' title="bbox 198 184 1546 242; baseline -0.001 -14"><span class='ocrx_word' id='word_1_4' title='bbox 198 202 280 228; x_wconf 87' lang='grc' dir='ltr'><em>ταν</em></span> <span class='ocrx_word' id='word_1_5' title='bbox 311 184 613 228; x_wconf 78' lang='grc' dir='ltr'><strong><em>ἐπιστείλαντα</em></strong></span> <span class='ocrx_word' id='word_1_6' title='bbox 644 186 858 239; x_wconf 87' lang='grc' dir='ltr'><em>πρότερον</em></span> <span class='ocrx_word' id='word_1_7' title='bbox 891 185 1008 242; x_wconf 78' lang='grc' dir='ltr'><em>αὐτῷ</em></span> <span class='ocrx_word' id='word_1_8' title='bbox 1050 185 1300 239; x_wconf 83' lang='grc' dir='ltr'><em>βασιλεύειν</em></span> <span class='ocrx_word' id='word_1_9' title='bbox 1332 184 1546 239; x_wconf 76' lang='grc' dir='ltr'><em>ὠργίζετο.</em></span> 
     </span>
    </p>
   </div>
   <div class='ocr_carea' id='block_1_4' title="bbox 198 253 1573 311">
    <p class='ocr_par' dir='ltr' id='par_1_4' title="bbox 198 253 1573 311">
     <span class='ocr_line' id='line_1_4' title="bbox 198 253 1573 311; baseline -0.001 -13"><span class='ocrx_word' id='word_1_10' title='bbox 198 257 345 311; x_wconf 78' lang='lat'>&lt;296&gt;</span> <span class='ocrx_word' id='word_1_11' title='bbox 364 255 521 310; x_wconf 83' lang='grc' dir='ltr'><em>πέμπει</em></span> <span class='ocrx_word' id='word_1_12' title='bbox 549 253 597 297; x_wconf 75' lang='grc' dir='ltr'><em>δὲ</em></span> <span class='ocrx_word' id='word_1_13' title='bbox 622 255 823 305; x_wconf 82' lang='grc' dir='ltr'><em>κάκεῖνος</em></span> <span class='ocrx_word' id='word_1_14' title='bbox 850 254 1084 310; x_wconf 86' lang='grc' dir='ltr'><em>ἐπιστολὴν</em></span> <span class='ocrx_word' id='word_1_15' title='bbox 1109 253 1181 297; x_wconf 83' lang='grc' dir='ltr'><em>καὶ</em></span> <span class='ocrx_word' id='word_1_16' title='bbox 1214 256 1334 309; x_wconf 85' lang='grc' dir='ltr'><em>δῶρα</em></span> <span class='ocrx_word' id='word_1_17' title='bbox 1359 259 1418 311; x_wconf 80' lang='grc' dir='ltr'><em>τςό</em></span> <span class='ocrx_word' id='word_1_18' title='bbox 1439 257 1547 297; x_wconf 89' lang='grc' dir='ltr'><em>Καί-</em></span> <span class='ocrx_word' id='word_1_19' title='bbox 1569 273 1573 277; x_wconf 97' lang='grc'><em>·</em></span> 
     </span>
    </p>
   </div>
   <div class='ocr_carea' id='block_1_5' title="bbox 193 325 1548 1089">
    <p class='ocr_par' dir='ltr' id='par_1_5' title="bbox 193 325 1548 1089">
     <span class='ocr_line' id='line_1_5' title="bbox 200 325 1546 382; baseline -0.002 -13"><span class='ocrx_word' id='word_1_20' title='bbox 200 340 318 382; x_wconf 90' lang='grc' dir='ltr'><em>σαρι,</em></span> <span class='ocrx_word' id='word_1_21' title='bbox 351 326 572 381; x_wconf 88' lang='grc' dir='ltr'><em>στέφανόν</em></span> <span class='ocrx_word' id='word_1_22' title='bbox 604 341 648 368; x_wconf 89' lang='grc' dir='ltr'><em>τε</em></span> <span class='ocrx_word' id='word_1_23' title='bbox 681 332 877 381; x_wconf 75' lang='grc' dir='ltr'><em>χρυσοῦν</em></span> <span class='ocrx_word' id='word_1_24' title='bbox 909 325 993 367; x_wconf 79' lang='grc' dir='ltr'><em>ἀπὸ</em></span> <span class='ocrx_word' id='word_1_25' title='bbox 1025 329 1202 368; x_wconf 84' lang='grc' dir='ltr'><em>πολλῶν</em></span> <span class='ocrx_word' id='word_1_26' title='bbox 1231 325 1470 367; x_wconf 80' lang='grc' dir='ltr'><em>ταλάντων.</em></span> <span class='ocrx_word' id='word_1_27' title='bbox 1520 325 1546 379; x_wconf 84' lang='grc' dir='ltr'><em>ἡ</em></span> 
     </span>
     <span class='ocr_line' id='line_1_6' title="bbox 200 396 1547 452; baseline -0.001 -12"><span class='ocrx_word' id='word_1_28' title='bbox 200 397 238 440; x_wconf 87' lang='grc' dir='ltr'><em>δ’</em></span> <span class='ocrx_word' id='word_1_29' title='bbox 278 397 482 452; x_wconf 84' lang='grc' dir='ltr'><em>ἐπιστολὴ</em></span> <span class='ocrx_word' id='word_1_30' title='bbox 515 399 747 451; x_wconf 81' lang='grc' dir='ltr'><em>κατηγόρει</em></span> <span class='ocrx_word' id='word_1_31' title='bbox 768 399 995 438; x_wconf 90' lang='grc' dir='ltr'><em>Συλλαῖον</em></span> <span class='ocrx_word' id='word_1_32' title='bbox 1021 398 1126 438; x_wconf 80' lang='grc' dir='ltr'><em>ὄντα</em></span> <span class='ocrx_word' id='word_1_33' title='bbox 1151 396 1349 451; x_wconf 90' lang='grc' dir='ltr'><em>πονηρὸν</em></span> <span class='ocrx_word' id='word_1_34' title='bbox 1383 396 1547 438; x_wconf 91' lang='grc' dir='ltr'><em>δοῦλον</em></span> 
     </span>
     <span class='ocr_line' id='line_1_7' title="bbox 193 466 1546 523; baseline -0.001 -13"><span class='ocrx_word' id='word_1_35' title='bbox 193 467 381 523; x_wconf 82' lang='grc' dir='ltr'><em>Ὀβόδαν</em></span> <span class='ocrx_word' id='word_1_36' title='bbox 412 484 457 510; x_wconf 89' lang='grc' dir='ltr'><em>τε</em></span> <span class='ocrx_word' id='word_1_37' title='bbox 489 468 737 523; x_wconf 84' lang='grc' dir='ltr'><em>φαρμάκοις</em></span> <span class='ocrx_word' id='word_1_38' title='bbox 770 468 1028 522; x_wconf 83' lang='grc' dir='ltr'><em>διαφθεῖραι</em></span> <span class='ocrx_word' id='word_1_39' title='bbox 1058 466 1131 509; x_wconf 85' lang='grc' dir='ltr'><em>καὶ</em></span> <span class='ocrx_word' id='word_1_40' title='bbox 1163 469 1319 518; x_wconf 82' lang='grc' dir='ltr'><em>ζῶντος</em></span> <span class='ocrx_word' id='word_1_41' title='bbox 1351 468 1413 508; x_wconf 77' lang='grc' dir='ltr'><em>ε”τι</em></span> <span class='ocrx_word' id='word_1_42' title='bbox 1443 482 1546 522; x_wconf 89' lang='grc' dir='ltr'><em>κρα-</em></span> 
     </span>
     <span class='ocr_line' id='line_1_8' title="bbox 198 536 1548 593; baseline -0.001 -12"><span class='ocrx_word' id='word_1_43' title='bbox 198 546 289 581; x_wconf 86' lang='grc' dir='ltr'><em>τεῖν</em></span> <span class='ocrx_word' id='word_1_44' title='bbox 321 540 472 593; x_wconf 82' lang='grc' dir='ltr'><em>αὐτόν,</em></span> <span class='ocrx_word' id='word_1_45' title='bbox 503 539 579 588; x_wconf 83' lang='grc' dir='ltr'><em>τάς</em></span> <span class='ocrx_word' id='word_1_46' title='bbox 609 553 654 579; x_wconf 88' lang='grc' dir='ltr'><em>τε</em></span> <span class='ocrx_word' id='word_1_47' title='bbox 685 545 774 579; x_wconf 85' lang='grc' dir='ltr'><em>τῶν</em></span> <span class='ocrx_word' id='word_1_48' title='bbox 801 536 998 592; x_wconf 86' lang='grc' dir='ltr'><em>Ἀράβων</em></span> <span class='ocrx_word' id='word_1_49' title='bbox 1039 538 1300 593; x_wconf 82' lang='grc' dir='ltr'><em>μοιχεύοντα</em></span> <span class='ocrx_word' id='word_1_50' title='bbox 1338 543 1548 591; x_wconf 77' lang='grc' dir='ltr'><em>γυναῖκας</em></span> 
     </span>
     <span class='ocr_line' id='line_1_9' title="bbox 197 606 1547 665; baseline -0.001 -14"><span class='ocrx_word' id='word_1_51' title='bbox 197 609 270 652; x_wconf 87' lang='grc' dir='ltr'><em>καὶ</em></span> <span class='ocrx_word' id='word_1_52' title='bbox 319 611 516 665; x_wconf 82' lang='grc' dir='ltr'><em>χρήματα</em></span> <span class='ocrx_word' id='word_1_53' title='bbox 566 610 898 663; x_wconf 77' lang='grc' dir='ltr'><em>δανειζόμενον,</em></span> <span class='ocrx_word' id='word_1_54' title='bbox 947 606 1045 650; x_wconf 83' lang='grc' dir='ltr'><em>ὥστ’</em></span> <span class='ocrx_word' id='word_1_55' title='bbox 1104 607 1417 659; x_wconf 81' lang='grc' dir='ltr'><em>ἐξιδιώσασθαι</em></span> <span class='ocrx_word' id='word_1_56' title='bbox 1467 609 1547 662; x_wconf 88' lang='grc' dir='ltr'><em>τὴν</em></span> 
     </span>
     <span class='ocr_line' id='line_1_10' title="bbox 198 676 1547 735; baseline -0.001 -14"><span class='ocrx_word' id='word_1_57' title='bbox 198 680 345 735; x_wconf 78' lang='grc' dir='ltr'><em>ἀρχήν.</em></span> <span class='ocrx_word' id='word_1_58' title='bbox 410 680 554 734; x_wconf 76' lang='grc'>&lt;297&gt;</span> <span class='ocrx_word' id='word_1_59' title='bbox 599 679 812 734; x_wconf 76' lang='grc' dir='ltr'><em>προσέσχε</em></span> <span class='ocrx_word' id='word_1_60' title='bbox 851 677 890 720; x_wconf 79' lang='grc' dir='ltr'><em>δ’</em></span> <span class='ocrx_word' id='word_1_61' title='bbox 934 676 1038 721; x_wconf 77' lang='grc' dir='ltr'><em>οὐδὲ</em></span> <span class='ocrx_word' id='word_1_62' title='bbox 1079 679 1251 728; x_wconf 76' lang='grc' dir='ltr'><em>τούτοις</em></span> <span class='ocrx_word' id='word_1_63' title='bbox 1291 679 1314 721; x_wconf 88' lang='grc' dir='ltr'>ὁ</span> <span class='ocrx_word' id='word_1_64' title='bbox 1359 680 1547 733; x_wconf 89' lang='grc' dir='ltr'><em>Καῖσαρ,</em></span> 
     </span>
     <span class='ocr_line' id='line_1_11' title="bbox 198 746 1548 805; baseline -0.001 -13"><span class='ocrx_word' id='word_1_65' title='bbox 198 749 291 792; x_wconf 81' lang='grc' dir='ltr'><em>ἀλλ’</em></span> <span class='ocrx_word' id='word_1_66' title='bbox 331 749 575 805; x_wconf 80' lang='grc' dir='ltr'><em>ἀποπέμπει</em></span> <span class='ocrx_word' id='word_1_67' title='bbox 607 748 746 805; x_wconf 75' lang='grc' dir='ltr'><em>μηδὲν</em></span> <span class='ocrx_word' id='word_1_68' title='bbox 778 758 865 792; x_wconf 83' lang='grc' dir='ltr'><em>τῶν</em></span> <span class='ocrx_word' id='word_1_69' title='bbox 898 750 1054 805; x_wconf 85' lang='grc' dir='ltr'><em>δώρων</em></span> <span class='ocrx_word' id='word_1_70' title='bbox 1081 751 1242 805; x_wconf 87' lang='grc' dir='ltr'><em>λαβών.</em></span> <span class='ocrx_word' id='word_1_71' title='bbox 1291 751 1344 792; x_wconf 76' lang='grc' dir='ltr'><em>τὰ</em></span> <span class='ocrx_word' id='word_1_72' title='bbox 1374 746 1422 791; x_wconf 77' lang='grc' dir='ltr'><em>δὲ</em></span> <span class='ocrx_word' id='word_1_73' title='bbox 1447 747 1548 802; x_wconf 86' lang='grc' dir='ltr'><em>περὶ</em></span> 
     </span>
     <span class='ocr_line' id='line_1_12' title="bbox 197 818 1545 876; baseline -0.002 -13"><span class='ocrx_word' id='word_1_74' title='bbox 197 822 277 876; x_wconf 89' lang='grc' dir='ltr'><em>τὴν</em></span> <span class='ocrx_word' id='word_1_75' title='bbox 311 821 531 863; x_wconf 86' lang='grc' dir='ltr'><em>Ἰουδαίαν</em></span> <span class='ocrx_word' id='word_1_76' title='bbox 568 819 641 862; x_wconf 85' lang='grc' dir='ltr'><em>καὶ</em></span> <span class='ocrx_word' id='word_1_77' title='bbox 676 820 882 876; x_wconf 84' lang='grc' dir='ltr'><em>Ἀραβίαν</em></span> <span class='ocrx_word' id='word_1_78' title='bbox 915 819 981 862; x_wconf 81' lang='grc' dir='ltr'><em>ἀεὶ</em></span> <span class='ocrx_word' id='word_1_79' title='bbox 1013 819 1086 861; x_wconf 80' lang='grc' dir='ltr'><em>καὶ</em></span> <span class='ocrx_word' id='word_1_80' title='bbox 1117 823 1286 874; x_wconf 83' lang='grc' dir='ltr'><em>μᾶλλον</em></span> <span class='ocrx_word' id='word_1_81' title='bbox 1325 818 1545 872; x_wconf 73' lang='grc' dir='ltr'><em>ἐπεδίδου,</em></span> 
     </span>
     <span class='ocr_line' id='line_1_13' title="bbox 197 887 1548 946; baseline -0.001 -13"><span class='ocrx_word' id='word_1_82' title='bbox 197 893 249 933; x_wconf 79' lang='grc' dir='ltr'><em>τὰ</em></span> <span class='ocrx_word' id='word_1_83' title='bbox 281 889 360 946; x_wconf 75' lang='grc' dir='ltr'><em>μὲν</em></span> <span class='ocrx_word' id='word_1_84' title='bbox 392 893 452 941; x_wconf 87' lang='grc' dir='ltr'><em>είς</em></span> <span class='ocrx_word' id='word_1_85' title='bbox 479 891 671 945; x_wconf 80' lang='grc' dir='ltr'><em>ἀταξίαν,</em></span> <span class='ocrx_word' id='word_1_86' title='bbox 698 892 750 933; x_wconf 78' lang='grc' dir='ltr'><em>τὰ</em></span> <span class='ocrx_word' id='word_1_87' title='bbox 777 887 816 932; x_wconf 76' lang='grc' dir='ltr'><em>δ’</em></span> <span class='ocrx_word' id='word_1_88' title='bbox 846 891 904 941; x_wconf 83' lang='grc' dir='ltr'><em>ὡς</em></span> <span class='ocrx_word' id='word_1_89' title='bbox 928 889 1350 945; x_wconf 81' lang='grc' dir='ltr'><em>καταφθειρομένων</em></span> <span class='ocrx_word' id='word_1_90' title='bbox 1382 888 1548 944; x_wconf 84' lang='grc' dir='ltr'><em>μηδένα</em></span> 
     </span>
     <span class='ocr_line' id='line_1_14' title="bbox 196 959 1548 1017; baseline -0.001 -13"><span class='ocrx_word' id='word_1_91' title='bbox 196 963 475 1017; x_wconf 88' lang='grc' dir='ltr'><em>προεστάναι.</em></span> <span class='ocrx_word' id='word_1_92' title='bbox 507 963 651 1016; x_wconf 80' lang='grc'>&lt;298&gt;</span> <span class='ocrx_word' id='word_1_93' title='bbox 684 969 772 1004; x_wconf 83' lang='grc' dir='ltr'><em>τῶν</em></span> <span class='ocrx_word' id='word_1_94' title='bbox 804 963 886 1017; x_wconf 77' lang='grc' dir='ltr'><em>γὰρ</em></span> <span class='ocrx_word' id='word_1_95' title='bbox 914 960 1131 1015; x_wconf 88' lang='grc' dir='ltr'><em>βασιλέων</em></span> <span class='ocrx_word' id='word_1_96' title='bbox 1157 961 1180 1003; x_wconf 89' lang='grc' dir='ltr'>ὃ</span> <span class='ocrx_word' id='word_1_97' title='bbox 1207 959 1287 1016; x_wconf 77' lang='grc' dir='ltr'><em>μὲν</em></span> <span class='ocrx_word' id='word_1_98' title='bbox 1319 961 1441 1002; x_wconf 79' lang='grc' dir='ltr'><em>οὔπω</em></span> <span class='ocrx_word' id='word_1_99' title='bbox 1468 961 1548 1015; x_wconf 85' lang='grc' dir='ltr'><em>τὴν</em></span> 
     </span>
     <span class='ocr_line' id='line_1_15' title="bbox 197 1030 1548 1089; baseline -0.002 -14"><span class='ocrx_word' id='word_1_100' title='bbox 197 1034 335 1089; x_wconf 74' lang='grc' dir='ltr'><em>ἀρχὴν</em></span> <span class='ocrx_word' id='word_1_101' title='bbox 367 1035 550 1088; x_wconf 87' lang='grc' dir='ltr'><em>βεβαίαν</em></span> <span class='ocrx_word' id='word_1_102' title='bbox 577 1035 689 1088; x_wconf 81' lang='grc' dir='ltr'><em>ἔχων</em></span> <span class='ocrx_word' id='word_1_103' title='bbox 722 1034 801 1088; x_wconf 87' lang='grc' dir='ltr'><em>οὐχ</em></span> <span class='ocrx_word' id='word_1_104' title='bbox 836 1034 983 1082; x_wconf 76' lang='grc' dir='ltr'><em>ἱκανὸς</em></span> <span class='ocrx_word' id='word_1_105' title='bbox 1014 1030 1070 1087; x_wconf 74' lang='grc' dir='ltr'><em>ἦν</em></span> <span class='ocrx_word' id='word_1_106' title='bbox 1101 1033 1289 1074; x_wconf 83' lang='grc' dir='ltr'><em>κωλύειν</em></span> <span class='ocrx_word' id='word_1_107' title='bbox 1320 1034 1424 1081; x_wconf 91' lang='grc' dir='ltr'><em>τοὺς</em></span> <span class='ocrx_word' id='word_1_108' title='bbox 1455 1030 1548 1072; x_wconf 84' lang='grc' dir='ltr'><em>ἀδι-</em></span> 
     </span>
    </p>
   </div>
   <div class='ocr_carea' id='block_1_6' title="bbox 195 1098 1609 1159">
    <p class='ocr_par' dir='ltr' id='par_1_6' title="bbox 195 1098 1609 1159">
     <span class='ocr_line' id='line_1_16' title="bbox 195 1098 1609 1159; baseline -0.003 -12"><span class='ocrx_word' id='word_1_109' title='bbox 195 1111 396 1157; x_wconf 82' lang='grc' dir='ltr'><em>κοῦντας,</em></span> <span class='ocrx_word' id='word_1_110' title='bbox 412 1102 614 1158; x_wconf 79' lang='grc' dir='ltr'><em>Ἡρώδης</em></span> <span class='ocrx_word' id='word_1_111' title='bbox 641 1101 701 1158; x_wconf 84' lang='grc' dir='ltr'><em>δ’,</em></span> <span class='ocrx_word' id='word_1_112' title='bbox 722 1102 790 1158; x_wconf 82' lang='grc' dir='ltr'><em>ἐφ’</em></span> <span class='ocrx_word' id='word_1_113' title='bbox 824 1098 889 1153; x_wconf 82' lang='grc' dir='ltr'><em>οἷς</em></span> <span class='ocrx_word' id='word_1_114' title='bbox 914 1104 1111 1158; x_wconf 86' lang='grc' dir='ltr'><em>ἠμύνατο</em></span> <span class='ocrx_word' id='word_1_115' title='bbox 1137 1103 1289 1159; x_wconf 82' lang='grc' dir='ltr'><em>τάχιον</em></span> <span class='ocrx_word' id='word_1_116' title='bbox 1315 1100 1547 1158; x_wconf 82' lang='grc' dir='ltr'><em>ὀργισθέν-</em></span> <span class='ocrx_word' id='word_1_117' title='bbox 1606 1135 1609 1136; x_wconf 25' lang='lat'><em>⁷</em></span> 
     </span>
    </p>
   </div>
   <div class='ocr_carea' id='block_1_7' title="bbox 195 1173 1548 2219">
    <p class='ocr_par' dir='ltr' id='par_1_7' title="bbox 195 1173 1548 1583">
     <span class='ocr_line' id='line_1_17' title="bbox 197 1173 1548 1231; baseline -0.001 -14"><span class='ocrx_word' id='word_1_118' title='bbox 197 1191 269 1225; x_wconf 89' lang='grc' dir='ltr'><em>τος</em></span> <span class='ocrx_word' id='word_1_119' title='bbox 301 1175 418 1231; x_wconf 76' lang='grc' dir='ltr'><em>αὐτῷ</em></span> <span class='ocrx_word' id='word_1_120' title='bbox 451 1176 687 1228; x_wconf 86' lang='grc' dir='ltr'><em>Καίσαρος,</em></span> <span class='ocrx_word' id='word_1_121' title='bbox 721 1173 888 1224; x_wconf 86' lang='grc' dir='ltr'><em>ἁπάσας</em></span> <span class='ocrx_word' id='word_1_122' title='bbox 918 1175 994 1224; x_wconf 84' lang='grc' dir='ltr'><em>τὰς</em></span> <span class='ocrx_word' id='word_1_123' title='bbox 1026 1176 1086 1224; x_wconf 87' lang='grc' dir='ltr'><em>είς</em></span> <span class='ocrx_word' id='word_1_124' title='bbox 1112 1173 1248 1216; x_wconf 87' lang='grc' dir='ltr'><em>αὑτὸν</em></span> <span class='ocrx_word' id='word_1_125' title='bbox 1273 1174 1548 1229; x_wconf 90' lang='grc' dir='ltr'><em>παρανομίας</em></span> 
     </span>
     <span class='ocr_line' id='line_1_18' title="bbox 197 1242 1548 1301; baseline -0.001 -14"><span class='ocrx_word' id='word_1_126' title='bbox 197 1246 350 1301; x_wconf 84' lang='grc' dir='ltr'><em>φέρειν</em></span> <span class='ocrx_word' id='word_1_127' title='bbox 382 1246 658 1300; x_wconf 81' lang='grc' dir='ltr'><em>ἠναγκάζετο.</em></span> <span class='ocrx_word' id='word_1_128' title='bbox 720 1245 866 1299; x_wconf 78' lang='grc'>&lt;299&gt;</span> <span class='ocrx_word' id='word_1_129' title='bbox 897 1243 1031 1299; x_wconf 88' lang='grc' dir='ltr'><em>πέρας</em></span> <span class='ocrx_word' id='word_1_130' title='bbox 1063 1243 1102 1286; x_wconf 76' lang='grc' dir='ltr'><em>δ’</em></span> <span class='ocrx_word' id='word_1_131' title='bbox 1141 1242 1273 1287; x_wconf 74' lang='grc' dir='ltr'><em>οὐδὲν</em></span> <span class='ocrx_word' id='word_1_132' title='bbox 1305 1244 1422 1298; x_wconf 86' lang='grc' dir='ltr'><em>ὁρῶν</em></span> <span class='ocrx_word' id='word_1_133' title='bbox 1459 1251 1548 1286; x_wconf 85' lang='grc' dir='ltr'><em>τῶν</em></span> 
     </span>
     <span class='ocr_line' id='line_1_19' title="bbox 195 1314 1547 1370; baseline -0.001 -12"><span class='ocrx_word' id='word_1_134' title='bbox 195 1317 499 1370; x_wconf 84' lang='grc' dir='ltr'><em>περιεστώτων</em></span> <span class='ocrx_word' id='word_1_135' title='bbox 530 1324 692 1370; x_wconf 84' lang='grc' dir='ltr'><em>κακῶν,</em></span> <span class='ocrx_word' id='word_1_136' title='bbox 725 1318 838 1370; x_wconf 79' lang='grc' dir='ltr'><em>ε”γνω</em></span> <span class='ocrx_word' id='word_1_137' title='bbox 869 1316 1003 1358; x_wconf 90' lang='grc' dir='ltr'><em>πάλιν</em></span> <span class='ocrx_word' id='word_1_138' title='bbox 1042 1317 1102 1365; x_wconf 84' lang='grc' dir='ltr'><em>εἰς</em></span> <span class='ocrx_word' id='word_1_139' title='bbox 1133 1314 1300 1370; x_wconf 85' lang='grc' dir='ltr'><em>Ῥώμην</em></span> <span class='ocrx_word' id='word_1_140' title='bbox 1339 1314 1547 1357; x_wconf 82' lang='grc' dir='ltr'><em>ἀποστέλ-</em></span> 
     </span>
     <span class='ocr_line' id='line_1_20' title="bbox 196 1387 1547 1441; baseline -0.001 -12"><span class='ocrx_word' id='word_1_141' title='bbox 196 1391 304 1441; x_wconf 88' lang='grc' dir='ltr'><em>λειν,</em></span> <span class='ocrx_word' id='word_1_142' title='bbox 343 1391 387 1429; x_wconf 79' lang='grc' dir='ltr'><em>εἴ</em></span> <span class='ocrx_word' id='word_1_143' title='bbox 424 1404 464 1429; x_wconf 92' lang='grc' dir='ltr'><em>τι</em></span> <span class='ocrx_word' id='word_1_144' title='bbox 510 1388 692 1429; x_wconf 85' lang='grc' dir='ltr'><em>δύναιτο</em></span> <span class='ocrx_word' id='word_1_145' title='bbox 738 1388 1027 1441; x_wconf 90' lang='grc' dir='ltr'><em>μετριώτερον</em></span> <span class='ocrx_word' id='word_1_146' title='bbox 1072 1387 1220 1439; x_wconf 80' lang='grc' dir='ltr'><em>εὑρεῖν</em></span> <span class='ocrx_word' id='word_1_147' title='bbox 1259 1387 1332 1428; x_wconf 89' lang='grc' dir='ltr'><em>διά</em></span> <span class='ocrx_word' id='word_1_148' title='bbox 1369 1401 1413 1428; x_wconf 89' lang='grc' dir='ltr'><em>τε</em></span> <span class='ocrx_word' id='word_1_149' title='bbox 1458 1393 1547 1427; x_wconf 86' lang='grc' dir='ltr'><em>τῶν</em></span> 
     </span>
     <span class='ocr_line' id='line_1_21' title="bbox 196 1456 1547 1513; baseline -0.002 -13"><span class='ocrx_word' id='word_1_150' title='bbox 196 1461 340 1513; x_wconf 83' lang='grc' dir='ltr'><em>φίλων</em></span> <span class='ocrx_word' id='word_1_151' title='bbox 380 1456 451 1499; x_wconf 83' lang='grc' dir='ltr'><em>καὶ</em></span> <span class='ocrx_word' id='word_1_152' title='bbox 494 1459 603 1512; x_wconf 89' lang='grc' dir='ltr'><em>πρὸς</em></span> <span class='ocrx_word' id='word_1_153' title='bbox 647 1457 782 1499; x_wconf 87' lang='grc' dir='ltr'><em>αὐτὸν</em></span> <span class='ocrx_word' id='word_1_154' title='bbox 822 1459 1023 1512; x_wconf 89' lang='grc' dir='ltr'><em>Καίσαρα</em></span> <span class='ocrx_word' id='word_1_155' title='bbox 1062 1458 1142 1511; x_wconf 88' lang='grc' dir='ltr'><em>τὴν</em></span> <span class='ocrx_word' id='word_1_156' title='bbox 1181 1456 1384 1511; x_wconf 87' lang='grc' dir='ltr'><em>ἐντυχίαν</em></span> <span class='ocrx_word' id='word_1_157' title='bbox 1422 1470 1547 1510; x_wconf 90' lang='grc' dir='ltr'><em>ποιη-</em></span> 
     </span>
     <span class='ocr_line' id='line_1_22' title="bbox 197 1529 396 1583; baseline 0.005 -13"><span class='ocrx_word' id='word_1_158' title='bbox 197 1529 396 1583; x_wconf 85' lang='grc' dir='ltr'><em>σάμενος.</em></span> 
     </span>
    </p>

    <p class='ocr_par' dir='ltr' id='par_1_8' title="bbox 195 1597 1546 2219">
     <span class='ocr_line' id='line_1_23' title="bbox 286 1597 1546 1654; baseline -0.002 -13"><span class='ocrx_word' id='word_1_159' title='bbox 286 1600 430 1654; x_wconf 82' lang='grc'>&lt;300&gt;</span> <span class='ocrx_word' id='word_1_160' title='bbox 467 1598 592 1641; x_wconf 84' lang='grc' dir='ltr'><em>κάκεῖ</em></span> <span class='ocrx_word' id='word_1_161' title='bbox 627 1597 707 1654; x_wconf 76' lang='grc' dir='ltr'><em>μὲν</em></span> <span class='ocrx_word' id='word_1_162' title='bbox 747 1599 769 1641; x_wconf 92' lang='grc' dir='ltr'>ὁ</span> <span class='ocrx_word' id='word_1_163' title='bbox 809 1600 1105 1654; x_wconf 86' lang='grc' dir='ltr'><em>Δαμασκηνὸς</em></span> <span class='ocrx_word' id='word_1_164' title='bbox 1142 1597 1272 1654; x_wconf 78' lang='grc' dir='ltr'><em>ἀπῄει</em></span> <span class='ocrx_word' id='word_1_165' title='bbox 1309 1600 1546 1652; x_wconf 84' lang='grc' dir='ltr'><em>Νικόλαος,</em></span> 
     </span>
     <span class='ocr_line' id='line_1_24' title="bbox 196 1667 1546 1725; baseline -0.001 -13"><span class='ocrx_word' id='word_1_166' title='bbox 196 1670 499 1725; x_wconf 80' lang='grc' dir='ltr'><em>ἐξετετάρακτο</em></span> <span class='ocrx_word' id='word_1_167' title='bbox 533 1668 582 1712; x_wconf 77' lang='grc' dir='ltr'><em>δὲ</em></span> <span class='ocrx_word' id='word_1_168' title='bbox 618 1671 671 1712; x_wconf 83' lang='grc' dir='ltr'><em>τὰ</em></span> <span class='ocrx_word' id='word_1_169' title='bbox 709 1668 809 1725; x_wconf 84' lang='grc' dir='ltr'><em>περὶ</em></span> <span class='ocrx_word' id='word_1_170' title='bbox 847 1670 927 1724; x_wconf 87' lang='grc' dir='ltr'><em>τὴν</em></span> <span class='ocrx_word' id='word_1_171' title='bbox 966 1670 1111 1711; x_wconf 81' lang='grc' dir='ltr'><em>οἰκίαν</em></span> <span class='ocrx_word' id='word_1_172' title='bbox 1142 1667 1214 1711; x_wconf 83' lang='grc' dir='ltr'><em>καὶ</em></span> <span class='ocrx_word' id='word_1_173' title='bbox 1255 1670 1357 1719; x_wconf 90' lang='grc' dir='ltr'><em>τοὺς</em></span> <span class='ocrx_word' id='word_1_174' title='bbox 1387 1670 1546 1719; x_wconf 90' lang='grc' dir='ltr'><em>παῖδας</em></span> 
     </span>
     <span class='ocr_line' id='line_1_25' title="bbox 196 1739 1544 1797; baseline -0.001 -14"><span class='ocrx_word' id='word_1_175' title='bbox 196 1741 313 1797; x_wconf 79' lang='grc' dir='ltr'><em>αὐτῷ</em></span> <span class='ocrx_word' id='word_1_176' title='bbox 345 1743 459 1783; x_wconf 88' lang='grc' dir='ltr'><em>πολὺ</em></span> <span class='ocrx_word' id='word_1_177' title='bbox 491 1749 640 1797; x_wconf 88' lang='grc' dir='ltr'><em>χεῖρον</em></span> <span class='ocrx_word' id='word_1_178' title='bbox 674 1741 886 1796; x_wconf 82' lang='grc' dir='ltr'><em>ἐσχηκότα</em></span> <span class='ocrx_word' id='word_1_179' title='bbox 917 1741 1026 1782; x_wconf 81' lang='grc' dir='ltr'><em>κατὰ</em></span> <span class='ocrx_word' id='word_1_180' title='bbox 1057 1741 1134 1782; x_wconf 93' lang='grc' dir='ltr'><em>τὸν</em></span> <span class='ocrx_word' id='word_1_181' title='bbox 1172 1741 1328 1794; x_wconf 88' lang='grc' dir='ltr'><em>καιρὸν</em></span> <span class='ocrx_word' id='word_1_182' title='bbox 1361 1739 1544 1782; x_wconf 84' lang='grc' dir='ltr'><em>ἐκεῖνον.</em></span> 
     </span>
     <span class='ocr_line' id='line_1_26' title="bbox 196 1809 1544 1867; baseline -0.001 -15"><span class='ocrx_word' id='word_1_183' title='bbox 196 1812 309 1861; x_wconf 82' lang='grc' dir='ltr'><em>ὅλως</em></span> <span class='ocrx_word' id='word_1_184' title='bbox 340 1809 419 1866; x_wconf 74' lang='grc' dir='ltr'><em>μὲν</em></span> <span class='ocrx_word' id='word_1_185' title='bbox 452 1812 533 1867; x_wconf 76' lang='grc' dir='ltr'><em>γὰρ</em></span> <span class='ocrx_word' id='word_1_186' title='bbox 567 1809 673 1854; x_wconf 74' lang='grc' dir='ltr'><em>οὐδὲ</em></span> <span class='ocrx_word' id='word_1_187' title='bbox 704 1813 783 1854; x_wconf 92' lang='grc' dir='ltr'><em>τὸν</em></span> <span class='ocrx_word' id='word_1_188' title='bbox 815 1813 1067 1865; x_wconf 78' lang='grc' dir='ltr'><em>ἔμπροσθεν</em></span> <span class='ocrx_word' id='word_1_189' title='bbox 1100 1813 1264 1866; x_wconf 89' lang='grc' dir='ltr'><em>χρόνον</em></span> <span class='ocrx_word' id='word_1_190' title='bbox 1293 1809 1544 1853; x_wconf 77' lang='grc' dir='ltr'><em>ἀσύνοπτον</em></span> 
     </span>
     <span class='ocr_line' id='line_1_27' title="bbox 198 1879 1543 1937; baseline 0 -15"><span class='ocrx_word' id='word_1_191' title='bbox 198 1879 251 1935; x_wconf 82' lang='grc' dir='ltr'><em>ἧν</em></span> <span class='ocrx_word' id='word_1_192' title='bbox 284 1882 341 1931; x_wconf 84' lang='grc' dir='ltr'><em>ὡς</em></span> <span class='ocrx_word' id='word_1_193' title='bbox 372 1883 420 1924; x_wconf 92' lang='grc' dir='ltr'><em>τὸ</em></span> <span class='ocrx_word' id='word_1_194' title='bbox 459 1881 665 1937; x_wconf 78' lang='grc' dir='ltr'><em>μέγιστον</em></span> <span class='ocrx_word' id='word_1_195' title='bbox 707 1881 778 1924; x_wconf 84' lang='grc' dir='ltr'><em>καὶ</em></span> <span class='ocrx_word' id='word_1_196' title='bbox 817 1881 1162 1937; x_wconf 83' lang='grc' dir='ltr'><em>δυσχερέστατον</em></span> <span class='ocrx_word' id='word_1_197' title='bbox 1193 1888 1282 1922; x_wconf 83' lang='grc' dir='ltr'><em>τῶν</em></span> <span class='ocrx_word' id='word_1_198' title='bbox 1320 1881 1543 1936; x_wconf 79' lang='grc' dir='ltr'><em>ἀνθρωπί-</em></span> 
     </span>
     <span class='ocr_line' id='line_1_28' title="bbox 195 1952 1542 2008; baseline -0.001 -14"><span class='ocrx_word' id='word_1_199' title='bbox 195 1968 287 1994; x_wconf 88' lang='grc' dir='ltr'><em>νων</em></span> <span class='ocrx_word' id='word_1_200' title='bbox 331 1957 490 1994; x_wconf 85' lang='grc' dir='ltr'><em>παθῶν</em></span> <span class='ocrx_word' id='word_1_201' title='bbox 534 1953 772 1994; x_wconf 78' lang='grc' dir='ltr'><em>ἀπειλεῖται</em></span> <span class='ocrx_word' id='word_1_202' title='bbox 820 1959 871 2007; x_wconf 76' lang='grc' dir='ltr'><em>τῇ</em></span> <span class='ocrx_word' id='word_1_203' title='bbox 916 1953 1116 2008; x_wconf 77' lang='grc' dir='ltr'><em>βασιλεία</em></span> <span class='ocrx_word' id='word_1_204' title='bbox 1160 1952 1232 1993; x_wconf 81' lang='grc' dir='ltr'><em>διὰ</em></span> <span class='ocrx_word' id='word_1_205' title='bbox 1275 1958 1350 2006; x_wconf 80' lang='grc' dir='ltr'><em>τῆς</em></span> <span class='ocrx_word' id='word_1_206' title='bbox 1393 1952 1542 2006; x_wconf 89' lang='grc' dir='ltr'><em>τύχης·</em></span> 
     </span>
     <span class='ocr_line' id='line_1_29' title="bbox 196 2021 1542 2078; baseline -0.001 -14"><span class='ocrx_word' id='word_1_207' title='bbox 196 2021 395 2077; x_wconf 83' lang='grc' dir='ltr'><em>ἐπέβαινε</em></span> <span class='ocrx_word' id='word_1_208' title='bbox 441 2021 489 2065; x_wconf 74' lang='grc' dir='ltr'><em>δὲ</em></span> <span class='ocrx_word' id='word_1_209' title='bbox 526 2022 599 2065; x_wconf 84' lang='grc' dir='ltr'><em>καὶ</em></span> <span class='ocrx_word' id='word_1_210' title='bbox 637 2027 804 2078; x_wconf 86' lang='grc' dir='ltr'><em>μᾶλλον</em></span> <span class='ocrx_word' id='word_1_211' title='bbox 843 2023 1016 2077; x_wconf 83' lang='grc' dir='ltr'><em>ηὐξήθη</em></span> <span class='ocrx_word' id='word_1_212' title='bbox 1054 2024 1151 2064; x_wconf 89' lang='grc' dir='ltr'><em>τότε</em></span> <span class='ocrx_word' id='word_1_213' title='bbox 1188 2022 1304 2075; x_wconf 84' lang='grc' dir='ltr'><em>παρὰ</em></span> <span class='ocrx_word' id='word_1_214' title='bbox 1336 2023 1542 2076; x_wconf 88' lang='grc' dir='ltr'><em>τοιαύτην</em></span> 
     </span>
     <span class='ocr_line' id='line_1_30' title="bbox 195 2092 1543 2149; baseline 0 -15"><span class='ocrx_word' id='word_1_215' title='bbox 195 2094 352 2135; x_wconf 88' lang='grc' dir='ltr'><em>αἰτίαν.</em></span> <span class='ocrx_word' id='word_1_216' title='bbox 414 2094 560 2148; x_wconf 83' lang='lat'>&lt;301&gt;</span> <span class='ocrx_word' id='word_1_217' title='bbox 586 2094 817 2149; x_wconf 80' lang='grc' dir='ltr'><em>Εὐρυκλῆς</em></span> <span class='ocrx_word' id='word_1_218' title='bbox 843 2093 927 2136; x_wconf 82' lang='grc' dir='ltr'><em>ἀπὸ</em></span> <span class='ocrx_word' id='word_1_219' title='bbox 948 2094 1294 2147; x_wconf 84' lang='grc' dir='ltr'><em>Λακεδαίμονος,</em></span> <span class='ocrx_word' id='word_1_220' title='bbox 1326 2092 1407 2134; x_wconf 90' lang='grc' dir='ltr'><em>οὐκ</em></span> <span class='ocrx_word' id='word_1_221' title='bbox 1439 2093 1543 2147; x_wconf 78' lang='grc' dir='ltr'><em>ἄση-</em></span> 
     </span>
     <span class='ocr_line' id='line_1_31' title="bbox 196 2162 1542 2219; baseline -0.001 -14"><span class='ocrx_word' id='word_1_222' title='bbox 196 2180 275 2218; x_wconf 85' lang='grc' dir='ltr'><em>μος</em></span> <span class='ocrx_word' id='word_1_223' title='bbox 318 2171 405 2206; x_wconf 87' lang='grc' dir='ltr'><em>τῶν</em></span> <span class='ocrx_word' id='word_1_224' title='bbox 450 2164 557 2218; x_wconf 84' lang='grc' dir='ltr'><em>ἐκεῖ,</em></span> <span class='ocrx_word' id='word_1_225' title='bbox 600 2166 730 2214; x_wconf 88' lang='grc' dir='ltr'><em>κακὸς</em></span> <span class='ocrx_word' id='word_1_226' title='bbox 774 2162 823 2206; x_wconf 75' lang='grc' dir='ltr'><em>δὲ</em></span> <span class='ocrx_word' id='word_1_227' title='bbox 860 2165 940 2219; x_wconf 85' lang='grc' dir='ltr'><em>τὴν</em></span> <span class='ocrx_word' id='word_1_228' title='bbox 977 2165 1124 2219; x_wconf 80' lang='grc' dir='ltr'><em>ψυχὴν</em></span> <span class='ocrx_word' id='word_1_229' title='bbox 1169 2164 1426 2218; x_wconf 77' lang='grc' dir='ltr'><em>ἅνθρωπος,</em></span> <span class='ocrx_word' id='word_1_230' title='bbox 1469 2162 1542 2205; x_wconf 82' lang='grc' dir='ltr'><em>καὶ</em></span> 
     </span>
    </p>
   </div>
   <div class='ocr_carea' id='block_1_8' title="bbox 1584 480 1600 505">
    <p class='ocr_par' dir='ltr' id='par_1_9' title="bbox 1584 480 1600 505">
     <span class='ocr_line' id='line_1_32' title="bbox 1584 480 1600 505; baseline 0 -2"><span class='ocrx_word' id='word_1_231' title='bbox 1584 480 1600 505; x_wconf 83' lang='grc'>5</span> 
     </span>
    </p>
   </div>
   <div class='ocr_carea' id='block_1_9' title="bbox 1567 834 1601 858">
    <p class='ocr_par' dir='ltr' id='par_1_10' title="bbox 1567 834 1601 858">
     <span class='ocr_line' id='line_1_33' title="bbox 1567 834 1601 858; baseline 0 0"><span class='ocrx_word' id='word_1_232' title='bbox 1567 834 1601 858; x_wconf 89' lang='grc'><em>10</em></span> 
     </span>
    </p>
   </div>
   <div class='ocr_carea' id='block_1_10' title="bbox 1567 1186 1601 1211">
    <p class='ocr_par' dir='ltr' id='par_1_11' title="bbox 1567 1186 1601 1211">
     <span class='ocr_line' id='line_1_34' title="bbox 1567 1186 1601 1211; baseline 0 0"><span class='ocrx_word' id='word_1_233' title='bbox 1567 1186 1601 1211; x_wconf 85' lang='lat'><em>15</em></span> 
     </span>
    </p>
   </div>
   <div class='ocr_carea' id='block_1_11' title="bbox 1564 1540 1598 1565">
    <p class='ocr_par' dir='ltr' id='par_1_12' title="bbox 1564 1540 1598 1565">
     <span class='ocr_line' id='line_1_35' title="bbox 1564 1540 1598 1565; baseline 0 0"><span class='ocrx_word' id='word_1_234' title='bbox 1564 1540 1598 1565; x_wconf 83' lang='lat'><em>20</em></span> 
     </span>
    </p>
   </div>
   <div class='ocr_carea' id='block_1_12' title="bbox 1564 1893 1597 1918">
    <p class='ocr_par' dir='ltr' id='par_1_13' title="bbox 1564 1893 1597 1918">
     <span class='ocr_line' id='line_1_36' title="bbox 1564 1893 1597 1918; baseline -0.03 0"><span class='ocrx_word' id='word_1_235' title='bbox 1564 1893 1597 1918; x_wconf 73' lang='lat'><em>23</em></span> 
     </span>
    </p>
   </div>
   <div class='ocr_carea' id='block_1_13' title="bbox 193 2232 1594 2290">
    <p class='ocr_par' dir='ltr' id='par_1_14' title="bbox 193 2232 1594 2290">
     <span class='ocr_line' id='line_1_37' title="bbox 193 2232 1594 2290; baseline 0.001 -15"><span class='ocrx_word' id='word_1_236' title='bbox 193 2235 292 2288; x_wconf 85' lang='grc' dir='ltr'><em>περὶ</em></span> <span class='ocrx_word' id='word_1_237' title='bbox 337 2236 510 2290; x_wconf 85' lang='grc' dir='ltr'><em>τρυφὴν</em></span> <span class='ocrx_word' id='word_1_238' title='bbox 554 2233 626 2277; x_wconf 80' lang='grc' dir='ltr'><em>καὶ</em></span> <span class='ocrx_word' id='word_1_239' title='bbox 670 2237 903 2277; x_wconf 86' lang='grc' dir='ltr'><em>κολακείαν</em></span> <span class='ocrx_word' id='word_1_240' title='bbox 948 2235 1091 2284; x_wconf 86' lang='grc' dir='ltr'><em>δεινὸς</em></span> <span class='ocrx_word' id='word_1_241' title='bbox 1138 2232 1344 2289; x_wconf 80' lang='grc' dir='ltr'><em>ἑκατέραν</em></span> <span class='ocrx_word' id='word_1_242' title='bbox 1393 2234 1541 2276; x_wconf 86' lang='grc' dir='ltr'><em>αὐτῶν</em></span> <span class='ocrx_word' id='word_1_243' title='bbox 1560 2245 1594 2272; x_wconf 84' lang='lat'><em>30</em></span> 
     </span>
    </p>
   </div>
   <div class='ocr_carea' id='block_1_14' title="bbox 291 2315 882 2359">
    <p class='ocr_par' dir='ltr' id='par_1_15' title="bbox 291 2315 882 2359">
     <span class='ocr_line' id='line_1_38' title="bbox 291 2315 882 2359; baseline 0 -10"><span class='ocrx_word' id='word_1_244' title='bbox 291 2319 310 2358; x_wconf 66' lang='grc' dir='ltr'><em>ς</em></span> <span class='ocrx_word' id='word_1_245' title='bbox 337 2318 406 2350; x_wconf 83' lang='grc'><em>300</em></span> <span class='ocrx_word' id='word_1_246' title='bbox 433 2315 476 2350; x_wconf 80' lang='lat' dir='ltr'><em>cf.</em></span> <span class='ocrx_word' id='word_1_247' title='bbox 503 2315 595 2350; x_wconf 77' lang='lat' dir='ltr'>Bell.</span> <span class='ocrx_word' id='word_1_248' title='bbox 621 2315 698 2350; x_wconf 81' lang='lat' dir='ltr'>Iud.</span> <span class='ocrx_word' id='word_1_249' title='bbox 726 2316 741 2349; x_wconf 85' lang='grc' dir='ltr'>Ι</span> <span class='ocrx_word' id='word_1_250' title='bbox 769 2319 823 2359; x_wconf 79' lang='lat'><em>26,</em></span> <span class='ocrx_word' id='word_1_251' title='bbox 853 2319 882 2350; x_wconf 86' lang='lat'><em>1.</em></span> 
     </span>
    </p>
   </div>
  </div>
 </body>
</html>
