1732 2526
238 59 322 100 142
730 62 1095 96 ΑΡΧΑΙΟΑΟΓΙΑΣ

235 166 340 209 ἑπτὰ
372 166 444 209 καὶ
483 166 795 222 ἑβδομήκοντα.
858 169 974 224 <33>
1017 169 1263 226 διαδέχεται
1303 169 1351 213 δὲ
1388 177 1447 228 τῷ
1480 174 1613 220 Και’-,

234 251 336 292 σαρι
380 240 460 293 τὴν
507 239 744 293 ἡγεμονίαν
791 239 991 294 Τιβέριος
1033 240 1214 295 Νέρων,
1260 248 1336 296 τῆς
1379 244 1588 296 γυναικὸς

234 310 370 352 αὐτοῦ
404 306 587 360 Ἰουλίας
624 310 720 359 υίὸς
759 310 831 351 ὤν.
893 313 1038 365 τρίτος
1077 313 1162 366 ἤδη
1204 309 1333 362 οὗτος
1373 313 1587 369 αὐτοκρά-

232 397 334 435 τωρ,
367 380 439 423 καὶ
465 382 657 435 πεμπτὸς
682 379 755 423 ὑπ’
787 381 924 423 αὐτοῦ
955 389 1101 437 παρῆν
1124 379 1355 432 Ἰουδαίοις
1385 385 1587 440 ἔπαρχος,

232 452 438 508 διάδοχος
465 449 642 494 Ἀννίου
669 450 882 507 Ῥούφου,
908 451 1123 508 ’ὃαλέριος
1154 455 1342 508 Γρᾶτος·
1393 454 1508 509 <34>
1540 455 1587 505 ὃς

229 524 400 573 παύσας
433 523 637 578 ἱερᾶσθαι
660 522 867 576 Ἄνανον,
896 521 1129 578 Ἰσμάηλον
1162 524 1366 580 ἀρχιερέα
1397 524 1586 580 ἀποφαί-

230 609 297 636 νει
331 595 405 636 τὸν
437 600 516 635 τοῦ
553 596 682 648 Φαβί.
743 592 816 635 καὶ
853 600 1012 636 τοῦτον
1051 592 1099 636 δὲ
1137 593 1226 649 μετ’
1265 596 1318 637 οὐ
1361 598 1474 638 πολὺ
1513 611 1586 650 με-

230 667 463 720 ταστήσας,
496 663 753 720 Ἐλεάζαρον
785 666 862 707 τὸν
889 663 1077 707 Ἀνάνου
1108 671 1187 708 τοῦ
1220 665 1452 722 ἀρχιερέως
1484 668 1586 709 υἱὸν

229 737 544 779 ἀποδείκνυσιν
576 734 791 791 ἀρχιερέα.
843 735 1046 778 ἐνιαυτοῦ
1080 734 1128 778 δὲ
1161 735 1479 792 διαγενομένου
1511 737 1584 780 καὶ

229 809 357 850 τόνδε
389 808 558 856 παύσας
590 809 764 861 Σίμωνι
795 813 854 863 τῷ
885 809 1096 861 Καμίθου
1135 808 1216 861 τὴν
1247 807 1582 864 ἀρχιερωσύνην

227 879 546 930 παραδίδωσιν.
607 878 722 932 <35>
761 877 814 919 οὐ
851 876 997 919 πλέων
1037 875 1084 919 δὲ
1122 877 1194 920 καὶ
1231 877 1337 935 τῷδ’
1377 879 1582 922 ἐνιαυτοῦ

226 949 307 1002 τὴν
338 950 468 1004 τιμὴν
500 950 644 1003 ἔχοντι
672 947 890 1002 διεγένετο
923 950 1095 1004 χρόνος,
1126 947 1198 990 καὶ
1219 944 1428 1003 Ἰώσηπος
1460 950 1482 992 ὁ
1508 949 1581 992 καὶ

227 1019 430 1074 Καϊάφας
468 1019 674 1074 διάδοχος
714 1016 769 1073 ἦν
810 1019 941 1076 αὐτῷ.
1003 1018 1074 1061 καὶ
1116 1022 1286 1075 Γρᾶτος
1325 1018 1406 1074 μὲν
1446 1028 1581 1064 ταῦτα

225 1090 390 1144 πράξας
426 1091 488 1140 εἰς
518 1087 687 1144 Ῥώμην
725 1089 1016 1145 ἐπαναχωρεῖ,
1054 1089 1194 1132 ἕνδεκ’
1239 1092 1310 1145 ἔτη
1351 1092 1581 1147 διατρίψας

227 1160 273 1203 ἐν
301 1158 510 1217 Ἰουδαία,
542 1163 735 1211 Πόντιος
768 1159 816 1203 δὲ
848 1165 1042 1212 Πιλᾶτος
1074 1163 1280 1217 διάδοχος
1311 1162 1428 1219 αὐτῷ
1461 1159 1578 1217 ἧκεν.

314 1232 430 1285 <36>
462 1230 666 1287 (Ηρώδης
703 1230 742 1274 δ’
786 1232 808 1274 ὁ
850 1232 1083 1287 τετράρχης
1125 1231 1216 1288 (ἐπὶ
1254 1231 1364 1287 μέγα
1403 1234 1486 1288 γὰρ
1524 1231 1580 1288 ἦν

224 1310 282 1361 τῷ
322 1305 508 1360 Τιβερίῳ
540 1305 689 1358 φιλίας
719 1302 975 1359 προελθών)
1009 1305 1304 1358 οἰκοδομεῖται
1341 1305 1473 1346 πόλιν
1506 1303 1578 1346 ἐπ-

225 1376 403 1429 ώνυμον
448 1374 564 1430 αὐτῷ
616 1375 871 1430 Τιβεριάδα,
921 1382 1013 1424 τοῖς
1061 1377 1307 1430 κρατίστοις
1358 1374 1579 1425 ἐπικτίσας

224 1445 362 1500 αὐτὴν
407 1452 483 1501 τῆς
526 1447 784 1499 Γαλιλαίας,
834 1444 903 1487 ἐπὶ
954 1447 1084 1502 λίμνῃ
1129 1451 1180 1501 τῇ
1226 1448 1268 1488 Γ
1263 1447 1577 1501 εννησαρίτιδι.

222 1517 366 1571 θερμὰ
401 1515 439 1558 δ’
472 1516 551 1559 οὐκ
577 1517 759 1558 ἄπωθεν
792 1518 911 1558 ἔστιν
938 1515 985 1558 ἐν
1011 1517 1153 1572 κώμῃ·
1193 1515 1412 1571 Ἐμμαοῦς
1444 1513 1572 1571 ὄνομ’

222 1587 343 1643 αὐτῇ.
407 1588 523 1641 <37>
557 1588 803 1642 συνήλυδες
834 1585 872 1628 δ’
912 1585 1092 1644 ᾤκισαν,
1126 1587 1206 1629 οὐκ
1239 1588 1392 1642 ὀλίγον
1425 1584 1473 1629 δὲ
1503 1586 1577 1629 καὶ

222 1660 269 1700 τὸ
304 1660 543 1701 Γαλιλαῖον
574 1655 651 1713 ἦν,
692 1657 765 1700 καὶ
804 1658 899 1700 ὅσοι
932 1655 1012 1713 μὲν
1051 1657 1099 1700 ἐκ
1130 1664 1205 1712 τῆς
1236 1655 1309 1700 ὑπ’
1348 1658 1464 1715 αὐτῷ
1497 1664 1577 1713 γῆς

221 1728 487 1783 ἀναγκαστοὶ
518 1728 590 1771 καὶ
621 1731 730 1784 πρὸς
759 1731 863 1784 βίαν
895 1731 958 1779 εἰς
986 1730 1067 1784 τὴν
1093 1731 1319 1771 κατοικίαν
1351 1728 1576 1784 ἀγόμενοι,

220 1798 337 1850 τινες
369 1798 418 1842 δὲ
449 1799 522 1842 καὶ
552 1808 641 1842 τῶν
681 1800 728 1842 ἐν
766 1799 889 1842 τέλει.
954 1799 1128 1850 ἐδέξατο
1169 1798 1208 1841 δ’
1245 1800 1395 1850 αὐτοῖς
1426 1802 1574 1842 συνοί-

219 1887 326 1921 κους
368 1870 440 1913 καὶ
481 1874 583 1921 τοὺς
631 1873 912 1927 πανταχόθεν
962 1869 1366 1925 ἐπισυναγομένους
1409 1871 1574 1925 ἄνδρας

1604 823 1638 848 10

1600 1175 1633 1201 15

1597 1530 1631 1555 20

1594 1883 1627 1909 25

219 1941 434 1996 ἀπόρους,
475 1944 565 1984 ἔστι
604 1939 643 1984 δ’
681 1942 759 1992 οὓς
795 1939 905 1997 μηδὲ
944 1949 1093 1996 σαφῶς
1131 1940 1414 1997 ἐλευθέρους,
1456 1941 1573 1996 <38>
1604 2000 1608 2001 ⁷

217 2013 358 2055 πολλά
390 2011 425 2055 τ’
458 2013 619 2063 αὐτοὺς
649 2012 754 2055 κάπὶ
784 2016 965 2062 πολλοῖς
990 2011 1269 2069 ἠλευθέρωσε
1295 2010 1366 2054 καὶ
1391 2011 1573 2068 εὐηργέ-

217 2095 369 2139 τησεν,
408 2083 665 2138 ἀνάγκασμα
701 2089 780 2126 τοῦ
818 2085 876 2139 μὴ
915 2083 1171 2134 ἀπολείψειν
1208 2084 1288 2138 τὴν
1317 2085 1449 2125 πόλιν
1481 2082 1572 2126 ἐπι-

217 2154 358 2205 τιθεὶς
388 2162 675 2205 κατασκευαῖς
706 2153 740 2196 τ’
781 2156 995 2208 οἰκήσεων
1026 2154 1169 2197 τέλεσι
1206 2161 1297 2204 τοῖς
1328 2155 1466 2197 αὑτοῦ
1497 2152 1570 2197 καὶ

217 2232 297 2281 γῆς
327 2225 537 2281 ἐπιδόσει,
569 2227 696 2275 εἰδὼς
727 2226 985 2281 παράνομον
1017 2227 1095 2268 τὸν
1125 2227 1326 2280 οἰκισμὸν
1359 2226 1466 2267 ὄντα
1497 2223 1570 2268 καὶ

217 2297 300 2340 ἀπὸ
340 2304 418 2340 τοῦ
451 2295 685 2347 Ἰουδαίοις
721 2299 908 2353 πατρίου
946 2297 1020 2338 διὰ
1056 2298 1105 2338 τὸ
1148 2295 1218 2339 ἐπὶ
1255 2297 1499 2352 μνήμασιν,
1542 2295 1569 2338 ἃ

1589 2236 1625 2263 30
