1732 2526
602 51 760 84 ENNEA
766 50 1040 83 KAIAEKATH
1409 47 1495 88 213

153 158 358 211 βασάνων
390 159 566 213 ἔχρῃζεν
599 156 621 198 ὁ
667 157 874 210 Τιμίδιος.
936 154 1007 197 καὶ
1052 156 1182 205 Γάιος
1212 153 1496 210 παρωξυμμέ-

153 244 228 278 νος
271 229 436 269 κελεύει
480 229 557 269 τὸν
603 225 795 280 Χαιρέαν
839 223 977 280 μηδὲν
1020 226 1083 274 εἰς
1129 225 1348 280 ἀναβολὰς
1397 221 1491 266 ἀλλ’

153 297 319 347 εὐθέως
350 299 599 351 βασανίζειν
630 298 710 350 τὴν
744 297 1020 349 Κυιντιλίαν,
1051 297 1274 350 χρώμενος
1306 301 1364 352 τῷ
1393 298 1496 337 Χαι-

154 367 230 424 ρέα
261 370 369 422 πρός
399 383 443 409 τε
476 368 526 408 τὰ
558 367 720 423 φονικὰ
746 365 817 408 καὶ
844 366 983 408 ὁπόσα
1015 368 1321 420 στρεβλώσεως
1354 364 1496 407 δέοιτο

120 450 135 473 -3
157 439 240 480 ὑπὸ
273 444 351 481 τοῦ
386 439 575 492 νομίζειν
603 438 824 492 ὠμότερον
851 437 1210 490 διακονήσεσθαι,
1240 437 1321 490 τὴν
1353 437 1498 477 λοιδο-

100 801 132 826 10

36 1175 41 1179 .
100 1153 132 1177 15

154 511 254 563 ρίαν
286 509 506 563 φεύγοντα
538 513 613 560 τῆς
644 508 867 561 μαλακίας.
932 507 1047 560 <35>
1081 508 1314 548 Κυιντιλία
1353 504 1391 547 δ’
1428 504 1499 547 ἐπὶ

153 581 233 633 τὴν
264 579 460 633 βάσανον
493 576 684 631 ἀγομένη
716 584 804 618 τῶν
832 579 1108 631 συνιστόρων
1134 571 1253 626 τινὸς
1284 576 1499 631 ἐπιβαίνει

153 655 211 705 τῷ
244 650 361 702 ποδί,
388 648 751 703 ἀποσημαίνουσα
776 653 964 703 θαρρεῖν
990 646 1063 689 καὶ
1089 649 1147 702 μὴ
1174 648 1249 696 τὰς
1277 647 1500 701 βασάνους

153 719 285 774 αὐτῆς
317 718 526 761 δεδιέναι·
561 720 745 761 διοίσειν
772 719 854 773 γὰρ
882 717 970 772 μετ’
1004 718 1320 774 ἀνδραγαθίας.
1366 720 1499 772 βασα-

152 792 258 840 νίζει
290 787 328 831 δ’
367 789 504 843 αὐτὴν
537 790 662 844 ὠμῶς
694 789 716 831 ὁ
753 788 955 843 Χαιρέας,
987 790 1106 831 ἄκων
1133 786 1213 843 μεν
1239 787 1329 830 κατ’
1367 788 1499 841 ἀνάγ-

151 876 228 910 κας
261 857 308 902 δὲ
340 861 416 910 τὰς
447 857 557 912 ὑπὲρ
590 860 741 912 αὑτοῦ,
773 858 845 901 καὶ
877 857 1015 913 μηδὲν
1049 859 1268 901 ἐνδοῦσαν
1300 856 1406 913 ἦγεν
1439 860 1500 908 είς

152 932 232 985 τὴν
265 932 368 981 ὄψιν
400 932 479 984 τὴν
519 932 672 983 Γαΐου,
714 928 993 984 διακειμένην
1036 930 1116 972 οὐκ
1157 929 1204 971 ἐν
1236 929 1375 984 ἡδονῇ
1407 937 1500 979 τοῖς

152 1005 387 1055 θεωροῦσι.
449 1001 564 1054 <36>
589 998 662 1041 καὶ
688 999 710 1041 ὁ
738 1000 870 1049 Γάιος
895 1001 1054 1041 παθών
1081 1016 1121 1041 τι
1147 1001 1255 1054 πρὸς
1287 1001 1367 1053 τὴν
1395 1001 1500 1050 ὄψιν

153 1074 227 1124 τῆς
245 1073 501 1120 Κυιντιλίας
528 1071 682 1119 δεινῶς
707 1069 791 1111 ὑπὸ
818 1077 905 1111 τῶν
926 1069 1187 1124 ἀλγηδόνων
1209 1069 1499 1123 διακειμένης,

151 1148 230 1183 τοῦ
263 1140 527 1195 ἐγκλήματος
558 1140 679 1194 ἠφίει
711 1138 783 1181 καὶ
822 1140 960 1194 αὐτὴν
998 1138 1069 1181 καὶ
1107 1142 1184 1182 τὸν
1217 1141 1498 1194 Πομπήδιον,

152 1211 322 1264 ἐκείνην
356 1208 403 1252 δὲ
435 1209 506 1252 καὶ
539 1210 770 1265 χρημάτων
797 1211 917 1252 δόσει
943 1217 1059 1267 τιμᾷ,
1088 1212 1371 1265 παραμυθίας
1402 1209 1498 1252 ἐσο-

151 1281 296 1337 μένων
329 1282 471 1335 λώβης
501 1281 556 1334 ἢν
589 1280 830 1335 ἐλελώβητο
862 1282 923 1330 εἰς
948 1281 1028 1335 τὴν
1054 1280 1316 1336 εὐπρέπειαν
1345 1288 1424 1323 τοῦ
1456 1279 1491 1322 τ’

110 1356 113 1357 ’
151 1352 375 1407 ἀφορήτου
407 1359 494 1393 τῶν
526 1351 796 1405 ἀλγηδόνων.

98 1506 132 1529 20

99 1855 132 1881 25

100 2208 134 2233 30

239 1423 353 1476 <37>
386 1428 521 1464 ταῦτα
554 1423 708 1471 δεινῶς
739 1422 891 1475 ἠνίασε
924 1424 1001 1464 τὸν
1040 1420 1232 1477 Χαιρέαν
1265 1423 1322 1472 ὡς
1353 1426 1494 1464 αἴτιον

151 1492 406 1547 ἀνθρώποις
442 1492 512 1534 καὶ
553 1485 644 1533 ἐπὶ·
667 1494 804 1533 Γαΐου
851 1495 1121 1547 παρηγορίας
1159 1492 1295 1543 ἀξίοις
1335 1501 1497 1546 κακῶν,

153 1564 258 1605 ὅσον
291 1559 356 1604 ἐπ’
392 1563 523 1620 αὐτῷ,
555 1565 812 1616 γενόμενον·
845 1565 957 1617 φησί
983 1579 1028 1604 τε
1060 1564 1168 1616 πρὸς
1192 1563 1422 1617 Κλήμεντά
1452 1579 1497 1605 τε

151 1633 223 1675 καὶ
256 1629 589 1687 Παπι’νιον,,ὦν
621 1635 802 1687 Κλήμης
834 1631 914 1687 μὲν
947 1632 1017 1675 ἐπὶ
1048 1641 1136 1675 τῶν
1173 1632 1495 1689 στρατοπέδων,

153 1706 370 1753 Παπίνιος
403 1702 449 1745 δὲ
483 1702 553 1744 καὶ
586 1703 715 1753 αὐτὸς
746 1701 800 1756 ἧν
842 1707 1093 1758 χιλιαρχῶν,
1135 1704 1238 1758 χ38>
1272 1703 1391 1746 (ἀλλ’
1427 1703 1497 1746 ἐπὶ

152 1778 325 1829 φυλακῇ
364 1789 432 1827 γε,
472 1770 504 1814 ὦ
548 1775 745 1828 Κλήμης,
785 1775 835 1815 τὰ
876 1774 1017 1816 πάντα
1055 1781 1133 1816 τοῦ
1177 1775 1498 1831 αὐτοκράτορος

153 1845 258 1899 ἡμῖν
288 1845 494 1899 πράττειν
528 1844 609 1886 οὐκ
647 1843 924 1886 ἐλλέλειπται.
992 1853 1080 1887 τῶν
1118 1846 1200 1900 γὰρ
1240 1858 1496 1900 συνομωμο-

152 1917 292 1957 κότων
326 1916 463 1957 αὐτοῦ
495 1915 602 1956 κατὰ
639 1921 715 1968 τῆς
751 1915 986 1969 ἡγεμονίας
1023 1918 1209 1972 προνοίᾳ
1240 1915 1313 1957 καὶ
1344 1918 1497 1965 πόνοις

152 1987 253 2035 τοὺς
297 1983 376 2039 μὲν
420 1984 752 2040 ἀπεκτείναμεν,
796 1988 897 2035 τοὺς
939 1983 977 2027 δ’
1028 1985 1385 2041 ἐστρεβλώσαμεν
1426 1986 1497 2028 ἐπὶ

152 2062 366 2098 τοσοῦτον
400 2055 457 2104 ὡς
489 2054 705 2104 ἐλεεινοὺς
735 2055 920 2112 κάκείνω
954 2054 1175 2109 γενέσθαι.
1221 2058 1326 2110 μετὰ
1357 2059 1497 2111 πόσης

152 2122 192 2167 τ’
235 2125 387 2182 ἀρετῆς
422 2125 527 2179 ἡμῖν
565 2124 759 2178 ἐξάγεται
801 2133 889 2168 τῶν
928 2127 1183 2181 στρατιῶν;’
1222 2127 1337 2182 <39>
1376 2129 1496 2181 σιγή-

155 2207 311 2246 σαντος
343 2194 392 2237 δὲ
423 2201 502 2237 τοῦ
536 2196 802 2249 Κλήμεντος,
834 2195 905 2237 καὶ
937 2198 985 2238 τὸ
1018 2194 1099 2250 μὲν
1131 2198 1315 2252 αἰσχύνῃ
1343 2196 1496 2253 φέρειν

153 2268 203 2308 τὰ
234 2268 587 2322 προσταττόμενα
619 2264 690 2306 καὶ
721 2271 779 2322 τῷ
812 2266 1022 2322 βλέμματι
1055 2266 1126 2309 καὶ
1159 2273 1216 2324 τῷ
1251 2266 1493 2323 ἐρυθήματι
