1732 2526
153 446 195 477 19

157 1859 202 1890 20

220 45 308 87 232
713 44 1077 78 ΑΡΧΑΙοΛοΓΙΑΣ

220 155 399 207 βουλῆς,
431 156 552 208 εἴπερ
585 153 648 202 εἰς
680 150 853 206 ἐκείνην
884 153 1112 207 περισταίη
1144 153 1192 193 τὸ
1224 151 1397 207 κράτος,
1427 151 1454 206 ἣ
1487 151 1590 210 ὑπὸ,

221 229 300 265 τοῦ
333 221 696 272 ἐπικαταστάντος
727 223 952 278 ἄρχοντος.

311 293 455 347 <152>
497 292 569 335 καὶ
607 294 653 336 οἱ
691 291 771 348 μὲν
809 295 1049 349 Γερμανοί,
1087 294 1128 334 εἰ
1173 292 1244 334 καὶ
1283 295 1430 348 μόλις,
1473 291 1567 335 ἀλλ’

223 361 305 405 οὖν
337 363 582 407 ἐπαύσαντο
609 365 773 419 λύσσης
798 370 873 418 τῆς
899 363 968 406 ἐπὶ
991 365 1128 406 Γαΐου
1155 369 1214 421 τῷ
1239 364 1419 422 θανάτῳ
1445 380 1573 406 κατα-

223 433 556 490 λαμβανομένης
588 435 758 484 αὐτούς.
803 436 948 489 <153>
981 433 1168 488 Χαιρέας
1195 433 1247 483 δέ
1271 434 1463 491 (σφόδρα
1489 435 1572 489 γὰρ

222 504 321 560 περὶ
364 508 643 562 Βινουκιανῷ
690 507 830 548 ε”δεισε
875 507 933 560 μὴ
987 507 1257 561 διαφθαρείη
1303 507 1437 562 μανίᾳ
1486 512 1574 548 τῶν

222 579 462 632 Γερμανῶν
494 575 762 632 περιπεσών)
791 576 974 619 ἕκαστόν
1001 592 1045 618 τε
1077 584 1165 619 τῶν
1192 583 1470 632 στρατιωτῶν
1502 592 1575 631 με-

222 645 330 702 τῄει,
360 652 693 703 προμηθεῖσθαι
724 654 799 702 τῆς
832 649 1046 703 σωτηρίας
1077 648 1214 690 αὐτοῦ
1249 647 1469 702 δεόμενος,
1502 646 1575 689 καὶ

222 719 281 772 μὴ
315 717 536 761 ἀπολώλοι
567 719 738 772 πολλὴν
765 717 960 768 ἐξέτασιν
988 720 1263 773 ποιούμενος.
1325 718 1470 772 <154>
1502 716 1575 759 καὶ

222 791 520 831 Βινουκιανὸν
558 787 638 843 μὲν
677 790 860 844 Κλήμης
898 788 1125 845 (ἀνάγεται
1162 790 1244 844 γὰρ
1291 787 1360 830 ἐπὶ
1397 788 1574 845 τοῦτον)

223 862 419 914 μεθίησι,
451 863 627 902 πολλῶν
655 858 743 914 μετ’
783 860 930 901 ἄλλων
956 863 1259 914 συγκλητικῶν
1286 860 1575 914 δικαιοσύνην

223 937 273 984 τῇ
306 930 458 986 πράξει
491 938 817 986 συμμαρτυρῶν
849 930 920 972 καὶ
954 930 1113 985 ἀρετὴν
1153 937 1243 980 τοῖς
1281 929 1575 985 ἐντεθυμημέ-

223 1017 318 1051 νοις
349 1000 421 1043 καὶ
453 1002 660 1056 πράττειν
691 1002 749 1056 μὴ
793 1001 1192 1044 ἀποδεδειλιακόσι·
1240 1001 1386 1055 <155>
1417 1017 1576 1054 τυραν-

226 1073 326 1113 νίδα
363 1073 446 1126 γὰρ
486 1074 548 1122 εἰς
589 1072 742 1126 ὀλίγον
781 1070 862 1126 μὲν
895 1071 1053 1114 ἀνθεῖν
1090 1071 1230 1127 ἡδονῇ
1272 1079 1351 1114 τοῦ
1383 1072 1575 1126 ὑβρίζειν

224 1142 509 1197 ἐπαρθεῖσαν,
543 1143 738 1198 εὐτυχεῖς
771 1141 809 1184 δ’
848 1143 928 1184 οὐκ
960 1143 1045 1197 ἄρα
1075 1147 1301 1184 ποιεῖσθαι
1334 1143 1408 1192 τὰς
1440 1142 1574 1184 ἀπαλ-

224 1214 358 1267 λαγὰς
390 1219 468 1255 τοῦ
500 1215 616 1267 βίου,
650 1216 766 1268 μίσει
798 1221 872 1268 τῆς
903 1213 1059 1269 ἀρετῆς
1090 1215 1200 1265 πρὸς
1241 1213 1378 1268 αὐτὴν
1410 1213 1576 1270 χρωμέ-

226 1300 316 1338 νης,
356 1284 500 1338 <Ῑ56>
539 1284 647 1326 ἀλλὰ
685 1285 791 1339 μετὰ
829 1285 1032 1339 τοιαύτης
1071 1285 1307 1339 δυστυχίας
1346 1284 1476 1340 ὁποίᾳ
1521 1285 1575 1338 δὴ

225 1354 362 1396 Γάιον
397 1357 650 1409 συνελθεῖν,
681 1356 765 1408 πρὸ
798 1362 885 1396 τῶν
913 1353 1252 1396 ἐπαναστάντων
1282 1353 1354 1395 καὶ
1388 1353 1577 1396 συνθέν-

226 1441 312 1466 των
354 1425 432 1479 τὴν
471 1423 673 1466 ἐπίθεσιν
715 1425 849 1467 αὐτὸν
889 1424 1125 1479 ἐπίβουλον
1165 1424 1281 1482 αὑτῷ
1321 1427 1577 1480 γενόμενον,

226 1494 299 1537 καὶ
327 1495 563 1545 διδάξαντα
591 1490 656 1545 οἷς
688 1496 879 1551 ὑβρίζων
906 1495 1126 1551 ἀφόρητος
1151 1493 1221 1550 ἧν,
1247 1495 1472 1550 ἀφανίζων
1497 1502 1577 1539 τοῦ

226 1567 367 1621 νόμου
412 1567 493 1620 τὴν
536 1568 774 1622 πρόνοιαν,
816 1566 991 1624 πολέμῳ
1041 1568 1150 1621 πρὸς
1200 1567 1334 1608 αὐτὸν
1384 1571 1577 1622 χρῆσθαι

225 1638 327 1686 τοὺς
364 1637 619 1691 φιλτάτους,
658 1635 730 1678 καὶ
769 1643 853 1679 νῦν
894 1639 1011 1694 λόγῳ
1051 1635 1131 1692 μὲν
1163 1634 1277 1680 εἶναι
1315 1638 1498 1687 τούτους
1535 1640 1581 1680 οἳ

227 1707 469 1762 ἀνῃρήκασι
502 1706 655 1760 Γάιον,
689 1708 801 1764 ε”ργῳ
835 1705 878 1749 δ’
916 1708 1052 1750 αὐτὸν
1084 1706 1159 1763 ὑφ’
1205 1707 1363 1750 ἑαυτοῦ
1400 1712 1578 1750 κεῖσθαι

227 1778 479 1819 διολωλότα.

318 1848 463 1901 <15ῖ>
496 1849 578 1902 ἤδη
611 1846 660 1889 δὲ
692 1847 763 1890 καὶ
795 1851 843 1891 τὸ
876 1848 1068 1903 θέατρον
1094 1849 1345 1900 ἐξανίστατο
1372 1856 1460 1891 τῶν
1492 1865 1575 1903 φυ-

227 1922 389 1971 λακῶν,
430 1917 502 1960 καὶ
541 1918 723 1974 ταραχαὶ
763 1920 881 1962 πάνυ
919 1920 1071 1976 πικραὶ
1104 1920 1308 1975 ἐγένοντο
1340 1927 1428 1962 τῶν
1459 1924 1575 1962 εἴσω.

227 1990 342 2029 αι’τιά
369 1986 410 2029 δ’
443 1985 499 2041 ἧν
525 1995 602 2030 τοῦ
629 1991 873 2044 προθύμως
900 1989 1252 2045 διαφευξομένου
1277 1998 1364 2033 τῶν
1389 1995 1575 2045 θεωρῶν

226 2059 418 2100 Λλκύων
451 2058 473 2100 ὁ
508 2059 667 2114 ἰατρός,
700 2059 1029 2115 συναρπασθεὶς
1060 2059 1139 2116 μὲν
1173 2061 1230 2111 ὡς
1261 2059 1331 2103 ἐπὶ
1361 2063 1577 2118 θεραπεία

226 2135 362 2171 τινῶν
393 2136 689 2184 τραυματιῶν,
722 2129 940 2186 ἐκπέμψας
972 2130 1020 2173 δὲ
1052 2133 1155 2181 τοὺς
1198 2133 1426 2185 συνόντας,
1459 2134 1575 2189 λόγῳ

1595 799 1629 824 10

1595 1152 1629 1178 15

1597 1508 1631 1533 20

1596 1861 1631 1887 25

227 2197 307 2254 μὲν
340 2199 397 2249 ὡς
428 2198 499 2241 καὶ
532 2200 930 2255 μετελευσομένους
962 2202 1102 2244 ὁπόσα
1133 2204 1195 2252 εἰς
1225 2203 1305 2256 τὴν
1339 2206 1456 2243 ἴασιν
1485 2209 1577 2251 τοῖς
1595 2213 1630 2239 3ο

227 2271 512 2325 τραυματίαις
551 2271 806 2326 πρόσφορα,
846 2273 894 2314 τὸ
940 2270 982 2313 δ’
1031 2269 1195 2327 ἀληθὲς
1239 2272 1296 2322 ὡς
1342 2271 1574 2315 ἀπέσοιντο
