1732 2526
201 98 286 140 122
694 97 1058 131 APXAIOAOPIAZ

200 213 439 262 φοιτῶντες
471 202 528 247 δι’
566 205 729 247 αὑτῶν
764 203 786 246 ὃ
821 202 869 245 δὲ
902 203 1094 258 διάδημα
1125 200 1414 257 περιθέμενος
1445 204 1550 257 βου-

200 278 431 333 λευτηριόν
474 274 508 318 τ’
559 273 666 330 ἦγεν
711 274 780 317 ἐπὶ
823 282 915 324 τοῖς
952 272 1170 328 ποιητέοις
1206 271 1278 315 καὶ
1316 273 1367 314 τὰ
1410 265 1576 314 πάντά

200 349 353 403 γνώμῃ
385 346 648 402 ἀνακείμενα
679 343 766 402 εἶχε
805 352 855 401 τῇ
896 345 1044 387 αὑτοῦ.
1114 344 1259 398 <281>
1300 342 1476 398 διέμενέ
1508 341 1544 384 τ’

201 417 270 461 ἐπὶ
309 420 422 460 πολὺ
460 419 573 475 τῷδε
613 423 673 474 τῷ
712 415 841 471 ἀνδρὶ
874 416 900 470 ἡ
943 417 1080 471 ἰσχύς,
1121 417 1296 470 βασιλεῖ
1323 429 1368 456 τε
1400 417 1551 469 κεκλη-

201 488 318 548 μένῳ
350 488 422 531 καὶ
454 489 480 531 ἃ
511 488 717 543 πράττειν
751 486 899 529 ἐθέλοι
925 488 983 542 μὴ
1011 484 1388 543 ἀποστερουμένῳ.
1427 487 1550 542 φόνῳ

200 576 246 602 τε
277 559 350 602 καὶ
381 560 511 609 αὐτὸς
542 557 614 601 καὶ
647 556 833 613 ἁδελφοὶ
864 554 977 612 ἦσαν
1009 555 1079 598 ἐπὶ
1105 555 1214 611 μέγα
1242 557 1551 611 προσκείμενοι

194 630 418 686 Ῥωμαίων
461 646 507 672 τε
546 628 619 671 καὶ
662 636 750 670 τῶν
793 631 1033 683 βασιλικῶν
1084 629 1199 681 μίσει
1249 627 1553 676 πολιτεύοντες

202 703 364 757 ὁμοίως
406 703 514 757 πρὸς
551 698 840 756 ἀμφοτέρους,
882 699 1065 748 τούτους
1102 696 1183 752 μὲν
1219 698 1346 753 ὕβρει
1384 693 1411 753 ἧ
1450 698 1553 753 χρή-

202 786 352 815 σαιντο
392 771 461 814 ἐπὶ
499 778 574 826 τῆς
604 770 811 827 ἹΙρώδου
850 770 997 826 ἀρχῆς,
1031 768 1269 824 Ῥωμαίους
1308 767 1345 810 δ’
1391 765 1453 811 ὧν
1491 769 1553 818 εἰς

201 846 249 886 τὸ
287 845 431 899 παρὸν
475 842 631 893 ἔδοξαν
674 841 855 883 ἀδικεῖν.
928 841 1074 896 <282>
1113 841 1347 895 προϊόντος
1386 837 1434 880 δὲ
1473 845 1552 881 τοῦ

201 916 366 971 χρόνου
401 912 472 956 καὶ
506 912 574 955 ἐπὶ
605 912 740 955 πλέον
780 912 940 967 ὁμοίως
978 911 1262 968 ἐξηγρίωσαν.
1325 908 1554 965 διάφευξίς

200 984 236 1027 τ’
276 985 355 1028 οὐκ
387 982 443 1039 ἦν
474 991 565 1034 τοῖς
596 991 730 1026 πᾶσιν
765 982 968 1038 ἐμπεσεῖν
994 983 1046 1024 τὰ
1073 979 1153 1037 μὲν
1179 980 1365 1037 κέρδους
1392 980 1552 1035 ἐλπίδι,

200 1057 252 1098 τὰ
298 1054 345 1098 δὲ
390 1054 462 1098 καὶ
508 1056 726 1111 συνηθείᾳ
769 1060 848 1096 τοῦ
893 1054 1114 1108 φονεύειν.
1184 1052 1452 1094 ἐπιτίθενται
1503 1050 1557 1093 δέ

201 1142 305 1170 ποτε
343 1126 414 1169 καὶ
446 1125 670 1181 Ῥωμαίων
708 1127 823 1183 λόχῳ
861 1125 969 1166 κατὰ
1007 1123 1305 1179 Ἐμμαοῦντα,
1343 1125 1389 1164 οἳ
1430 1124 1552 1164 σῖτόν
1614 1128 1616 1130 ’

201 1214 246 1240 τε
290 1196 363 1240 καὶ
408 1198 520 1240 ὅπλα
563 1204 639 1252 τῆς
683 1202 884 1251 στρατιᾶς
929 1197 1106 1251 ἔφερον·
1157 1193 1229 1236 καὶ
1272 1193 1553 1246 περιστάντες

190 1268 367 1324 ’Ἀρειον
393 1266 474 1323 μὲν
499 1269 577 1310 τὸν
604 1266 938 1322 ἑκατόνταρχον,
971 1266 1018 1315 ὃς
1044 1265 1190 1320 ἡγεῖτο
1217 1271 1295 1307 τοῦ
1321 1264 1552 1319 τάγματος,

202 1338 274 1382 καὶ
306 1339 624 1395 τετταράκοντα
656 1345 743 1380 τῶν
780 1335 880 1393 περὶ
918 1337 1053 1379 αὐτὸν
1094 1338 1235 1387 πεζῶν
1273 1337 1376 1384 τοὺς
1407 1337 1552 1391 κρατί-

203 1422 332 1460 στους
357 1411 684 1464 κατηκόντιζον·
711 1408 856 1463 <283>
878 1408 924 1450 οὗ
947 1405 996 1449 δὲ
1021 1405 1168 1449 λοιποὶ
1195 1407 1419 1456 δείσαντες
1443 1406 1553 1461 πρὸς

202 1483 250 1524 τὸ
283 1481 428 1530 πάθος
459 1480 618 1534 αὐτῶν,
651 1479 824 1535 Γράτου
857 1480 941 1520 σὺν
978 1486 1070 1527 τοῖς
1100 1480 1342 1532 βασιλικοῖς
1381 1478 1425 1518 οἳ
1453 1475 1553 1531 περὶ

203 1553 339 1594 αὐτὸν
377 1549 490 1606 ἦσαν
535 1549 694 1605 σκέπης
738 1550 887 1599 αὐτοῖς
917 1547 1169 1603 γενομένης,
1209 1549 1419 1598 σώζονται
1451 1549 1554 1598 τοὺς

203 1625 387 1679 νεκροὺς
418 1625 739 1671 καταλιπόντες.
784 1619 856 1662 καὶ
888 1622 1031 1663 πολὺν
1057 1617 1138 1674 μὲν
1163 1621 1326 1675 χρόνον
1358 1633 1553 1661 τοιουτο-

203 1696 382 1749 τρόποις
419 1694 637 1749 χρώμενοι
676 1692 852 1748 μάχαις,
883 1690 1122 1746 Ῥωμαίους
1158 1706 1202 1732 τε
1240 1690 1554 1745 παρελύπησαν

204 1766 285 1808 οὐκ
325 1765 451 1819 ὀλίγα
488 1762 561 1806 καὶ
598 1765 647 1806 τὸ
689 1765 823 1813 ἔθνος
855 1762 1079 1804 ἐκάκωσαν
1119 1760 1190 1804 ἐπὶ
1221 1761 1342 1816 μέγα.
1406 1761 1552 1815 <284>

204 1841 454 1892 χειροῦνται
487 1833 524 1876 δ’
565 1831 647 1877 οὖν
679 1836 824 1891 χρόνῳ
856 1833 1059 1888 ὕστερον,
1091 1832 1114 1874 ὃ
1147 1830 1227 1887 μὲν
1260 1832 1414 1890 Γράτῳ
1448 1843 1554 1886 συμ-

205 1907 354 1961 βαλὼν
387 1906 409 1947 ὃ
449 1903 497 1947 δὲ
536 1907 815 1962 Πτολεμαίῳ·
857 1902 930 1946 καὶ
961 1905 1039 1946 τὸν
1074 1903 1376 1959 πρεσβύτατον
1410 1901 1553 1959 Ἀρχε-

207 1978 317 2020 λάου
350 1979 575 2031 λαβόντος,
608 1976 631 2018 ὁ
664 1979 912 2026 τελευταῖος
942 1975 1077 2017 πάθει
1109 1990 1153 2016 τε
1186 1980 1246 2031 τῷ
1281 1973 1452 2016 ἐκείνου
1485 1977 1555 2016 λε-

205 2046 469 2102 λυπημένος,
500 2045 572 2088 καὶ
604 2048 772 2102 ἄπορον
806 2044 875 2088 ἐπὶ
907 2044 1044 2088 πλέον
1069 2046 1186 2101 ὁρῶν
1220 2045 1301 2099 τὴν
1334 2046 1554 2101 σωτηρίαν

207 2120 293 2162 ὑπὸ
324 2119 558 2173 μονώσεως
588 2117 659 2159 καὶ
692 2119 887 2173 καμάτου
920 2121 1102 2170 πολλοῦ,
1129 2115 1346 2168 ψιλωθεὶς
1376 2122 1452 2170 τῆς
1478 2117 1555 2158 δυ-

207 2190 378 2245 νάμεως
409 2187 478 2231 ἐπὶ
512 2188 672 2239 δεξιαῖς
697 2187 770 2230 καὶ
795 2191 937 2230 πίστει
968 2195 1048 2230 τοῦ
1073 2189 1203 2230 θείου
1224 2186 1442 2244 Ἀρχελάῳ
1475 2201 1555 2229 πα-

206 2262 448 2316 ραδίδωσιν
481 2260 629 2302 αὑτόν.

302 2345 320 2383 ἓ
347 2344 414 2375 282
443 2340 487 2376 ef.
514 2340 606 2376 Bell.
633 2340 709 2375 Iud.
738 2340 771 2374 ΙΙ
797 2344 828 2384 4,
857 2344 887 2375 3

1573 854 1606 879 10

1573 1207 1605 1234 15

1573 1562 1607 1587 20

1574 1916 1606 1942 25

1575 2271 1609 2295 30
