1732 2526
723 74 837 106 ΒΙΟΣ
1371 72 1458 114 325

106 178 178 221 καὶ
205 181 394 234 καταβὰς
426 181 487 230 εἰς
520 179 755 234 Τιβεριάδα
780 181 996 234 πρόνοιαν
1023 180 1342 234 εἰσηνεγκάμην
1369 188 1459 222 τῶν

106 253 345 305 βασιλικῶν
379 258 563 303 σκευῶν,
596 251 676 292 ὅσα
718 251 911 291 δυνατὸν
948 247 1003 304 ἣν
1041 252 1142 300 τοὺς
1180 250 1459 304 ἁρπάσαντας

107 320 362 375 ἀφελέσθαι.
407 322 582 376 λυχνίαι
617 317 657 361 δ’
695 317 807 374 ἦσαν
828 322 1069 374 Κορίνθιαι
1096 328 1231 362 ταῦτα
1258 319 1329 361 καὶ
1357 321 1458 375 τρά-

105 394 227 442 πεζαι
264 399 352 433 τῶν
392 394 631 445 βασιλικῶν
675 389 747 431 καὶ
792 390 963 444 ἀσήμου
1007 391 1220 445 ἀργυρίου
1264 393 1460 445 σταθμὸς

71 474 86 498 5
107 463 266 511 ἱκανός.
328 462 468 504 πάντα
502 459 540 503 δ’
580 461 660 503 ὅσα
687 460 956 515 παρέλαβον,
982 461 1218 515 φυλάττειν
1244 467 1302 517 τῷ
1336 464 1460 515 βασι-

106 536 175 574 λεῖ
203 534 365 587 ἔκρινα.
427 532 543 586 <69>
575 531 967 585 μεταπεμψάμενος
999 528 1080 573 οὗν
1114 533 1216 581 τοὺς
1248 538 1322 585 τῆς
1355 534 1461 586 βου-

105 607 182 657 λῆς
225 605 425 659 πρώτους
469 602 573 644 δέκα
618 600 690 643 καὶ
735 602 969 644 Κάπελλον
1013 603 1091 644 τὸν
1130 600 1368 643 Ἀντύλλου
1407 604 1459 643 τὰ

106 674 238 727 σκεύη
270 672 518 728 παρέδωκα,
544 671 701 727 μηδενὶ
727 676 1023 726 παραγγείλας
1049 671 1180 729 ἑτέρῳ
1209 673 1324 726 πλὴν
1351 673 1460 727 ἐμοῦ

106 745 274 786 δοῦναι.
339 744 466 798 <70>
509 743 717 785 κάκεῖθεν
767 745 830 792 εἰς
879 745 930 784 τὰ
982 745 1175 798 Γίσχαλα
1225 745 1333 798 πρὸς
1383 745 1460 785 τὸν

53 827 84 851 10
101 812 313 868 Ἰωάννην
346 815 451 869 μετὰ
483 822 569 856 τῶν
609 812 924 868 συμπρέσβεων
962 813 1210 868 ἀφικόμην,
1248 816 1460 868 βουλόμε-

104 901 180 934 νος
212 893 379 938 γνῶναι
411 887 456 926 τί
478 900 580 927 ποτε
609 891 778 938 φρονεῖ.
823 886 1027 926 κατεῖδον
1054 883 1098 926 δ’
1130 884 1264 926 αὐτὸν
1298 883 1461 939 ταχέως

104 954 331 1008 νεωτέρων
365 956 632 1010 ὀρεγόμενον
673 956 940 1009 πραγμάτων
977 954 1050 996 καὶ
1091 961 1166 1009 τῆς
1203 955 1338 1010 ἀρχῆς
1370 955 1460 997 ἐπι-

103 1029 274 1080 θυμίαν
307 1027 475 1080 ἔχοντα.
531 1026 646 1080 <ῖ1>
677 1026 911 1080 παρεκάλει
943 1026 1025 1081 γάρ
1053 1041 1104 1079 με
1132 1028 1209 1067 τὸν
1236 1028 1461 1081 Καίσαρος

105 1104 229 1138 σῖτον
260 1099 464 1150 κείμενον
496 1096 544 1138 ἐν
574 1104 668 1145 ταῖς
700 1103 775 1150 τῆς
806 1097 984 1137 ἄνωθεν
1019 1099 1258 1146 Γαλιλαίας
1295 1097 1461 1151 κώμαις

0 1168 4 1172 ”
52 1180 84 1205 15
105 1167 309 1217 ἐξουσίαν
342 1168 459 1223 αὐτῷ
495 1168 653 1208 δοῦναι
679 1166 941 1222 ἐκφορῆσαι·
973 1165 1126 1208 θέλειν
1158 1168 1241 1221 γὰρ
1268 1168 1460 1221 ἔφασκεν

104 1239 166 1287 εἰς
198 1237 432 1292 ἐπισκευὴν
464 1245 551 1279 τῶν
583 1243 659 1290 τῆς
688 1238 899 1292 πατρίδος
930 1245 1085 1292 τειχῶν
1121 1237 1256 1279 αὐτὸν
1289 1236 1459 1279 ἀναλῶ-

105 1320 189 1350 σαι.
252 1309 367 1362 <72>
399 1310 673 1362 κατανοήσας
706 1306 744 1349 δ’
784 1307 868 1362 ἐγὼ
901 1308 981 1361 τὴν
1019 1307 1288 1363 ἐπιχείρησιν
1321 1308 1458 1350 αὐτοῦ

104 1378 176 1420 καὶ
209 1382 253 1420 τί
282 1380 504 1421 διανοοῖτο
535 1379 757 1433 πράττειν,
790 1378 871 1420 οὐκ
898 1380 1009 1433 ἔφην
1043 1379 1159 1434 αὐτῷ
1195 1386 1458 1433 συγχωρεῖν·

105 1449 131 1503 ἢ
157 1453 240 1504 γὰρ
254 1447 481 1503 Ῥωμαίοις
501 1448 636 1491 αὐτὸν
659 1448 930 1503 ἐνενοούμην
950 1449 1202 1503 φυλάττειν,
1221 1449 1247 1503 ἢ
1271 1448 1458 1505 ἐμαυτῷ,

51 1532 84 1558 20
108 1521 180 1562 διὰ
222 1522 269 1562 τὸ
309 1518 380 1561 καὶ
419 1520 499 1573 τὴν
538 1518 741 1569 ἐξουσίαν
780 1526 868 1560 τῶν
901 1519 990 1560 ἐκεῖ
1027 1519 1296 1574 πραγμάτων
1328 1520 1459 1570 αὐτὸς

104 1592 221 1645 παρὰ
265 1596 344 1632 τοῦ
387 1596 542 1632 κοινοῦ
586 1597 674 1631 τῶν
717 1588 1082 1645 Ἱεροσολυμιτῶν
1125 1595 1457 1632 πεπιστεῦσθαι.

105 1661 221 1715 <73>
259 1661 315 1715 μὴ
361 1663 533 1702 πείθων
573 1660 626 1702 δέ
664 1676 715 1714 με
759 1659 860 1715 περὶ
897 1661 1066 1702 τούτων
1106 1659 1173 1701 ἐπὶ
1212 1663 1315 1710 τοὺς
1352 1673 1459 1715 συμ-

103 1730 306 1786 πρέσβεις
355 1731 581 1784 ἐτράπετο·
631 1730 705 1773 καὶ
754 1732 837 1786 γὰρ
887 1728 1000 1785 ἦσαν
1052 1730 1319 1786 ἀπρονόητοι
1369 1740 1457 1773 τῶν

104 1801 327 1856 ἐσομένων
358 1800 430 1842 καὶ
462 1805 614 1856 λαβεῖν
648 1800 931 1856 ἑτοιμότατοι.
994 1803 1172 1857 φθείρει
1214 1800 1262 1843 δὲ
1293 1805 1457 1858 χρήμα-

51 1887 83 1911 25
105 1884 176 1915 σιν
208 1872 370 1921 αὐτοὺς
400 1874 682 1927 ψηφίσασθαι
713 1873 855 1914 πάντα
893 1874 970 1914 τὸν
1004 1880 1126 1914 σῖτον
1165 1872 1278 1930 αὐτᾷ
1319 1888 1456 1927 παρα-

105 1945 298 1997 δοθῆναι
342 1944 419 1985 τὸν
464 1942 511 1984 ἐν
554 1949 604 1998 τῇ
644 1943 780 1985 αὐτοῦ
820 1942 1003 1998 ἐπαρχία
1046 1946 1261 1998 κείμενον.
1336 1943 1455 1998 κάγὼ

105 2017 253 2069 μόνος,
286 2013 532 2068 ἡττώμενος
562 2013 647 2055 ὑπὸ
681 2014 778 2067 δύο,
816 2015 896 2067 τὴν
936 2014 1123 2069 ἡσυχίαν
1154 2012 1277 2068 ἦγον.
1339 2015 1454 2069 <74>

103 2083 175 2127 καὶ
220 2083 431 2135 δευτέραν
468 2082 677 2138 Ἰωάννης
726 2083 976 2140 ἐπεισέφερε
1026 2088 1320 2140 πανουργίαν·
1372 2088 1454 2140 ἔφη

103 2156 187 2211 γὰρ
214 2154 458 2204 Ἰουδαίους
488 2157 591 2204 τοὺς
622 2156 702 2209 τὴν
739 2158 962 2198 Φιλίππου
1000 2156 1273 2210 Καισάρειαν
1309 2172 1454 2198 κατοι-

50 2239 84 2264 3ο
103 2232 305 2280 κοῦντας,
338 2225 757 2280 συγκεκλεισμένους
794 2227 902 2268 κατὰ
941 2228 1193 2281 προσταγὴν
1219 2233 1298 2269 τοῦ
1329 2229 1454 2281 βασι-

104 2296 213 2347 λέως
254 2298 340 2339 ὑπὸ
384 2297 564 2338 Μοδιόυ
608 2303 686 2338 τοῦ
729 2297 809 2350 τὴν
854 2298 1117 2339 δυναστείαν
1163 2299 1452 2351 διοικοῦντος,
