1732 2526
235 48 322 89 362
793 46 1021 80 mmmm*

235 161 312 198 τοῦ
345 153 425 210 μὲν
458 156 534 197 τὸν
559 155 751 208 πόλεμον
781 152 1102 208 ἐπελαφρύνειν
1128 152 1276 201 αὐτοῖς
1301 151 1582 207 ἀμελοῦντος,

236 225 283 267 ἐν
321 232 506 280 τρυφαῖς
544 222 591 266 δὲ
631 224 869 277 διάγοντος.
932 224 1087 277 <285>
1130 229 1264 265 ταῦτα
1301 220 1349 264 δὲ
1382 221 1582 276 λέγοντες

234 296 490 351 προύφερον
523 295 750 344 ἐπιστολὰς
780 294 982 349 τέτταρας
1015 294 1072 343 ὡς
1109 294 1193 335 ὑπὸ
1225 300 1313 334 τῶν
1346 291 1394 334 ἐν
1425 298 1475 347 τῇ
1508 308 1581 347 με-

236 368 372 422 θορίᾳ
411 372 485 420 τῆς
523 368 758 415 Γαλιλαίας
798 364 1097 420 γεγραμμένας
1137 366 1245 419 πρὸς
1288 364 1468 418 αὐτούς,
1513 362 1581 406 ἐπὶ

237 438 451 490 βοήθειαν
477 437 599 490 ἥκειν
625 436 995 490 παρακαλούντων
1022 433 1258 490 (Ῥωμαίων
1283 435 1365 489 γὰρ
1392 435 1582 489 δύναμιν

237 505 413 560 μέλλειν
453 505 618 548 ἱππέων
655 522 699 548 τε
737 504 809 548 καὶ
845 508 985 556 πεζῶν
1022 507 1083 555 είς
1124 508 1272 559 τρίτην
1304 504 1470 559 ἡμέραν
1502 505 1582 558 τὴν

237 578 385 632 χώραν
426 577 570 619 αὐτῶν
612 576 855 631 λεηλατεῖν)
898 576 1176 618 ἐπισπεύδειν
1216 591 1260 617 τε
1301 574 1374 617 καὶ
1411 576 1468 630 μὴ
1510 589 1583 617 πε-

237 652 482 702 ριοφθῆναι
515 646 749 701 δεομένων.
811 647 954 701 <286>
987 644 1104 687 ταῦτ’
1137 646 1402 696 ἀκούσαντες
1433 646 1479 688 οἱ
1512 649 1583 687 Τι-

238 720 418 772 βεριεῖς,
460 716 605 771 λέγειν
645 717 790 771 ἀληθῆ
834 717 1038 767 δόξαντες
1079 717 1258 770 αὐτούς,
1302 718 1584 771 καταβοήσεις

239 789 484 841 ἐποιοῦντο,
516 790 574 842 μὴ
600 787 870 838 καθέζεσθαί
891 803 942 842 με
970 788 1063 829 δεῖν
1090 786 1304 841 λέγοντες,
1330 785 1422 828 ἀλλ’
1456 787 1584 829 ἀπελ-

237 864 340 900 θεῖν
383 859 728 913 ἐπικουρήσοντα
769 865 860 907 τοῖς
901 857 1165 912 ὁμοεθνέσιν
1206 858 1361 899 αὐτῶν.
1429 857 1584 911 <287>

237 931 345 983 πρὸς
382 927 499 970 ταῦτ’
539 929 622 982 ἐγώ
663 928 850 983 (συνῆκα
887 929 969 983 γὰρ
1007 929 1086 982 τὴν
1126 927 1324 970 ἐπίνοιαν
1362 935 1448 969 τῶν
1486 925 1585 981 περὶ

238 1002 314 1042 τὸν
348 998 585 1056 Ἰωνάθην)
626 999 957 1041 ὑπακούσεσθαι
997 997 1077 1053 μὲν
1118 1000 1230 1053 ἔφην
1272 997 1471 1053 ἑτοίμως,
1513 995 1586 1039 καὶ

238 1069 370 1125 χωρὶς
402 1070 619 1125 ἀναβολῆς
651 1071 860 1125 ὁρμήσειν
898 1071 1006 1125 πρὸς
1043 1071 1120 1111 τὸν
1157 1071 1350 1124 πόλεμον
1388 1068 1585 1123 ἐπηγγει-

239 1141 398 1195 λάμην·
442 1142 767 1195 συνεβούλευον
794 1139 832 1182 δ’
864 1141 993 1195 ὅμως,
1027 1138 1119 1182 ἐπεὶ
1145 1141 1196 1182 τὰ
1223 1141 1452 1194 γράμματα
1477 1139 1585 1180 κατὰ

238 1211 442 1267 τέτταρας
481 1214 641 1261 τόπους
675 1210 910 1265 Ῥωμαίους
952 1213 1152 1265 σημαίνει
1192 1212 1481 1264 προσβαλεῖν,
1525 1211 1586 1259 εἰς

238 1282 364 1324 πέντε
406 1285 560 1337 μοίρας
602 1284 827 1330 διελόντας
867 1282 946 1335 τὴν
988 1282 1178 1335 δύναμιν
1220 1278 1375 1334 ἑκάστῃ
1415 1281 1585 1322 τούτων

240 1353 464 1407 ἐπιστῆσαι
502 1355 605 1402 τοὺς
642 1351 740 1406 περὶ
779 1353 855 1393 τὸν
883 1349 1101 1404 Ἰωνάθην
1139 1351 1210 1392 καὶ
1248 1352 1350 1400 τοὺς
1387 1349 1586 1405 ἑταίρους

239 1424 392 1465 αὐτοῦ·
427 1424 569 1477 <288>
596 1422 776 1475 πρέπειν
803 1423 884 1476 γὰρ
912 1421 1126 1474 ἀνδράσιν
1152 1420 1338 1474 ἀγαθοῖς
1363 1421 1420 1474 μὴ
1447 1422 1585 1475 μόνον

238 1495 576 1549 συμβουλεύειν,
608 1493 717 1535 ἀλλὰ
749 1492 820 1534 καὶ
853 1495 999 1547 χρείας
1027 1491 1283 1545 ἐπειγούσης
1314 1490 1586 1545 ἡγουμένους

239 1568 439 1619 βοηθεῖν·
487 1564 569 1618 ἐγὼ
608 1564 690 1617 γὰρ
729 1564 844 1617 πλὴν
881 1569 981 1617 μιᾶς
1018 1564 1173 1617 μοίρας
1209 1561 1289 1603 οὐκ
1327 1563 1439 1616 ἔφην
1478 1561 1587 1616 ἀφη-

241 1641 414 1690 γεῖσθαι
442 1635 627 1683 δυνατὸς
653 1631 778 1675 εἶναι.
834 1634 976 1686 <289>
1011 1633 1182 1687 σφόδρα
1211 1638 1269 1689 τῷ
1295 1634 1457 1687 πλήθει
1483 1643 1587 1674 συν-

238 1710 396 1762 ήρεσεν
437 1706 462 1759 ἡ
505 1704 584 1758 ἐμὴ
627 1706 883 1758 συμβουλία.
946 1703 1175 1752 κάκείνους
1218 1699 1299 1744 οὗν
1342 1702 1586 1756 ἠνάγκαζον

242 1776 310 1819 ἐπὶ
337 1778 413 1818 τὸν
439 1778 631 1829 πόλεμον
658 1773 827 1825 ἐξιέναι.
884 1781 974 1823 τοῖς
1000 1771 1038 1815 δ’
1071 1774 1167 1815 οὔτι
1194 1775 1377 1827 μετρίως
1404 1773 1583 1828 συνεχύ-

240 1852 387 1901 θησαν
420 1847 470 1888 αἱ
497 1853 666 1900 γνῶμαι
699 1846 756 1899 μὴ
789 1842 1182 1898 κατεργασαμένοις
1214 1843 1239 1885 ἃ
1273 1844 1585 1897 διενοήθησαν,

243 1917 349 1972 ἐμοῦ
381 1924 472 1966 τοῖς
505 1916 832 1970 ἐπιχειρήμασιν
865 1915 1009 1956 αὐτῶν
1042 1913 1531 1967 ἀντιστρατηγήσαντος.

331 1988 485 2041 <290>
535 1981 596 2036 εἷς
647 1985 698 2027 δέ
743 2002 806 2035 τις
856 1985 898 2036 ἐξ
949 1985 1095 2026 αὐτῶν
1134 1982 1334 2033 Ἀνανίας
1377 1983 1586 2038 τοῦνομα,

241 2059 432 2113 πονηρὸς
464 2057 574 2111 ἀνὴρ
602 2055 673 2098 καὶ
699 2062 955 2110 κακοῦργος,
989 2056 1168 2109 γνώμην
1195 2055 1338 2108 εἰσῆγε
1364 2060 1455 2102 τοῖς
1480 2055 1586 2107 πλή-

242 2134 343 2170 θεσι
369 2125 584 2181 πανδημεὶ
610 2129 816 2181 νηστείαν
843 2127 903 2175 εἰς
928 2126 1008 2179 τὴν
1035 2124 1245 2167 ἐπιοῦσαν
1278 2130 1336 2181 τῷ
1362 2128 1453 2180 θεῷ
1480 2137 1586 2177 προ-

241 2199 425 2252 θέσθαι,
466 2196 537 2239 καὶ
578 2199 685 2239 κατὰ
726 2198 805 2251 τὴν
844 2197 981 2250 αὐτὴν
1019 2196 1139 2249 ὥραν
1177 2194 1373 2236 ἐκέλευεν
1411 2195 1473 2243 εἰς
1509 2194 1586 2236 τὸν

241 2271 377 2312 αὐτὸν
408 2270 543 2310 τόπον
576 2267 767 2316 ἀόπλους
792 2273 1010 2320 παρεῖναι,
1042 2272 1100 2322 τῷ
1125 2269 1216 2321 θεῷ
1244 2265 1438 2319 φανερὸν
1463 2265 1587 2318 ποιή-

1605 801 1637 826 10

1606 1152 1638 1178 15

1604 1504 1639 1530 20

1605 1855 1639 1881 25

1605 2206 1639 2231 30
