1732 2526
34 853 68 878 10

38 1205 69 1230 15

38 1557 70 1582 20

39 1909 72 1934 25

546 103 982 135 ENNEAmmEKATH
1346 101 1432 142 239

87 225 226 263 μακον
258 215 317 264 τῷ
354 211 471 266 Γαΐῳ
506 209 643 264 δούσῃ
676 207 862 250 ἐννοιῶν
896 209 1116 250 δούλωσιν
1150 207 1220 249 καὶ
1260 208 1433 262 ἐρώτων

90 279 317 333 ἐπαγωγὰς
343 279 459 336 αὐτῷ
487 279 809 333 ψηφιούμενον,
837 279 894 328 ὡς
921 280 982 327 εἰς
1008 281 1171 332 μανίαν
1197 279 1432 332 μεταστάν-

87 366 160 399 τος
198 351 248 391 τὰ
295 347 420 390 πάντ’
469 349 606 402 αὐτὴν
650 346 762 391 εἶναι
800 349 881 402 τὴν
927 348 1321 403 νεναυπηγημένην
1363 347 1433 390 ἐπὶ

87 418 411 474 ταῖςῬωμαίων
432 420 580 473 τύχαις
605 418 676 460 καὶ
702 425 778 472 τῆς
798 418 1094 473 ὑποτελούσης
1121 418 1268 468 αὐτοῖς
1289 421 1433 460 οἰκου-

87 489 229 544 μένης.
292 490 438 543 <194>
470 488 542 530 καὶ
573 488 706 542 πέρας
737 486 942 543 κυρωθὲν
977 486 1078 530 ὥστ’
1116 489 1254 543 αὐτὴν
1290 493 1433 531 τελευ-

86 566 165 602 τᾶν
210 557 361 614 (οὐδὲν
405 560 487 613 γὰρ
532 560 578 601 οἱ
618 558 971 609 ἀποσπεύδοντες
1015 553 1106 600 οἷοί
1151 557 1189 600 τ’
1247 559 1433 613 ὠφελεῖν

86 627 218 685 ἦσαν)
251 629 474 672 ἐστέλλετο
507 630 530 672 ὁ
563 633 759 679 Λοῦπος·
792 629 1058 684 ἐβραδύνετο
1092 627 1130 670 δ’
1170 627 1303 671 οὐδὲν
1334 633 1433 684 μελ-

86 701 208 752 λήσει
240 706 289 754 τῇ
322 698 412 741 κατ’
450 701 583 742 αὐτὸν
616 701 724 742 ὥστε
758 702 815 754 μὴ
850 700 930 742 οὐκ
963 701 1024 749 εἰς
1049 701 1203 754 καιρὸν
1237 701 1433 742 δεδιακο-

86 774 250 823 νῆσθαι
282 778 372 819 τοῖς
397 770 702 825 ἀπεσταλκόσι,
727 770 875 812 θέλων
903 769 969 811 ἐπ’
1002 770 1213 824 οὐδαμοῖς
1244 772 1434 825 μεμπτὸς

87 837 199 882 εἶναι
225 848 312 882 τῶν
340 839 403 882 ἐπ’
437 841 627 897 ὠφελείᾳ
653 848 731 884 τοῦ
758 843 900 895 δήμου
927 840 1244 895 πεποιημένων.
1288 842 1432 894 <195>

87 911 324 964 παρελθὼν
369 910 405 952 δ’
461 911 529 953 ἐπὶ
578 918 655 955 τοῦ
706 914 932 966 βασιλείου
983 912 1304 966 καταλαμβάνει
1354 913 1433 965 τὴν

88 983 345 1023 Καισωνίαν
377 981 509 1036 (γυνὴ
544 982 581 1024 δ’
620 980 674 1036 ἧν
707 990 784 1025 τοῦ
818 985 859 1023 Γ
856 981 976 1038 α’ίου)
1001 981 1434 1037 παρακατακειμένην

88 1058 146 1108 τῷ
181 1053 346 1106 σώματι
377 1052 564 1107 τάνδρὸς
595 1059 849 1108 χαμαιπετῆ,
881 1051 951 1093 καὶ
983 1053 1160 1094 πάντων
1201 1052 1247 1093 ἐν
1280 1052 1435 1108 ἀτυχίᾳ

89 1119 151 1164 ὧν
188 1121 395 1177 χαρίζοιτ’
440 1122 495 1164 ἂν
535 1123 557 1165 ὁ
589 1125 723 1177 νόμος
761 1130 851 1172 τοῖς
892 1129 1174 1176 μεταστᾶσιν,
1213 1123 1364 1177 αἵματί
1392 1120 1430 1162 τ’

89 1191 459 1248 ἀναπεφυρμένην
498 1191 544 1234 ἐκ
582 1200 669 1234 τῶν
707 1193 967 1247 τραυμάτων
1000 1191 1071 1234 καὶ
1109 1195 1248 1247 πολλῇ
1280 1198 1330 1247 τῇ
1362 1208 1435 1233 τα-

89 1266 306 1319 λαιπωρία
332 1262 686 1318 συμφερομένην,
717 1271 791 1317 τῆς
816 1265 1038 1317 θυγατρὸς
1063 1262 1432 1318 παρερριμμένης·

90 1335 272 1388 ἠκούετό
299 1332 334 1375 τ’
366 1333 414 1375 ἐν
439 1341 530 1384 τοῖς
555 1332 739 1376 τοιοῖσδ’
773 1332 906 1376 οὐδὲν
938 1333 1087 1388 ἕτερον
1114 1333 1139 1386 ἣ
1166 1333 1435 1387 κατάμεμψις

90 1411 168 1447 τοῦ
201 1407 242 1445 Γ
238 1407 339 1446 αΐου
372 1405 429 1454 ὡς
460 1406 657 1459 πιθανὴν
690 1405 743 1447 οὐ
783 1406 963 1460 σχόντος
1002 1404 1209 1453 πολλάκις
1245 1418 1434 1458 προηγο-

91 1483 299 1529 ρευκυῖαν
332 1475 480 1530 αὐτήν.
543 1477 686 1529 <196>
721 1474 785 1517 ἐπ’
821 1475 1043 1530 ἀμφότερα
1077 1474 1115 1515 δ’
1155 1472 1282 1524 οὗτος
1315 1474 1336 1515 ὁ
1364 1476 1435 1516 λό-

90 1562 166 1598 γος
197 1544 268 1587 καὶ
300 1544 385 1588 τότ’
423 1546 627 1599 εἰκάζετο,
668 1545 739 1587 καὶ
771 1552 854 1588 νῦν
894 1545 961 1600 ἐφ’
1006 1547 1173 1600 ὁμοίοις
1212 1547 1436 1599 πρόκειται

90 1622 141 1670 τῇ
175 1615 356 1672 διανοιάἶ
381 1624 468 1658 τῶν
502 1616 742 1671 ἀκροατῶν,
768 1618 875 1671 πρὸς
902 1617 924 1658 ὅ
957 1633 996 1657 τι
1031 1618 1268 1669 θελήσειαν
1300 1615 1436 1670 ῥοπὰς

91 1687 166 1735 τὰς
198 1687 342 1728 αὐτῶν
374 1686 750 1741 προστιθεμένων.
813 1690 857 1728 οἳ
887 1685 966 1741 μὲν
1005 1687 1086 1740 γὰρ
1119 1685 1435 1740 ἀποσημαίνειν

92 1758 261 1810 ε”φασαν
312 1757 388 1798 τὸν
439 1758 572 1810 λόγον
623 1757 680 1806 ὡς
730 1755 1144 1811 συμβουλευομένης
1187 1755 1434 1798 ἀποστάντα

92 1834 261 1881 μανιῶν
303 1825 373 1867 καὶ
412 1833 490 1868 τοῦ
531 1829 592 1876 εἰς
629 1830 730 1877 τοὺς
766 1830 944 1877 πολίτας
983 1827 1104 1882 ὠμοῦ
1143 1829 1324 1881 μετρίως
1364 1825 1435 1867 καὶ

93 1895 185 1951 μετ’
221 1897 374 1950 ἀρετῆς
407 1896 658 1951 ἐξηγεῖσθαι
690 1907 776 1940 τῶν
814 1898 1094 1953 πραγμάτων,
1126 1898 1183 1952 μὴ
1222 1895 1322 1952 παρ’
1360 1897 1435 1938 αὐ-

92 1974 180 2009 τῶν
211 1966 454 2009 ἀπολέσθαι
486 1970 631 2026 τρόπῳ
664 1975 722 2025 τῷ
755 1970 891 2011 αὐτοῦ
923 1970 1164 2024 χρώμενον·
1216 1968 1360 2021 <197>
1395 1970 1440 2009 οἳ

94 2036 133 2080 δ’
171 2038 228 2087 ὡς
259 2040 393 2092 λόγου
427 2045 505 2080 τοῦ
536 2038 635 2093 περὶ
661 2047 748 2081 τῶν
775 2047 1043 2094 συνωμοτῶν
1074 2039 1437 2093 ἐπιφοιτήσαντος

94 2110 212 2164 Γαΐῳ
245 2109 462 2150 κελεύσειε
495 2107 632 2162 μηδὲν
664 2111 725 2160 εἰς
756 2110 975 2164 ἀναβολὰς
1008 2108 1103 2150 ἀλλ’
1140 2109 1185 2150 ἐκ
1211 2115 1289 2150 τοῦ
1317 2107 1437 2158 ὀξέος

93 2179 258 2228 πάντας
298 2179 710 2234 μεταχειρισάμενον
751 2181 925 2233 αὐτούς,
966 2180 1048 2222 κᾶν
1091 2180 1131 2221 εἰ
1167 2176 1304 2233 μηδὲν
1343 2178 1436 2219 ἀδι-

43 2260 76 2285 30
95 2256 232 2303 κοῖεν,
265 2248 311 2291 ἐν
343 2249 466 2291 ἀδεεῖ
494 2251 718 2292 κινδύνων
750 2257 1027 2305 καταστῆναι,
1065 2249 1136 2292 καὶ
1169 2247 1284 2291 τοῦτ’
1323 2246 1436 2290 εἶναι

95 2319 143 2360 τὸ
183 2318 562 2374 ἐπονειδιζόμενον
600 2321 657 2370 ὡς
699 2323 1074 2377 προηγορευκυίας
1112 2318 1437 2375 διαπράξασθαι
