1732 2526
234 80 255 120 1
264 81 319 122 80
725 82 1089 115 ΑΡΧΑΙΟΛΟΓΙΑΣ

232 186 302 229 ἐπὶ
341 194 433 237 τοῖς
471 186 726 243 ἀνθρώποις
762 189 841 243 τὴν
881 187 1083 239 ἐξουσίαν
1121 195 1212 238 τοῖς
1253 192 1506 243 θεωροῦσιν
1537 187 1584 230 ἐκ
1616 227 1620 232 .

234 262 457 313 λογισμῶν
490 258 674 314 ἀπορίας
705 274 749 300 τε
782 265 856 313 τῆς
887 261 1102 314 πρότερον
1134 257 1207 300 καὶ
1239 264 1318 301 τοῦ
1345 258 1393 300 ἐν
1418 265 1478 315 τῷ
1505 272 1585 300 πα-

233 331 357 384 ρόντι
389 329 663 384 εὐδαίμονος.
726 328 797 370 καὶ
831 331 876 371 οἳ
905 326 985 383 μὲν
1012 328 1272 384 ἐμακάριζον
1299 335 1379 371 τοῦ
1406 330 1463 384 μὴ
1491 330 1585 371 δια-

231 402 391 456 μαρτίᾳ
435 399 712 455 χρησαμένου
756 407 844 442 τῶν
890 399 1102 453 ἐλπίδων,
1147 402 1192 441 οἳ
1233 398 1271 441 δ’
1317 399 1364 441 ἐν
1409 399 1585 456 ἀπιστία

231 470 329 526 περὶ
362 478 450 513 τῶν
482 473 733 525 γεγονότων
764 467 888 524 ἦσαν.

323 541 470 595 <24Ο>
496 539 720 597 “Ηρωδιὰς
753 540 794 582 δ’
829 540 855 594 ἡ
888 540 1056 595 ἀδελφὴ
1083 547 1161 582 τοῦ
1180 539 1405 594 Ἀγρίππα,
1439 552 1586 582 συνοι-

232 619 371 654 κοῦσα
396 610 576 668 εΗρώδῃ
610 611 866 668 (τετράρχης
905 609 942 653 δ’
988 608 1114 661 οὗτος
1160 608 1215 664 ἧν
1248 613 1485 660 Γαλιλαίας
1515 609 1585 652 καὶ

232 683 470 738 Περαίας),
525 684 684 740 φθόνῳ
745 681 967 737 τάδελφοῦ
1017 683 1097 737 τὴν
1148 681 1352 732 ἐξουσίαν
1404 680 1587 736 ἐδέχετο,

232 754 379 808 ὁρῶσα
412 752 460 795 ἐν
493 755 608 795 πολὺ
641 755 808 807 μείζονι
847 752 1054 807 ἀξιώματι
1093 752 1388 807 γεγενημένον
1426 752 1588 807 ἀνδρὸς

232 830 310 866 τοῦ
338 824 486 878 αὑτῆς,
513 824 586 865 διὰ
612 824 661 865 τὸ
693 830 811 879 φυγῇ
839 821 919 878 μὲν
951 826 1045 866 τότε
1076 826 1347 878 ποιήσασθαι
1380 825 1459 878 τὴν
1492 822 1583 873 ἕξο-

235 896 332 949 δον,
365 895 571 937 διαλῦσαι
606 895 656 935 τὰ
683 893 789 949 χρέα
816 895 873 948 μὴ
901 894 1166 949 δυνάμενον,
1191 894 1392 936 κάθοδον
1419 891 1466 935 δὲ
1493 890 1583 948 μετ’

234 964 478 1020 ἀξιώματος
516 964 588 1006 καὶ
628 965 742 1006 οὕτω
782 968 951 1007 πολλοῦ
990 972 1068 1007 τοῦ
1107 965 1380 1020 εὐδαίμονος.
1443 964 1588 1018 <241>

235 1035 436 1078 ἐλυπεῖτο
470 1032 552 1077 οὖν
585 1033 656 1077 καὶ
689 1034 856 1090 βαρέως
889 1037 1016 1091 ἔφερε
1049 1042 1099 1090 τῇ
1128 1034 1196 1077 ἐπὶ
1222 1042 1436 1078 τοσοῦτον
1462 1050 1589 1089 μετα-

235 1109 361 1161 βολῇ,
387 1104 460 1147 καὶ
487 1106 691 1159 μάλιστα,
718 1106 846 1148 ὁπότε
873 1106 1083 1148 θεάσαιτο
1117 1107 1223 1160 μετὰ
1249 1114 1336 1148 τῶν
1363 1107 1589 1147 εἰωθότων

232 1178 505 1231 παρασήμων
537 1182 611 1230 τῆς
643 1179 868 1230 βασιλείας
900 1176 1193 1232 ἐπιφοιτῶντα
1225 1184 1315 1227 τοῖς
1355 1178 1588 1230 πλήθεσιν,

233 1247 577 1303 ἐπικρύπτεσθαι
608 1247 688 1289 οὐκ
715 1247 911 1303 ἠνείχετο
934 1249 1014 1302 τὴν
1035 1249 1276 1303 δυστυχίαν
1295 1254 1375 1290 τοῦ
1395 1249 1589 1302 φθόνου,

234 1317 345 1360 ἀλλὰ
389 1319 467 1359 τὸν
512 1319 655 1372 ἄνδρα
707 1317 855 1373 ἐξῇρε,
905 1319 1146 1361 κελεύουσα
1196 1317 1265 1360 ἐπὶ
1315 1324 1391 1371 τῆς
1429 1316 1591 1372 Ῥώμης

231 1392 360 1431 πλεῖν
393 1387 462 1430 ἐπὶ
494 1391 707 1445 μνηστείᾳ
738 1396 826 1430 τῶν
861 1393 988 1430 ἴσων·
1026 1389 1172 1443 <242>
1206 1389 1258 1430 οὐ
1291 1389 1374 1443 γὰρ
1408 1388 1590 1431 ἀνεκτὸν

232 1456 350 1501 εἷναί
386 1470 510 1514 σφισι
548 1461 596 1501 τὸ
638 1461 732 1514 ζῆν,
771 1461 811 1501 ει’
844 1456 1086 1515 Ἀγρίππας
1127 1457 1468 1515 Ἀριστοβούλου
1510 1458 1591 1514 μὲν

234 1530 329 1580 υίὸς
355 1531 432 1584 ὤν,
465 1534 626 1572 θανεῖν
651 1530 737 1572 ὑπὸ
763 1537 842 1573 τοῦ
868 1531 1030 1585 πατρὸς
1055 1528 1434 1584 κατεγνωσμένου,
1462 1532 1592 1587 πενία

235 1600 276 1642 δ’
312 1600 461 1658 ἀπόρῳ
495 1602 644 1642 συνὼν
677 1599 777 1643 ὡστ’
817 1599 923 1658 ἐλέῳ
959 1600 1075 1658 αὐτῷ
1116 1600 1483 1656 ἐπικουφίζεσθαι
1520 1600 1591 1642 τά-

234 1678 422 1725 ναγκαῖα
453 1670 558 1726 τάφ’
596 1671 771 1727 ἡμέρας,
803 1678 923 1727 φυγῇ
958 1669 1006 1713 δὲ
1038 1678 1125 1713 τῶν
1159 1672 1484 1714 δεδανεικότων
1515 1673 1591 1714 τὸν

232 1746 376 1784 πλοῦν
408 1741 714 1797 πεποιημένος,
757 1742 1078 1796 ἐπανεληλύθοι
1110 1743 1330 1796 βασιλεύς,
1372 1741 1502 1791 αὐτὸς
1541 1740 1594 1783 δέ

234 1811 273 1867 γ’
320 1813 381 1854 ὢν
418 1821 519 1863 παῖς
557 1811 785 1867 βασιλέως,
822 1811 895 1854 καὶ
933 1819 1011 1854 τοῦ
1052 1819 1294 1866 συγγενοῦς
1338 1819 1413 1867 τῆς
1453 1812 1586 1867 ἀρχῆς

233 1886 474 1932 καλοῦντος
507 1883 642 1925 αὐτὸν
676 1882 745 1925 ἐπὶ
777 1885 1056 1937 μεταποιήσει
1087 1890 1175 1924 τῶν
1205 1887 1328 1937 ἴσων,
1354 1880 1586 1932 καθέζοιτο

235 1952 416 2007 ἀγαπῶν
462 1953 508 1995 ἐν
554 1955 747 2010 ἰδιωτείᾳ
792 1955 1033 2009 διαβιοῦν,
1069 1954 1214 2009 <243>
1259 1951 1378 1995 (ἀλλ’
1433 1954 1475 1994 ει’
1513 1951 1587 1994 καὶ

235 2025 452 2078 πρότερόν
485 2040 549 2078 γε,
575 2023 770 2080 “Ηρώδη,
802 2022 940 2079 μηδὲν
973 2023 1122 2066 ἐλύπει
1155 2035 1202 2066 σε
1228 2026 1279 2066 τὸ
1314 2024 1362 2066 ἐν
1394 2023 1591 2066 ἐλάττονι

238 2101 338 2149 τιμῇ
380 2096 542 2150 πατρὸς
587 2092 640 2137 οὗ
685 2094 869 2148 γέγονας
913 2092 1048 2149 εἶναι,
1097 2101 1182 2137 νῦν
1228 2101 1339 2148 γοῦν
1384 2092 1591 2150 ὀρέχθητι

241 2171 483 2219 συγγενοῦς
522 2165 778 2221 ἀξιώματος,
821 2164 927 2220 μηδ’
968 2166 1159 2220 ὑπόμενε
1196 2165 1410 2219 ἡττᾶσθαι
1455 2166 1590 2220 πρού-

241 2252 362 2290 χοντι
407 2241 532 2290 τιμῆς
576 2235 705 2291 ἀνδρὶ
749 2240 942 2279 πλοῦτον
986 2238 1324 2292 τεθεραπευκότι
1368 2237 1445 2278 τὸν
1496 2237 1590 2290 σόν,

240 2304 348 2360 μηδὲ
382 2308 538 2348 πενίαν
565 2306 796 2363 ἀποφήνῃς
821 2308 902 2361 τὴν
929 2306 1100 2350 ἐκείνου
1126 2313 1200 2361 τῆς
1228 2305 1437 2362 ἡμετέρας
1462 2306 1591 2349 εὐπο-

1606 838 1638 862 10

1611 1189 1643 1215 15

1612 1542 1645 1567 20

1610 1893 1643 1919 25

1610 2246 1644 2271 30
