1732 2526
237 100 293 141 84
727 100 1092 134 ΑΡΧΑΙΟΑΟΓΙΑΣ

235 208 316 261 τὴν
358 208 543 262 Φερώρα
580 207 786 261 τελευτὴν
825 208 1125 262 διασαφοῦσιν
1164 206 1212 249 ἐν
1251 207 1441 263 Τάραντι
1478 210 1585 263 πρό-

235 291 382 332 τερον·
421 279 576 328 δεινῶς
601 277 637 320 τ’
667 279 851 332 ἤνεγκεν
878 279 959 320 οὐκ
984 279 1138 335 εὐνοία
1163 283 1213 333 τῇ
1243 278 1443 332 Φερώρα,
1470 279 1594 320 διότι

237 347 285 390 δὲ
311 355 390 391 τοῦ
415 349 684 403 πατρὸςιτὴν
709 348 936 404 ἀναίρεσιν
963 348 1016 391 οὐ
1049 348 1412 403 διαπραξάμενος,
1438 349 1584 404 ὥσπερ

236 418 468 475 ὑπέσχητο,
506 418 742 461 ἀπέθανεν.
815 420 931 474 <86>
974 418 1074 474 περὶ
1120 417 1168 460 δὲ
1206 418 1473 475 Κελένδεριν
1511 426 1585 474 τῆς

236 493 440 540 Κιλικίας
477 493 715 545 γενόμενος
752 490 996 540 ἐνεδοίαζεν
1039 491 1123 544 ἥδη
1167 488 1268 545 περὶ
1311 496 1390 532 τοῦ
1435 492 1585 532 οἴκαδε

236 565 367 615 πλοῦ,
400 562 555 610 δεινῶς
585 566 635 615 τῇ
669 559 827 615 ἐκβολῇ
859 566 935 614 τῆς
965 561 1126 615 μητρὸς
1152 558 1463 614 λελυπημένος.
1512 560 1585 602 καὶ

236 641 325 674 τῶν
357 635 502 687 φίλων
540 634 586 673 οἳ
621 628 700 685 μὲν
734 629 936 672 ἐκέλευον
968 631 1103 672 αὐτὸν
1136 629 1331 672 ἐνταῦθά
1361 645 1420 687 πῃ
1452 647 1584 686 καρα-

239 704 459 745 δοκοῦντα
504 701 687 757 ἐπέχειν,
734 703 789 744 οἳ.
820 698 868 742 δὲ
909 702 966 756 μὴ
1013 700 1262 755 διαμέλλειν
1312 703 1390 743 τὸν
1436 704 1585 745 οἴκαδε

236 777 396 816 πλοῦν·
437 774 589 814 λύσειν
626 773 710 827 γὰρ
748 774 1109 827 παραγενόμενον
1143 773 1286 813 αἰτίαν
1323 778 1488 827 πᾶσαν,
1528 773 1586 823 ὡς

199 854 201 856 ’
237 844 308 886 καὶ
341 851 426 886 νῦν
459 843 538 899 οὐχ
572 842 789 897 ἑτέρωθεν
822 842 933 884 ἀλλὰ
960 843 1033 884 διὰ
1058 844 1138 897 τὴν
1165 842 1335 885 ἐκείνου
1368 842 1585 886 ἀπουσίαν

194 1564 213 1592 10

240 917 367 970 ἰσχὺν
397 922 488 963 τοῖς
519 916 779 968 κατηγόροις
809 912 1118 967 ὑπογενέσθαι.
1150 914 1266 967 <87>
1298 915 1471 963 τούτοις
1495 929 1586 956 πει-

240 984 363 1036 σθεὶς
395 987 513 1027 ε”πλει
545 1001 590 1027 τε
623 984 694 1026 καὶ
726 984 938 1039 προσέσχε
965 991 1024 1041 τῷ
1052 988 1262 1041 Σεβαστῷ
1289 984 1432 1039 λιμένι
1463 989 1586 1039 λεγο-

239 1056 382 1115 μένῳ,
425 1056 477 1098 ὃν
521 1057 847 1105 κατασκευάσας
883 1054 1085 1110 “Ηρώδης
1127 1059 1305 1098 πολλῶν
1354 1056 1586 1111 χρημάτων

240 1127 310 1169 ἐπὶ
341 1134 441 1183 τιμῇ
468 1134 518 1183 τῇ
540 1130 763 1182 Καίσαρος
788 1131 914 1168 καλεῖ
932 1128 1173 1182 Σεβαστόν.
1207 1127 1321 1181 <88>
1347 1126 1394 1168 ἐν
1420 1128 1586 1182 προύπ-

240 1215 330 1248 τοις
362 1197 400 1240 δ’
439 1195 494 1252 ἦν
522 1197 803 1253 Ἀντίπατρος
832 1199 917 1252 ἤδη
943 1205 1034 1248 τοῖς
1059 1205 1223 1251 κακοῖς,
1249 1199 1353 1252 μήτε
1379 1200 1586 1252 προσιόν-

240 1285 312 1319 τος
356 1269 471 1325 αὐτςό
510 1270 698 1323 μηδενὸς
736 1270 841 1323 μήτε
878 1269 1288 1323 προσαγορεύοντος
1331 1269 1476 1324 ὥσπερ
1518 1264 1580 1310 ὅτ’

242 1338 355 1396 ἐξῄει
387 1338 475 1394 μετ’
514 1339 655 1395 εὐχῶν
686 1338 759 1381 καὶ
791 1338 974 1393 ἀγαθῶν
1005 1338 1385 1394 ἐπιφημισμάτων·
1417 1347 1510 1389 ταῖς
1542 1338 1582 1381 δ’

241 1411 573 1460 ἐναντιωτάταις
609 1410 736 1465 ἀραῖς
774 1410 855 1452 οὐκ
899 1409 1145 1452 ἐκωλύοντο
1191 1410 1324 1452 αὐτὸν
1364 1409 1587 1466 δέχεσθαι,

241 1482 401 1535 ποινὴν
433 1489 523 1531 τοῖς
555 1481 763 1536 ἀδελφοῖς
794 1480 1052 1523 ἀποτινύναι
1085 1481 1384 1535 ὑπειληφότες.

329 1553 442 1607 <89>
485 1552 693 1608 ἐτύγχανε
739 1550 777 1593 δ’
827 1551 874 1594 ἐν
911 1550 1235 1607 Ἱεροσολύμοις
1278 1553 1385 1594 κατὰ
1429 1558 1586 1594 τοῦτον

241 1625 318 1665 τὸν
349 1625 504 1676 καιρὸν
540 1615 683 1678 ’ὃᾶρος
721 1625 991 1676 Κυιντίλιος,
1029 1623 1236 1678 διάδοχος
1273 1620 1353 1677 μὲν
1393 1626 1588 1677 Σατουρ-

240 1697 351 1751 νίνςο
371 1700 452 1748 τῆς
477 1693 525 1735 ἐν
545 1696 692 1750 Συρία
718 1692 851 1748 ἀρχῆς
877 1692 1214 1748 ἀπεσταλμένος,
1239 1693 1359 1746 ἥκων
1386 1690 1425 1734 δ’
1458 1692 1588 1743 αὐτός

242 1781 286 1806 τε
331 1766 581 1820 σύμβουλος
618 1763 795 1820 Ἡρώδῃ
839 1763 938 1819 περὶ
987 1771 1075 1806 τῶν
1126 1763 1420 1818 ἐνεστηκότων
1469 1764 1586 1820 αὐτῷ

244 1835 460 1890 δεηθέντι.
521 1835 635 1889 <90>
679 1834 750 1876 καὶ
794 1834 939 1876 αὐτῶν
978 1835 1338 1891 συνεδρευόντων
1380 1840 1525 1889 παρῆν
1563 1835 1586 1877 ὁ

238 1905 534 1960 Ἀντίπατρος,
561 1905 742 1955 οὐδενὸς
768 1905 884 1962 αὐτῷ
911 1905 1127 1948 ἐκπύστου
1153 1907 1401 1959 γεγονότος·
1434 1909 1587 1947 εἴσεισι

244 1975 283 2018 δ’
320 1978 381 2026 εἰς
412 1977 460 2018 τὸ
493 1979 717 2031 βασίλειον
751 1978 812 2017 ἐτι
850 1977 1104 2032 πορφυρίδα
1145 1975 1455 2031 ἀμπεχόμενος.
1515 1974 1588 2017 καὶ

243 2048 378 2089 αὐτὸν
411 2045 490 2101 μὲν
524 2046 724 2102 δέχονται
758 2048 804 2089 οί
831 2046 900 2088 ἐπὶ
931 2048 1107 2103 θύραις,
1133 2047 1386 2102 ἀνείργουσι
1413 2044 1462 2088 δὲ
1485 2049 1588 2097 τοὺς

243 2121 413 2173 φίλους.
474 2117 591 2171 <91>
624 2117 881 2172 ἐθορυβεῖτο
915 2116 956 2159 δ’
991 2119 1074 2172 ἤδη
1114 2125 1262 2172 σαφῶς
1300 2111 1346 2159 οἷ
1381 2116 1588 2172 ἐληλύθει

243 2195 494 2241 κατανοῶν,
534 2187 683 2242 ἐπειδὴ
720 2187 792 2229 καὶ
831 2189 853 2231 ὁ
896 2189 1037 2243 πατὴρ
1076 2188 1211 2230 αὐτὸν
1247 2189 1487 2243 προσιόντα
1529 2189 1589 2239 ὡς

245 2258 486 2300 ἀσπάσαιτο
519 2257 761 2311 ἀπεώσατο,
799 2257 1144 2312 ἀδελφοκτονίαν
1182 2255 1218 2299 τ’
1261 2257 1479 2301 ἐπικαλῶν
1515 2258 1587 2301 καὶ

340 2343 357 2380 ἓ
385 2342 428 2373 89
456 2339 500 2374 ef.
527 2338 618 2374 Bell.
645 2338 723 2373 Iud.
751 2338 767 2372 Ι
793 2342 848 2383 31,
876 2343 906 2373 5.

1606 859 1639 883 10

1606 1211 1640 1237 15

1607 1567 1640 1592 20

1607 1919 1640 1945 25

1607 2273 1641 2298 30
