1732 2526
248 2154 266 2183 N>

284 65 370 106 208
777 65 1141 98 APXAIOAOPIAZ

283 172 552 225 θαλάσσιον,
596 171 677 225 τὴν
721 171 927 225 διάβασιν
972 172 1122 212 δεινὸν
1170 171 1416 225 ἡγούμενος
1465 172 1631 225 τριήρει

283 248 510 297 περαιοῦν,
542 242 627 296 <6>
658 240 730 283 καὶ
767 242 910 290 ἄλλως
948 240 1198 294 ἐπιβάλλειν
1238 240 1483 295 ἡγούμενος
1514 242 1631 298 αὑτῷ

284 313 472 368 δεσπότῃ
506 314 601 354 ὄντι
633 318 708 365 τῆς
740 312 959 365 θαλάττης
990 311 1124 352 ταύτὰ
1151 311 1280 353 ὁποῖα
1315 310 1387 353 καὶ
1412 313 1529 365 παρὰ
1554 318 1633 366 γῆς

284 383 504 436 ἀπαιτεῖν,
549 381 619 424 ἀπ’
671 383 819 436 ἄκρων
865 379 932 423 ἐπ’
982 382 1092 436 ἄκρα
1145 383 1351 431 σταδίους
1399 382 1632 437 τριάκοντα

284 453 444 508 μέτρον
488 460 563 507 τῆς
605 453 825 506 θαλάττης
870 451 1034 505 ζεύξας,
1084 450 1155 493 καὶ
1200 456 1302 494 εἵσω
1347 454 1424 495 τὸν
1467 455 1633 495 κόλπον
1670 463 1686 490 5

284 524 521 579 ἀπολαβὼν
563 524 720 577 πάντα,
762 525 953 577 ἤλαυνεν
998 521 1067 564 ἐπὶ
1110 529 1161 577 τῇ
1200 523 1371 580 γεφύρᾳ
1408 524 1456 565 τὸ
1495 524 1633 578 ἅρμα·

282 599 374 652 θεῷ
424 595 506 649 γὰρ
553 596 646 636 ὄντι
690 594 894 643 τοιαύτας
935 597 1159 635 ποιεῖσθαι
1203 597 1345 644 καλῶς
1394 595 1509 649 ἔχειν
1559 594 1634 643 τὰς

286 666 431 715 ὁδούς.
494 665 580 719 <7>
611 671 700 706 τῶν
731 662 777 706 θ’
818 665 948 718 ἱερῶν
986 672 1073 706 τῶν
1099 662 1368 719 Ἑλληνικῶν
1407 662 1540 707 οὐδὲν
1572 666 1634 706 ἔτι

286 736 506 790 ἀσύλητον
538 734 805 787 κατέλειπεν,
838 735 978 777 ὁπόσα
1004 741 1174 790 γραφῆς
1199 734 1224 789 ἢ
1252 738 1423 790 γλυφῆς
1449 734 1634 790 ἐχόμενα

285 806 357 848 καὶ
388 807 463 856 τὰς
495 807 649 855 λοιπὰς
685 807 952 854 κατασκευὰς
988 805 1264 860 ἀνδριάντων
1301 804 1373 847 καὶ
1412 805 1634 860 ἀναθημά-
1656 816 1688 841 10

285 893 372 919 των
406 878 593 931 ἄγεσθαι
624 877 832 926 κελεύσας
868 874 968 930 παρ’
1014 877 1168 918 αὑτόν·
1209 876 1262 917 οὐ
1300 876 1383 930 γὰρ
1417 875 1464 917 ἐν
1504 873 1635 934 ἑτέρῳ

285 948 336 989 τὰ
361 949 471 989 καλὰ
498 951 672 989 κεῖσθαι
699 951 841 996 καλῶς
867 949 983 1002 ἔχειν
1009 946 1035 1001 ἢ
1063 945 1111 988 ἐν
1137 952 1196 1003 τῷ
1221 949 1454 1004 καλλίστῳ,
1479 947 1636 1001 τυγχά-

285 1034 381 1060 νειν
409 1016 457 1059 δὲ
483 1016 600 1060 τοῦτ’
633 1015 773 1060 οὖσαν
799 1018 879 1072 τὴν
899 1016 1122 1072 Ῥωμαίων
1147 1019 1290 1059 πόλιν.
1343 1017 1430 1072 <8>
1463 1016 1637 1072 ἐκόσμει

285 1104 329 1130 τε
373 1097 466 1138 τοῖς
510 1087 685 1130 ἐνθένδ’
736 1088 969 1143 ἀγομένοις
1012 1090 1092 1142 τήν
1136 1087 1173 1129 τ’
1232 1089 1374 1130 οἰκίαν
1419 1086 1492 1129 καὶ
1534 1082 1638 1138 τοὺς

285 1161 466 1213 κήπους,
499 1160 657 1202 ὁπόσαι
690 1157 724 1201 τ’
765 1159 881 1216 αὐτῷ
914 1157 1162 1213 καταγωγαὶ
1196 1159 1270 1200 διὰ
1302 1165 1376 1213 τῆς
1416 1165 1504 1200 τῶν
1532 1154 1635 1199 Ἰτα-
1657 1168 1690 1193 15

287 1234 377 1272 λῶν
409 1236 505 1284 γῆς·
539 1229 632 1271 ἐπεὶ
664 1229 735 1271 καὶ
768 1232 844 1272 τὸν
872 1228 1130 1284 Ὀλυμπίασι
1161 1230 1408 1284 τιμώμενον
1435 1230 1523 1270 Δία
1549 1229 1635 1270 ὑπὸ

287 1308 376 1342 τῶν
401 1299 626 1354 Ἑλλήνων
658 1300 731 1342 καὶ
757 1301 896 1350 οὕτως
923 1299 1237 1355 ὠνομασμένον
1253 1297 1506 1354 Ὀλύμπιον,
1535 1301 1636 1340 Φει-

289 1372 389 1413 δίου
434 1378 513 1413 τοῦ
556 1370 796 1426 Ἀθηναίου
840 1373 1140 1425 πεποιηκότος,
1186 1370 1395 1424 ἐτόλμησε
1436 1373 1637 1412 κελεῦσαι

288 1444 350 1492 εἰς
387 1443 467 1497 τὴν
499 1440 667 1496 Ῥώμην
707 1441 982 1497 μεταφέρειν·
1020 1442 1105 1495 <9>
1148 1441 1201 1483 οὐ
1245 1442 1332 1495 μὴν
1376 1439 1535 1495 ἔπραξέ
1575 1455 1637 1494 γε,

288 1521 377 1554 τῶν
411 1512 731 1567 ἀρχιτεκτόνων
763 1512 972 1567 φαμένων
1004 1513 1111 1567 πρὸς
1141 1511 1351 1566 Μέμμιον
1383 1509 1637 1565 Ῥήγουλον,
1656 1521 1690 1546 20

290 1583 336 1632 ὃς
368 1581 620 1625 ἐπετέτακτο
653 1589 703 1637 τῇ
736 1584 906 1636 κινήσει
937 1589 1016 1624 τοῦ
1049 1584 1172 1635 Διός,
1205 1581 1469 1623 ἀπολεῖσθαι
1509 1578 1638 1635 τοῦρ-

290 1669 370 1706 γον
402 1655 615 1706 κινήσεως
647 1653 784 1695 αὐτοῦ
816 1652 1065 1707 γενομένης.
1128 1651 1295 1706 λέγεται
1328 1649 1376 1693 δὲ
1406 1654 1484 1695 τὸν
1512 1652 1638 1706 Μέμ-

291 1739 393 1777 μιον
433 1724 506 1764 διὰ
546 1729 694 1777 ταῦτα,
733 1722 805 1765 καὶ
844 1726 1035 1777 σημείων
1074 1725 1286 1777 μειζόνων
1317 1722 1571 1777 γενομένων
1611 1721 1638 1776 ἢ

292 1794 349 1842 ὡς
381 1794 435 1834 ἄν
467 1809 566 1835 τινα
598 1794 729 1835 πιστὰ
760 1794 981 1847 ἡγεῖσθαι,
1007 1792 1334 1848 ὑπερβαλέσθαι
1361 1794 1441 1847 τὴν
1467 1793 1639 1848 ἀναίρε-

292 1875 373 1905 σιν.
436 1865 550 1918 <10>
582 1863 654 1906 καὶ
686 1865 847 1919 γράφει
878 1865 982 1907 τάδε
1014 1866 1123 1919 πρὸς
1153 1865 1230 1906 τὸν
1263 1864 1400 1906 Γάιον
1432 1862 1498 1905 ἐπ’
1535 1863 1639 1905 ἀπο-
1658 1876 1691 1901 25

292 1936 419 1990 λογίᾳ
450 1941 529 1976 τοῦ
562 1934 754 1977 ἐκλιπεῖν
782 1935 1073 1990 ἀδιακόνητον
1106 1936 1185 1989 τὴν
1229 1934 1422 1988 ἐντολήν.
1485 1932 1639 1976 ἀπολέ-

293 2008 399 2044 σθαι
431 2003 469 2045 τ’
507 2005 551 2046 ἐκ
583 2006 750 2047 τούτων
784 2006 899 2062 αὐτῷ
932 2006 1147 2048 κινδύνου
1173 2003 1430 2059 γενομένου,
1463 2005 1640 2055 σώζεται

292 2074 550 2128 φθάσαντος
581 2077 665 2129 ἤδη
700 2078 838 2118 Γαΐου
870 2080 1133 2130 τελευτῆσαι.

383 2145 499 2199 <11>
533 2147 594 2195 εἰς
625 2153 755 2188 τοῦτο
789 2145 837 2188 δὲ
868 2148 1040 2202 προύβη
1073 2148 1121 2188 τὸ
1154 2147 1340 2201 μανικὸν
1374 2145 1489 2202 αὐτῷ
1530 2146 1639 2187 ὥστε

294 2215 348 2269 δὴ
380 2213 453 2256 καὶ
484 2217 706 2269 θυγατρὸς
737 2217 853 2274 αὐτῷ
887 2216 1138 2272 γενομένης,
1178 2216 1445 2270 ἀνακομίσας
1484 2214 1553 2258 ε’πὶ
1591 2216 1639 2257 τὸ
1659 2227 1704 2257 3οᾸ

294 2286 578 2328 Καπετώλιον
612 2285 681 2327 ἐπὶ
713 2294 804 2336 τοῖς
836 2290 990 2340 γόνασι
1023 2289 1301 2329 κατατίθεται
1334 2293 1412 2328 τοῦ
1448 2285 1640 2341 ἀγάλμα-
