1732 2526
697 105 812 137 ΒΙΟΣ
1345 103 1431 145 339

174 213 330 266 <149>
368 211 500 252 πάλιν
542 207 590 252 δὲ
627 211 703 252 τὸν
743 211 875 265 ὄχλον
915 209 1028 260 τινες
1066 209 1294 266 ἠρέθιζον,
1331 214 1433 261 τοὺς
1459 224 1502 254 31

83 281 377 336 ἀφικομένους
407 282 516 335 πρός
547 295 598 334 με
630 282 886 333 βασιλικοὺς
912 286 1173 334 μεγιστᾶνας
1200 281 1280 323 οὐκ
1313 283 1433 336 ὀφεί-

83 356 177 393 λειν
211 355 286 406 ζῆν
318 350 532 404 λέγοντες,
563 350 620 404 μὴ
653 352 891 404 μεταβῆναι.
924 349 1138 400 θέλοντας
1162 355 1225 401 εἰς
1252 353 1301 393 τὰ
1327 360 1428 406 παρ’

82 423 231 472 αὐτοῖς
262 424 360 476 ἔθη,
390 422 498 475 πρὸς
523 420 600 470 οὓς
626 423 935 475 σωθησόμενοι
961 422 1154 476 πάρεισι·
1199 422 1433 476 διέβαλλόν

48 508 64 533 5
83 509 127 534 τε
153 491 404 547 φαρμακέας
429 489 542 533 εἶναι
569 490 770 544 λέγοντες
795 490 868 532 καὶ
893 493 1091 541 κωλυτὰς
1116 498 1195 533 τοῦ
1209 491 1432 546 Ῥωμαίων

80 562 402 616 περιγενέσθαι.
465 563 571 616 ταχὺ
605 559 654 603 δὲ
684 563 732 603 τὸ
764 565 937 616 πλῆθος
970 562 1190 615 ἐπείθετο,
1222 571 1314 612 ταῖς
1344 571 1432 604 τῶν

82 633 332 688 λεγομένων
357 633 465 687 πρὸς
490 632 619 687 χάριν
645 632 795 682 αὐτοῖς
820 634 1117 687 πιθανότησιν
1143 633 1430 687 ἀπατώμενοι.

81 704 226 757 <150>
259 705 513 757 πυθόμενος
545 699 584 744 δ’
621 701 705 755 ἐγὼ
743 702 843 758 περὶ
881 704 1051 745 τούτων
1081 703 1213 744 πάλιν
1246 705 1323 745 τὸν
1356 705 1431 758 δῆ-

81 790 165 828 μον
198 774 488 815 ἀνεδίδασκον
520 774 577 828 μὴ
613 773 707 814 δεῖν
746 774 985 815 διώκεσθαι
1018 776 1121 823 τοὺς
1152 777 1430 828 καταφυγόν-

27 860 60 884 10
79 861 155 894 τας
185 846 293 898 πρὸς
325 844 504 897 αὐτούς,
545 845 594 885 τὸ
635 841 682 885 δὲ
721 845 923 898 φλύαρον
960 851 1036 898 τῆς
1067 844 1165 899 περὶ
1198 853 1285 886 τῶν
1318 861 1428 899 φαρ-

78 915 228 968 μάκων
273 915 411 964 αἰτίας
454 913 684 969 διέσυρον,
735 915 814 956 οὐκ
858 914 913 956 ἂν
957 916 1170 964 τοσαύτας
1213 917 1429 970 μυριάδας

79 993 355 1039 στρατιωτῶν
380 984 617 1040 Ῥωμαίους
655 984 795 1038 λέγων
832 984 1030 1041 τρέφειν,
1070 987 1111 1027 εἰ
1146 987 1219 1027 διὰ
1256 1002 1426 1040 φαρμαα

76 1055 189 1098 κέων
221 1054 276 1110 ἠν
307 1062 436 1097 νικᾶν
467 1058 570 1105 τοὺς
600 1057 847 1110 πολεμίους.
910 1063 1044 1098 ταῦτα
1082 1055 1287 1109 λέγοντος
1318 1056 1427 1110 ἐμοῦ

75 1129 184 1179 πρὸς
221 1128 374 1180 ὀλίγον
411 1125 492 1181 μὲν
530 1127 782 1181 ἐπείθοντο,
824 1128 970 1181 <151>
1007 1127 1140 1169 πάλιν
1179 1126 1216 1168 δ’
1257 1126 1426 1180 ἀναχω-

0 1185 57 1236 ’15
76 1199 286 1250 ρήσαντες
328 1197 415 1239 ὑπὸ
459 1205 547 1238 τῶν
591 1205 798 1252 πονηρῶν
842 1197 1147 1253 ἐξηρεθίζοντο
1189 1198 1296 1238 κατὰ
1338 1205 1425 1238 τῶν

75 1267 362 1321 μεγιστάνων.
436 1269 513 1309 καί
551 1281 655 1309 ποτε
699 1263 802 1321 μεθ’
851 1268 999 1309 ὅπλων
1044 1266 1112 1308 ἐπὶ
1156 1268 1237 1321 τὴν
1281 1268 1426 1309 οἰκίαν

75 1337 220 1379 αὐτῶν
262 1339 342 1392 τὴν
387 1337 434 1379 ἐν
484 1340 696 1394 Ταριχαιά
746 1336 942 1391 ἐπῆλθον
992 1339 1050 1387 ὡς
1099 1337 1423 1393 ἀναιρήσοντες.

75 1409 232 1461 <152>
281 1408 427 1449 ἔδεισα
484 1406 521 1448 δ’
579 1407 663 1461 ἐγὼ
711 1409 965 1462 πυθόμενος
1014 1409 1071 1461 μὴ
1121 1414 1200 1449 τοῦ
1257 1408 1424 1462 μύσους

73 1477 196 1528 τέλος
222 1479 433 1531 λαβόντος
459 1476 719 1532 ἀνεπίβατος
743 1476 922 1531 γένηται
948 1484 1040 1526 τοῖς
1065 1485 1334 1531 καταφυγεῖν
1360 1481 1423 1527 εἰς

21 1563 54 1587 20
75 1548 212 1602 αὐτὴν
243 1547 468 1590 θέλουσιν.
519 1547 662 1601 <153>
696 1550 1001 1602 παρεγενόμην
1028 1544 1110 1588 οὗν
1136 1549 1197 1597 εἰς
1222 1549 1301 1601 τὴν
1334 1555 1422 1590 τῶν

74 1618 347 1672 μεγιστάνων
392 1619 535 1660 οἰκίαν
577 1618 682 1672 μετα
723 1633 858 1659 τινων
899 1616 1080 1672 ἐτέρων,
1124 1617 1194 1659 καὶ
1236 1620 1421 1671 κλείσας,

75 1689 271 1743 διώρυγά
307 1704 352 1730 τε
389 1690 575 1743 ποιήσας
607 1687 678 1729 ἀπ’
715 1688 848 1742 αὐτῆς
887 1687 955 1729 ἐπὶ
986 1690 1066 1742 τὴν
1099 1690 1258 1742 λίμνην
1290 1690 1421 1742 &you-

74 1771 170 1813 σαν,
205 1759 592 1814 μεταπεμψάμενός
622 1774 666 1800 τε
699 1762 856 1801 πλοῖον
888 1758 959 1800 καὶ
993 1761 1076 1800 σὺν
1108 1758 1256 1809 αὐτοῖς
1287 1758 1420 1814 ἐμβὰς

74 1829 142 1871 ἐπὶ
174 1830 255 1883 τὴν
293 1831 506 1884 μεθόριον
543 1837 630 1871 τῶν
655 1828 876 1883 Ἱππηνῶν
915 1828 1169 1883 διεπέρασα,
1209 1829 1281 1871 καὶ
1315 1831 1420 1879 δοὺς

18 1913 52 1938 25
73 1899 221 1949 αὐτοῖς
277 1901 356 1954 τὴν
405 1900 534 1954 τιμὴν
590 1907 678 1941 τῶν
733 1900 878 1940 ’ἵππων
931 1897 1004 1955 (οὐ
1056 1900 1138 1954 γὰρ
1182 1899 1418 1953 ἠδυνήθην

72 1970 233 2019 αὐτοὺς
273 1969 570 2024 ἐπαγαγέσθαι
610 1970 812 2023 τοιαύτης
847 1968 1085 2023 γενομένης
1118 1976 1193 2023 τῆς
1227 1969 1417 2024 ἀποδρά-

73 2039 197 2096 σεως)
229 2039 446 2094 ἀπέλυσα,
477 2040 616 2081 πολλὰ
642 2038 945 2093 παρακαλέσας
975 2040 1055 2093 τὴν
1080 2047 1417 2095 προσπεσοῦσαν

72 2111 266 2165 ἀνάγκην
299 2111 511 2163 γενναίως
542 2109 748 2163 ἐνεγκεῖν.
807 2109 952 2163 <154>
985 2109 1114 2159 αὐτός
1144 2126 1188 2151 τε
1220 2111 1418 2165 μεγάλως

70 2181 272 2235 ἠχθόμην
304 2178 505 2234 βιασθεὶς
542 2182 645 2229 τοὺς
681 2180 1018 2234 προσφυγόντας
1056 2178 1251 2221 ἐκθεῖναι
1283 2181 1416 2221 πάλιν

17 2264 52 2290 30
71 2253 132 2300 εἰς
163 2252 243 2305 τὴν
274 2253 502 2306 πολεμίαν,
534 2251 715 2305 ἄμεινον
748 2247 786 2291 δ’
818 2247 930 2291 εἶναι
961 2252 1145 2304 νομίσας
1175 2251 1291 2305 παρὰ
1316 2249 1416 2291 Ῥω-

71 2324 215 2377 μαιόις
247 2321 489 2364 ἀποθανεῖν
521 2321 696 2374 αὐτούς,
727 2320 768 2361 εἰ
797 2319 1025 2375 συμπέσοι,
1056 2323 1224 2374 μᾶλλον
1250 2320 1275 2375 ἢ
1308 2322 1415 2362 κατὰ

1133 2389 1201 2422 22*
