1732 2526
76 824 108 847 10

68 1529 102 1551 20

68 1878 100 1902 25

65 2229 99 2254 30

589 72 927 106 ENNEAKAml-:lz
936 72 1026 103 <vsu
1394 67 1478 108 227

133 194 200 228 τες
241 187 330 229 τοῖς
370 180 592 233 πολεμίοις
634 178 710 227 οὓς
750 177 805 218 ἂν
844 178 1077 231 νομίσωσι,
1121 177 1286 230 μεγάλα
1328 191 1480 228 κατορ-

133 254 330 298 θοῦντες.
393 250 536 302 <121>
567 245 689 290 οὗτοι
723 244 804 288 οὖν
836 248 1084 301 πυθόμενοι
1120 253 1196 287 τοῦ
1231 248 1367 288 Γαΐου
1400 247 1478 299 τὴν

132 321 331 373 σφαγήν,
371 317 442 360 καὶ
472 319 841 372 περιαλγήσαντες
873 318 946 359 διὰ
978 319 1025 358 τὸ
1059 317 1115 371 μὴ
1149 316 1278 371 ἀρετῇ
1310 319 1480 371 κρίνειν

132 389 200 431 ἐπὶ
242 397 331 439 τοῖς
372 389 490 438 ὅλοις
528 388 637 430 ἀλλὰ
680 386 953 443 συμφέροντι
993 393 1051 443 τῷ
1091 387 1236 428 αὐτῶν
1275 385 1480 441 (μάλιστα

131 458 171 500 δ’
209 459 357 510 αὐτοῖς
396 460 642 514 προσφιλὴς
682 456 737 512 ἦν
777 458 928 512 Γάιος,
973 459 1120 499 δόσεσι
1160 457 1392 512 χρημάτων
1432 459 1479 498 τὸ

130 531 293 571 εὔνουν
326 529 470 571 αὐτῶν
502 528 759 583 κτώμενος),
801 528 1071 582 σπασάμενοι
1109 527 1160 568 τὰ
1199 526 1300 581 ξίφη
1336 528 1461 580 <122“

130 598 423 654 (προειστήκει
444 596 484 640 δ’
508 599 653 641 αὐτῶν
674 602 883 654 Σαβῖνος,
902 602 1140 654 χιλιαρχῶν
1161 597 1214 639 οὐ
1238 593 1296 638 δι’
1321 596 1479 651 ἀρετὴν

127 668 199 710 καὶ
232 671 518 724 γενναιότητα
549 671 806 725 προγόνων,
845 669 1095 724 μονομάχος
1132 668 1214 722 γὰρ
1247 665 1324 721 ἦν,
1362 668 1479 722 ἰσχύι

128 738 175 781 δὲ
221 741 417 794 σώματος
459 741 538 794 τὴν
581 739 649 782 ἐπὶ
692 741 908 790 τοιούτοις
951 739 1218 793 κτησάμενος
1263 737 1479 792 ἀνδράσιν

128 810 287 867 ἀρχήν)
321 812 525 866 διεξῇσαν
563 818 637 865 τῆς
675 813 814 861 οἰκίας
851 811 1201 866 ἀνερευνώμενοι
1233 810 1336 858 τοὺς
1368 820 1478 862 σφα-

127 880 228 934 γέας
268 887 346 924 τοῦ
379 884 612 936 Καίσαρος.
675 883 831 936 <ml-3>
865 879 1114 935 Ἀσπρήναν
1154 895 1198 921 τε
1240 881 1478 934 κρεουργή-

128 963 256 993 σασιν
289 952 436 1002 αὐτοῖς
469 953 541 994 διὰ
574 954 620 994 τὸ
648 953 804 1009 πρώτῳ
831 960 1097 1007 περιπεσεῖν,
1129 947 1182 993 οὗ
1208 950 1288 1003 τὴν
1315 950 1477 1003 στολὴν

126 1028 287 1075 μιᾶναν
321 1025 368 1065 τὸ
401 1018 506 1077 αἷμα
538 1031 624 1064 τῶν
657 1023 892 1078 θυμάτων,
934 1024 990 1072 ὥς
1028 1038 1102 1077 μοι
1144 1020 1339 1063 λέλεκται
1371 1022 1476 1075 πρό-

125 1107 274 1146 τερον,
307 1093 387 1134 οὐκ
419 1090 485 1134 ἐπ’
523 1092 678 1149 ἀγαθῷ
711 1094 791 1146 τὴν
823 1094 1063 1147 συντυχίαν
1096 1091 1364 1144 ἀπεσήμαινε
1397 1097 1475 1132 τοῦ

92 1175 105 1197 3
125 1164 378 1217 γεγονότος,
429 1164 631 1218 δεύτερος
674 1164 922 1217 Νωρβανὸς
965 1163 1249 1216 ὑπηντίαζεν,
1294 1160 1341 1202 ἐν
1385 1168 1476 1210 τοῖς

124 1233 447 1285 γενναιοτάτοις
489 1232 589 1290 (ὢν)
631 1241 717 1275 τῶν
756 1237 970 1287 πολιτῶν,
1010 1231 1082 1274 καὶ
1119 1233 1311 1281 πολλοὺς
1348 1231 1474 1273 αὐτο-

123 1303 337 1359 κράτορας
379 1305 677 1358 παρεχόμενος
717 1311 804 1345 τῶν
844 1305 1152 1358 προπατόρων·
1203 1303 1358 1355 <124>
1401 1301 1473 1343 καὶ

123 1372 260 1428 μηδὲν
293 1373 570 1428 αἰδουμένων
603 1375 739 1416 αὐτοῦ
771 1375 850 1428 τὴν
883 1373 1084 1427 ἀξίωσιν,
1117 1374 1234 1428 ἰσχύι
1265 1373 1472 1427 προύχων

122 1443 371 1499 ἀφαιρεῖται
408 1446 456 1486 τὸ
494 1444 619 1499 ξίφος
657 1446 734 1486 τὸν
771 1452 946 1500 πρῶτον
984 1452 1071 1486 τῶν
1111 1443 1324 1485 ἐπιόντων
1364 1454 1471 1497 συμ-

121 1517 312 1567 πλακείς,
344 1517 534 1569 φανερός
564 1513 598 1556 τ’
630 1512 685 1569 ἦν
712 1515 792 1557 οὐκ
818 1515 1110 1570 ἀπραγμόνως
1136 1513 1472 1568 τεθνηξόμενος,

121 1584 246 1640 μέχρι
273 1585 327 1639 δὴ
352 1583 627 1639 περισχεθεὶς
649 1588 828 1634 πολλοῖς
848 1593 935 1626 τῶν
962 1583 1292 1639 ἐπιφερομένων
1318 1585 1470 1625 ἔπεσεν

120 1655 205 1697 ὑπὸ
238 1657 438 1709 πλήθους
475 1662 562 1696 τῶν
601 1655 872 1710 τραυμάτων.
935 1656 1078 1708 <125>
1116 1656 1261 1708 τρίτος
1299 1652 1342 1694 δ’
1376 1652 1470 1696 Ἀν-

120 1727 261 1779 τήιος,
311 1733 398 1767 τῶν
445 1724 491 1766 ἐκ
537 1731 612 1779 τῆς
658 1728 821 1780 βουλῆς
867 1725 915 1767 ἐν
957 1727 1142 1779 ὀλίγοις,
1187 1724 1240 1766 οὐ
1284 1727 1470 1779 τυχαίως

119 1803 210 1845 τοῖς
242 1798 485 1850 Γερμανοῖς
516 1796 714 1850 καθάπερ
748 1797 794 1838 οἱ
826 1798 1041 1851 πρότερον
1079 1796 1346 1850 περιπεσών,
1383 1795 1468 1837 ὑπὸ

121 1864 169 1907 δὲ
200 1866 589 1921 φιλοθεαμοσύνης
619 1865 692 1907 καὶ
724 1867 888 1920 ἡδονῆς
916 1873 995 1908 τοῦ
1021 1867 1235 1920 αὐτόπτης
1260 1866 1469 1919 γενέσθαι

119 1938 258 1979 Γαίου
301 1935 506 1990 κειμένου
547 1944 672 1990 μῖσος
717 1935 919 1991 ἐνέφαινε
959 1938 1006 1979 τὸ
1047 1939 1156 1992 πρὸς
1194 1936 1346 1978 αὐτόν·
1391 1938 1469 1978 τὸν

119 2008 201 2062 γὰρ
228 2006 390 2061 πατέρα
416 2013 494 2048 τοῦ
516 2005 717 2061 Ἀντηίου
743 2006 815 2049 καὶ
842 2007 1078 2063 ὁμώνυμον
1104 2008 1283 2064 φυγάδα
1310 2007 1468 2057 ἐλάσας

119 2075 191 2118 καὶ
217 2078 274 2131 μὴ
301 2075 534 2133 ἀρκεσθεὶς
559 2080 717 2119 κτείνει
744 2079 1008 2132 στρατιώτας
1033 2077 1287 2132 ἐπιπέμψας.
1322 2078 1466 2133 <126>

118 2145 190 2189 καὶ
226 2153 371 2202 παρῆν
410 2145 489 2201 μὲν
530 2147 602 2188 διὰ
639 2148 742 2190 τάδε
779 2148 1139 2204 εὐφρανούμενος
1178 2151 1347 2205 θεωρίᾳ
1388 2155 1466 2190 τοῦ

119 2224 300 2273 νεκροῦ,
342 2217 680 2274 θορυβουμένης
718 2216 765 2260 δὲ
802 2224 877 2273 τῆς
914 2220 1052 2269 οἰκίας
1091 2220 1298 2274 κρύπτειν
1330 2218 1465 2260 αὑτὸν

121 2287 472 2343 ἐντεθυμημένος
510 2288 563 2330 οὐ
602 2289 892 2344 διαφυγγάνει
932 2297 1020 2331 τῶν
1054 2292 1293 2345 Γερμανῶν
1324 2290 1371 2330 τὸ
1404 2290 1466 2338 εἰς

1181 2359 1248 2392 15·-
