1732 2526
54 816 87 842 10

19 1168 87 1194 -15

56 1521 89 1546 20

59 1872 92 1898 25

561 66 997 98 ENNEAKAIAEKATH
1366 63 1452 104 225

108 172 252 225 (108)
285 171 396 213 ὅπου
428 187 475 224 γε
507 169 578 212 καὶ
609 170 820 223 πράξαντι
851 174 993 220 καλῶς
1024 170 1078 211 ἂν
1104 169 1189 226 εἶχε
1217 177 1315 226 σιγῇ
1343 188 1453 226 χρω-

107 241 224 299 μένῳ
258 242 588 295 διαδιδράσκειν
619 241 694 290 τὰς
732 241 864 294 ὀργὰς
895 249 983 282 τῶν
1021 241 1331 296 ἀμυνομένων,
1373 242 1452 296 οὐχ

107 312 238 366 ὅπως,
269 313 434 366 ἄδηλον
465 313 505 353 εί
534 312 657 366 τύχοι
689 315 935 365 κατορθῶν,
969 310 1037 353 ἐπ’
1074 311 1250 365 ἀλόγοις
1280 312 1454 368 χρῄζειν

107 382 242 424 αὑτόν
273 381 312 424 τ’
350 381 559 424 ἀπολέσαι
591 380 662 423 καὶ
700 383 776 424 τὸν
807 383 974 434 καιρόν.
1038 380 1108 422 καὶ
1147 382 1249 423 τάδε
1282 381 1362 436 μὲν
1395 384 1454 424 εί-

107 453 251 503 κάζειν
276 452 475 507 παρέστω
502 459 593 501 τοῖς
618 450 905 506 βουλομένοις
934 448 957 507 ᾗ
983 451 1053 493 καὶ
1080 451 1276 494 θέλοιεν·
1310 454 1453 506 <109>

107 523 130 564 ὁ
164 521 212 564 δὲ
244 523 375 572 Γάιος
406 522 618 576 ἀλγηδόνι
650 529 725 577 τῆς
755 526 922 576 πληγῆς
956 524 1302 577 περιφερόμενος
1334 522 1453 578 (μεσ-

106 595 243 647 σηγὺς
273 594 356 648 γὰρ
388 600 465 635 τοῦ
497 592 538 634 τ’
577 594 698 646 ὤμου
730 591 802 634 καὶ
841 599 918 635 τοῦ
957 594 1173 648 τραχήλου
1206 595 1453 648 φερόμενον

105 664 153 705 τὸ
199 664 322 717 ξίφος
367 662 545 719 ἐπέσχεν
589 663 614 717 -ἡ
659 661 777 713 κλεὶς
820 662 1080 718 προσωτέρω
1130 662 1308 718 χωρεῖν)
1354 659 1449 704 οὔτ’

107 733 347 787 ἀνεβόησεν
379 731 450 776 ὑπ’
484 732 740 787 ἐκπλήξεως,
772 730 864 775 οὔτ’
897 732 1183 775 ἐπεκαλέσατό
1214 750 1335 783 τινας
1366 741 1453 775 τῶν

107 805 271 857 φίλων,
308 799 385 845 εἴτ’
422 803 598 859 ἀπιστίᾳ
629 807 712 845 εἶτε
745 803 815 845 καὶ
848 804 990 853 ἄλλως
1021 803 1272 859 ἀφροσύνῃ,
1312 806 1453 861 στόνῳ

107 871 155 915 δὲ
187 874 457 929 χρησάμενος
494 875 601 925 πρὸς
638 880 713 927 τῆς
750 873 995 928 ἀλγηδόνος
1033 876 1080 916 τὸ
1119 876 1271 928 περιὸν
1314 876 1373 923 εἰς
1404 877 1452 916 τὸ

105 946 304 997 πρόσθεν
334 945 423 986 ἳέτο
456 950 584 999 φυγῇ.
636 945 780 998 <110>
813 943 880 986 καὶ
918 944 1151 998 δεξάμενος
1176 945 1311 986 αὐτὸν
1338 946 1454 998 Κορ-

107 1017 257 1068 νήλιος
289 1017 498 1069 Σαβῖνος,
531 1016 610 1069 τὴν
644 1015 848 1056 διάνοιαν
873 1016 957 1069 ἤδη
983 1014 1453 1069 προκατειργασμένον,

108 1086 232 1127 ὠθεῖ·
283 1084 493 1126 κλιθέντα
532 1082 572 1126 δ’
609 1083 678 1127 ἐπὶ
716 1087 826 1139 γόνυ
864 1084 1019 1126 πολλοὶ
1057 1086 1337 1139 περιστάντες
1375 1084 1448 1139 ἀφ’

108 1155 206 1205 ἑνὸς
231 1154 571 1209 ἐγκελεύσματος
591 1156 775 1197 ε”κοπτον
800 1162 892 1204 τοῖς
918 1154 1076 1209 ξίφεσι,
1102 1157 1455 1209 παρακελευσμός

106 1242 150 1268 τε
189 1227 297 1280 πρὸς
335 1225 552 1279 ἀλλήλους
588 1224 661 1267 καὶ
701 1227 842 1279 [πρὸς]
884 1227 974 1278 ἔρις
1005 1226 1153 1275 αὐτοῖς
1183 1223 1250 1279 ἦν.
1312 1229 1456 1267 τελευ-

106 1299 232 1339 ταίαν
277 1294 325 1338 δὲ
368 1295 547 1346 Ἀκύλας
591 1296 866 1351 ὁμολογεῖται
909 1295 988 1351 ὑφ’
1038 1296 1242 1338 ἁπάντων
1285 1298 1457 1350 πληγὴν

109 1367 356 1420 ἐπαγαγών,
392 1366 416 1420 ἢ
450 1369 712 1421 μεθίστησιν
744 1367 880 1408 αὐτὸν
913 1367 1113 1421 ἀκριβῶς.
1177 1368 1321 1420 <111>
1355 1366 1458 1408 ἀνα-

107 1440 208 1491 θείη
249 1433 289 1479 δ’
333 1437 388 1478 ἄν
424 1452 488 1486 τις
525 1439 604 1491 τὴν
640 1437 799 1491 πρᾶξιν
840 1438 1019 1493 Χαιρέᾳ·
1064 1436 1136 1479 καὶ
1177 1438 1259 1490 γὰρ
1299 1438 1338 1478 εἰ
1375 1439 1457 1478 σὺν

109 1511 288 1557 πολλοῖς
319 1506 516 1562 ἐπράχθη
549 1509 598 1549 τὸ
631 1509 762 1561 ἔργον
795 1508 927 1563 αὐτῷ,
969 1505 1063 1549 ἀλλ’
1101 1504 1182 1549 οὖν
1213 1509 1382 1561 πρῶτός
1414 1504 1453 1560 γ’

111 1577 391 1632 ἐνεθυμήθη,
432 1576 604 1620 τοιαῦθ’
638 1579 697 1628 ὡς
727 1581 942 1633 πραχθείη
976 1580 1045 1630 ἄν,
1076 1579 1312 1632 προλαβὼν
1343 1580 1456 1618 πολὺ

111 1656 198 1690 τῶν
230 1647 451 1702 ἁπάντων,
484 1649 628 1701 <112>
661 1647 731 1689 καὶ
757 1655 926 1702 πρῶτος
959 1646 1038 1702 μὲν
1069 1651 1294 1702 τολμηρῶς
1320 1648 1456 1698 ἐξεῖπε

111 1725 202 1768 τοῖς
240 1721 428 1771 λοιποῖς,
474 1716 722 1772 δεχομένων
763 1715 809 1759 δὲ
848 1719 926 1759 τὸν
965 1716 1031 1759 ἐπὶ
1070 1723 1129 1773 τῷ
1167 1719 1290 1774 φόνῳ
1323 1719 1457 1770 λόγον

112 1789 336 1843 σποράδας
366 1785 401 1829 τ’
433 1790 632 1842 ἤθροισε,
664 1786 736 1829 καὶ
768 1789 819 1829 τὰ
845 1788 985 1830 πάντα
1017 1790 1244 1842 φρονίμως
1273 1800 1457 1841 συγκρο-

112 1861 258 1914 τήσας,
292 1861 403 1900 ἔνθα
431 1866 617 1912 γνωμῶν
644 1860 907 1913 εἰσηγήσεως
933 1858 1079 1913 ἐχρῆν,
1111 1861 1224 1900 πολὺ
1250 1861 1457 1912 κρείττων

112 1930 329 1984 ἐγίγνετο,
361 1928 432 1971 καὶ
465 1931 611 1982 λόγοις
642 1932 921 1983 καθωμίλησε
954 1935 1156 1983 χρηστοῖς
1188 1929 1245 1978 ὡς
1277 1929 1330 1971 οὐ
1361 1932 1458 1971 τολ-

112 2009 284 2056 μῶντας
332 1998 557 2053 ἠνάγκασέ
600 2014 644 2040 τε
694 2001 795 2049 τοὺς
844 1999 1028 2052 πάντας,
1078 1999 1234 2052 <113>
1279 1998 1375 2041 ἐπεί
1413 2015 1457 2040 τε

111 2073 261 2126 καιρὸς
294 2070 508 2125 ἐλάμβανε
541 2068 652 2125 χειρὶ
683 2071 953 2125 χρήσασθαι,
996 2071 1198 2123 φαίνεται
1230 2069 1458 2112 κάνταῦθα

111 2143 281 2197 πρῶτός
311 2138 358 2184 θ’
395 2142 588 2195 ὁρμήσας
618 2139 691 2182 καὶ
722 2140 942 2195 ἁψάμενος
979 2147 1057 2182 τοῦ
1089 2142 1232 2194 φόνου
1264 2139 1334 2181 καὶ
1367 2147 1458 2189 τοῖς

60 2223 94 2249 30
113 2213 262 2261 ἄλλοις
293 2212 554 2265 εὐεπίβατον
585 2212 821 2266 παρασχὼν
858 2209 930 2252 καὶ
966 2214 1274 2265 προτεθνεῶτα
1307 2210 1457 2262 Γάιον,

115 2279 216 2324 ὥστ’
251 2282 306 2324 ἂν
345 2283 523 2331 δικαίως
558 2280 629 2323 καὶ
664 2282 802 2324 ὁπόσα
833 2289 924 2330 τοῖς
955 2284 1123 2330 λοιποῖς
1161 2285 1225 2334 εἴη
1267 2295 1459 2333 πεπραγ-

186 2358 355 2384 Iosmnts.
394 2358 447 2383 IV.
1205 2352 1222 2382 1
1229 2354 1248 2383 :3
