1732 2526
76 826 109 852 10

77 1179 109 1205 15

631 67 970 99 EKKAIAEKATH
1418 66 1471 106 41

130 184 234 215 σατο
275 170 322 214 δὲ
358 172 430 214 καὶ
467 173 650 221 τούτους
685 171 825 226 ἡδέως
863 170 942 227 μὲν
982 172 1036 214 ἂν
1074 172 1145 214 καὶ
1177 181 1348 228 χεῖρον,
1391 172 1476 216 ὑπὸ

130 242 177 285 δὲ
215 250 294 286 τοῦ
330 245 387 298 μὴ
425 239 517 285 κατ’
553 242 730 298 ἀνδρῶν
768 243 848 285 οὐκ
887 242 1068 297 ἀσήμων
1106 245 1222 298 ε”χειν
1259 245 1339 298 τὴν
1377 245 1477 299 ἄχρι

130 315 352 357 τοσούτων
383 316 652 369 παρρησίαν,
696 316 776 368 τήν
813 329 857 355 τε
896 314 1027 368 τιμὴν
1065 312 1136 355 καὶ
1173 316 1220 356 τὸ
1254 315 1475 356 δύνασθαι

128 385 316 427 κωλύειν
348 384 677 439 ἁμαρτάνοντας
707 385 1071 439 παραιρούμενος.

219 456 363 509 <244>
396 452 450 509 ἦν
489 453 537 496 δὲ
568 456 736 496 τούτων
775 454 980 496 ἁπάντων
1019 459 1156 505 αἴτιος
1182 453 1477 510 Ἀντίπατρος,
1505 466 1525 495 4

129 526 177 576 ὃς
221 526 369 580 ἐπειδὴ
413 527 461 567 τὸ
505 526 743 579 νενοσηκὸς
786 531 861 579 τῆς
904 531 983 567 τοῦ
1027 527 1190 581 πατρὸς
1236 529 1480 581 παρρησίας

128 595 388 651 κατέμαθεν,
420 597 602 637 ἔκπαλαι
635 596 916 651 συνεδρεύων
948 596 1064 652 αὐτῷ
1097 595 1375 651 προσέκειτο,
1407 595 1480 638 καὶ

128 671 296 723 μᾶλλον
328 666 471 708 ἐδόκει
508 682 549 708 τι
585 668 834 721 περαίνειν,
874 667 914 707 εἰ
944 674 1032 708 τῶν
1064 666 1262 722 ἀντέχειν
1296 666 1480 721 δυναμέ-

128 754 219 780 νων
252 737 430 786 ἕκαστος
459 736 781 792 ὑπεξαιρεθείη.
829 737 974 791 <245>
1006 739 1100 779 τότε
1127 744 1237 792 γοῦν
1267 745 1355 779 τῶν
1380 736 1481 793 περὶ

128 811 205 852 τὸν
238 808 540 863 Ἀνδρόμαχον
582 806 893 850 ἀπελαθέντων
936 810 1071 861 λόγου
1111 807 1184 850 καὶ
1223 811 1482 863 παρρησίας,

128 887 304 935 πρῶτον
336 876 416 934 μὲν
448 879 470 921 ὁ
503 879 730 933 βασιλεύς,
772 879 904 928 ὅσους
936 877 1044 936 ᾤετο
1076 881 1257 929 πιστοὺς
1284 876 1481 929 Ἀλεξάν-

131 952 242 1008 δρῳ,
286 950 496 1004 βασάνοις
534 948 764 1004 ἀνέκρινεν
801 953 846 991 εἴ
878 965 920 991 τι
958 948 1050 991 κατ’
1086 950 1222 992 αὐτοῦ
1259 947 1480 1004 τολμηθὲν

129 1022 362 1075 εἰδείησαν.
432 1023 478 1062 οἳ
521 1018 559 1061 δ’
606 1019 888 1075 ἀπέθνησκον
934 1018 1066 1062 οὐδὲν
1111 1022 1282 1076 ἔχοντες
1325 1019 1482 1074 λέγειν.

131 1093 274 1149 <246>
304 1097 363 1148 τῷ
398 1087 438 1132 δ’
475 1087 530 1144 ἧν
562 1093 811 1146 φιλονικίας
843 1095 1007 1145 αἴτιον,
1046 1092 1086 1132 εἰ
1116 1092 1173 1145 μή
1204 1107 1246 1132 τι
1277 1096 1480 1133 τοιοῦτον

130 1158 227 1206 οἷον
258 1161 424 1204 ἐνενόει
450 1169 590 1211 κακῶς
616 1162 883 1217 εὑρίσκοιτο·
924 1160 996 1203 καὶ
1029 1162 1173 1211 δεινὸς
1199 1160 1482 1216 Ἀντίπατρος

128 1231 185 1289 ἧν
227 1235 305 1276 τὸν
349 1230 430 1288 μὲν
478 1231 552 1274 ὑπ’
602 1232 736 1286 αὐτῆς
784 1239 860 1287 τῆς
910 1231 1120 1287 ἀληθείας
1170 1232 1369 1274 ἀναίτιον
1420 1232 1482 1281 εἰς

130 1304 384 1359 ἐγκράτειαν
415 1301 487 1345 καὶ
519 1305 666 1344 πίστιν
700 1303 950 1358 διαβαλεῖν,
985 1302 1301 1359 ἐπιπαροξῦναι
1333 1300 1380 1343 δὲ
1415 1304 1481 1357 ζη-

129 1383 221 1418 τεῖν
248 1374 294 1417 ἐκ
313 1376 533 1417 πλειόνων
557 1375 606 1416 τὸ
633 1373 863 1415 λανθάνον
888 1379 965 1428 τῆς
993 1373 1307 1429 ἐπιχειρήσεως.
1335 1373 1480 1427 (247)

129 1449 207 1488 καί
233 1462 298 1496 τις
330 1445 376 1487 ἐν
408 1448 588 1494 πολλοῖς
619 1452 706 1486 τῶν
732 1444 1090 1499 βασανιζομένων
1116 1442 1236 1486 εἶπεν
1263 1444 1320 1493 ὡς
1345 1444 1480 1498 εἰδείη

130 1519 208 1560 τὸν
239 1518 474 1559 νεανίσκον
506 1514 690 1569 λέγοντα
714 1516 939 1569 πολλάκις,
972 1512 1034 1558 ὅτ’
1065 1515 1380 1570 ἐπαινούμενος
1408 1514 1482 1555 αὐ-

131 1590 204 1638 τὸς
239 1588 363 1643 τύχοι
400 1588 449 1628 τό
487 1601 531 1627 τε
571 1593 694 1640 σῶμα
727 1586 785 1636 ὡς
822 1591 887 1641 εἴη
921 1584 1054 1640 μέγας
1091 1585 1162 1627 καὶ
1194 1586 1274 1639 τὴν
1306 1585 1483 1638 τοξικὴν

131 1659 337 1713 εὔστοχος
380 1655 452 1698 καὶ
496 1653 631 1698 τᾶλλα
674 1657 727 1698 τὰ
769 1658 879 1712 πρὸς
922 1656 1082 1711 ἀρετὴν
1123 1654 1233 1711 ὑπὲρ
1276 1656 1483 1708 ἅπαντας,

133 1730 199 1772 ὅτι
235 1725 355 1771 ταῦτ’
398 1727 515 1784 αὐτῷ
557 1727 666 1768 κακὰ
707 1730 875 1782 μᾶλλον
915 1728 1025 1782 ἤπερ
1067 1727 1214 1781 ἀγαθὰ
1254 1727 1371 1781 παρὰ
1408 1732 1484 1779 τῆς

82 1848 93 1858 ὁ
132 1800 306 1856 φύσεως
347 1797 482 1841 ἐστίν·
532 1797 678 1851 <248>
718 1798 938 1853 ἄχθεσθαι
980 1799 1062 1852 γὰρ
1106 1794 1170 1839 ἐπ’
1216 1798 1365 1846 αὐτοῖς
1405 1798 1483 1839 τὸν

80 1886 113 1912 25
132 1869 295 1925 πατέρα
335 1868 406 1911 καὶ
451 1873 658 1924 φθονεῖν·
709 1868 840 1918 αὐτός
882 1864 949 1923 θ’,
993 1869 1063 1910 ὅτε
1107 1866 1188 1923 μὲν
1232 1869 1319 1923 ἅμα
1363 1882 1483 1922 περι-

132 1943 310 1995 πατοιή,
355 1938 610 1982 συστέλλειν
651 1939 787 1981 αὑτὸν
825 1937 899 1981 καὶ
939 1944 1171 1995 καθαιρεῖν
1204 1939 1261 1989 ὡς
1298 1939 1355 1993 μὴ
1394 1940 1486 1992 μεί-

135 2016 219 2065 ζων
251 2012 464 2067 ὁρᾶσθαι,
502 2009 692 2060 τοξεύων
726 2007 765 2051 δ’
804 2009 851 2051 ἐν
883 2016 975 2059 τοῖς
1004 2012 1281 2064 κυνηγεσίοις
1315 2008 1485 2050 ἐκείνου

133 2085 348 2138 παρόντος
392 2081 476 2123 ἀπὸ
521 2085 689 2122 σκοποῦ
732 2079 924 2135 ῥίπτειν·
980 2081 1060 2134 τὴν
1104 2081 1187 2135 γὰρ
1231 2081 1486 2135 φιλοτιμίαν

135 2153 299 2197 εἰδέναι
341 2159 421 2194 τοῦ
465 2152 780 2205 γεγεννηκότος
822 2151 930 2192 κατὰ
980 2158 1068 2193 τῶν
1113 2151 1482 2205 εὐδοκιμούντων.

81 2240 116 2265 30
134 2225 281 2280 (249)
312 2220 637 2279 βασανιζομένῳ
670 2227 728 2278 τῷ
761 2237 806 2264 τε
838 2223 955 2280 λόγῳ
995 2220 1068 2264 καὶ
1105 2220 1484 2277 προσγιγνομένης

229 2310 248 2349 ξ
275 2308 344 2339 244
370 2304 415 2339 ef.
441 2302 533 2338 Bell.
559 2302 638 2337 Iud.
664 2302 680 2336 Ι
706 2306 761 2346 24,
789 2306 821 2338 8.
